{"gold_per_floor":[118,130,148,148,159,193,193,218,218,218,232,232,250,263,263,358,358,377,233,233,133,151,151,184,196,267,182,182,208,208,221,221,319,319,331,348,73,73,73,73],"floor_reached":40,"playtime":1910,"items_purged":["Strike_R","Strike_R","Strike_R"],"score":461,"play_id":"82573f29-90c2-4b7d-9c67-d7a691436b37","local_time":"20190213103037","is_ascension_mode":false,"campfire_choices":[{"data":"Whirlwind","floor":7.0,"key":"SMITH"},{"data":"Bash","floor":10.0,"key":"SMITH"},{"data":"True Grit","floor":15.0,"key":"SMITH"},{"data":"Rage","floor":23.0,"key":"SMITH"},{"data":"Juggernaut","floor":30.0,"key":"SMITH"},{"data":"Armaments","floor":32.0,"key":"SMITH"}],"neow_cost":"NONE","seed_source_timestamp":492659278987585,"circlet_count":0,"master_deck":["Strike_R","Strike_R","Defend_R","Defend_R","Defend_R","Defend_R","Bash+1","Inflame","Whirlwind+1","Shrug It Off+1","Twin Strike","Juggernaut+1","Evolve","Battle Trance","True Grit+1","Reaper","Flex+1","Rage+1","Ghostly","Ghostly","Ghostly+1","Ghostly+1","Ghostly","Flame Barrier","Armaments+1","Exhume","Dual Wield","Madness","Madness","Panacea"],"special_seed":0,"relics":["Burning Blood","NeowsBlessing","Lantern","Oddly Smooth Stone","PreservedInsect","Sozu","Question Card","Sundial","Peace Pipe","Mummified Hand","Happy Flower","Cursed Key","War Paint"],"potions_floor_usage":[],"damage_taken":[{"damage":0.0,"enemies":"2 Louse","floor":1.0,"turns":1.0},{"damage":0.0,"enemies":"Jaw Worm","floor":2.0,"turns":1.0},{"damage":0.0,"enemies":"Cultist","floor":3.0,"turns":1.0},{"damage":6.0,"enemies":"Exordium Wildlife","floor":5.0,"turns":2.0},{"damage":27.0,"enemies":"Gremlin Nob","floor":6.0,"turns":4.0},{"damage":10.0,"enemies":"Lagavulin","floor":8.0,"turns":7.0},{"damage":0.0,"enemies":"2 Fungi Beasts","floor":11.0,"turns":1.0},{"damage":1.0,"enemies":"Blue Slaver","floor":13.0,"turns":4.0},{"damage":0.0,"enemies":"Looter","floor":14.0,"turns":3.0},{"damage":54.0,"enemies":"Hexaghost","floor":16.0,"turns":13.0},{"damage":4.0,"enemies":"Chosen","floor":18.0,"turns":5.0},{"damage":1.0,"enemies":"Spheric Guardian","floor":22.0,"turns":6.0},{"damage":2.0,"enemies":"Slavers","floor":24.0,"turns":6.0},{"damage":1.0,"enemies":"Snecko","floor":25.0,"turns":5.0},{"damage":3.0,"enemies":"Book of Stabbing","floor":29.0,"turns":6.0},{"damage":0.0,"enemies":"3 Cultists","floor":31.0,"turns":6.0},{"damage":40.0,"enemies":"Champ","floor":33.0,"turns":15.0},{"damage":34.0,"enemies":"3 Darklings","floor":35.0,"turns":7.0},{"damage":0.0,"enemies":"Orb Walker","floor":36.0,"turns":4.0},{"damage":30,"enemies":"Nemesis","floor":40,"turns":5}],"seed_played":"-911317302965409698","potions_obtained":[{"floor":3.0,"key":"Fire Potion"},{"floor":5.0,"key":"PowerPotion"},{"floor":8.0,"key":"AttackPotion"},{"floor":11.0,"key":"Regen Potion"}],"is_trial":false,"path_per_floor":["M","M","M","?","M","E","R","E","T","R","M","?","M","M","R","B",null,"M","$","?","$","M","R","E","M","T","?","T","E","R","M","R","B",null,"M","M","$","?","?","E"],"character_chosen":"IRONCLAD","items_purchased":["Rage","War Paint"],"campfire_rested":0,"item_purchase_floors":[19,37],"current_hp_per_floor":[80,80,80,80,80,59,59,55,55,55,61,61,66,72,72,24,80,80,80,40,40,40,40,40,40,40,40,40,40,40,40,40,14,40,24,30,30,25,25,0],"gold":73,"neow_bonus":"THREE_ENEMY_KILL","is_prod":false,"is_daily":false,"chose_seed":false,"campfire_upgraded":6,"win_rate":0,"timestamp":1550021437,"path_taken":["M","M","M","?","M","E","R","E","T","R","M","?","?","M","R","BOSS","M","$","?","$","M","R","E","M","T","?","?","E","R","M","R","BOSS","M","M","$","?","?","E"],"build_version":"2019-01-23","purchased_purges":3,"victory":false,"max_hp_per_floor":[80,80,80,80,80,80,80,80,80,80,80,80,80,80,80,80,80,80,80,40,40,40,40,40,40,40,40,40,40,40,40,40,40,40,40,40,40,40,40,40],"card_choices":[{"not_picked":["Flex","Warcry"],"picked":"Inflame","floor":1.0},{"not_picked":["Armaments","Cleave"],"picked":"Whirlwind","floor":2.0},{"not_picked":["Clash","Heavy Blade"],"picked":"Shrug It Off","floor":3.0},{"not_picked":["Clash","Havoc"],"picked":"Twin Strike","floor":5.0},{"not_picked":["Iron Wave","Carnage"],"picked":"Juggernaut","floor":6.0},{"not_picked":["Reckless Charge","Heavy Blade"],"picked":"Evolve","floor":8.0},{"not_picked":["Clash","Twin Strike"],"picked":"Battle Trance","floor":11.0},{"not_picked":["Havoc","Perfected Strike","Clash"],"picked":"SKIP","floor":13.0},{"not_picked":["Twin Strike","Searing Blow"],"picked":"True Grit","floor":14.0},{"not_picked":["Barricade","Demon Form"],"picked":"Reaper","floor":16.0},{"not_picked":["Havoc+1","Thunderclap"],"picked":"Flex+1","floor":18.0},{"not_picked":["Twin Strike","Sentinel","Whirlwind"],"picked":"SKIP","floor":22.0},{"not_picked":["Inflame","Heavy Blade","Iron Wave"],"picked":"SKIP","floor":24.0},{"not_picked":["Cleave","Flex","Twin Strike"],"picked":"Flame Barrier","floor":25.0},{"not_picked":["Power Through","Shockwave","Battle Trance","Perfected Strike"],"picked":"SKIP","floor":29.0},{"not_picked":["Heavy Blade","True Grit","Immolate"],"picked":"Armaments","floor":31.0},{"not_picked":["Juggernaut","Berserk","Brutality"],"picked":"Exhume","floor":33.0},{"not_picked":["Shockwave","Power Through","Entrench"],"picked":"Dual Wield","floor":35.0},{"not_picked":["Havoc","Dropkick","Warcry","Clash"],"picked":"SKIP","floor":36.0},{"not_picked":["Thinking Ahead","Transmutation","Finesse"],"picked":"Panacea","floor":39.0}],"player_experience":199256,"relics_obtained":[{"floor":6.0,"key":"Lantern"},{"floor":8.0,"key":"Oddly Smooth Stone"},{"floor":9.0,"key":"PreservedInsect"},{"floor":24.0,"key":"Question Card"},{"floor":26.0,"key":"Sundial"},{"floor":28.0,"key":"Mummified Hand"},{"floor":29.0,"key":"Happy Flower"}],"event_choices":[{"damage_healed":0.0,"max_hp_gain":0.0,"max_hp_loss":0.0,"gold_gain":0.0,"event_name":"Liars Game","player_choice":"Ignored","floor":4.0,"gold_loss":0.0,"damage_taken":0.0},{"damage_healed":0.0,"max_hp_gain":0.0,"max_hp_loss":0.0,"gold_gain":0.0,"event_name":"Upgrade Shrine","player_choice":"Upgraded","floor":12.0,"gold_loss":0.0,"damage_taken":0.0,"cards_upgraded":["Shrug It Off"]},{"damage_healed":0.0,"max_hp_gain":0.0,"max_hp_loss":40.0,"gold_gain":0.0,"event_name":"Ghosts","player_choice":"Became a Ghost","floor":20.0,"gold_loss":0.0,"damage_taken":0.0,"cards_obtained":["Ghostly","Ghostly","Ghostly","Ghostly","Ghostly"]},{"damage_healed":0.0,"max_hp_gain":0.0,"max_hp_loss":0.0,"gold_gain":0.0,"event_name":"Addict","player_choice":"Obtained Relic","floor":27.0,"gold_loss":85.0,"damage_taken":0.0,"relics_obtained":["Peace Pipe"]},{"damage_healed":0.0,"max_hp_gain":0.0,"max_hp_loss":0.0,"gold_gain":0.0,"event_name":"Winding Halls","player_choice":"Embrace Madness","floor":38.0,"gold_loss":0.0,"damage_taken":5.0,"cards_obtained":["Madness","Madness"]},{"damage_healed":0.0,"max_hp_gain":0.0,"max_hp_loss":0.0,"gold_gain":0.0,"event_name":"SensoryStone","player_choice":"Memory 1","floor":39.0,"gold_loss":0.0,"damage_taken":0.0}],"is_beta":false,"boss_relics":[{"not_picked":["Black Blood","Astrolabe"],"picked":"Sozu"},{"not_picked":["Tiny House","Runic Cube"],"picked":"Cursed Key"}],"items_purged_floors":[19,21,37],"is_endless":false,"potions_floor_spawned":[3,5,8,11,25,29,31],"killed_by":"Nemesis","ascension_level":0}