{"gold_per_floor":[99,99,99,99,99,99,99,99,99,99,99,99,99,84,84,84,84,84,84,84,84,9,9],"floor_reached":23,"playtime":544,"items_purged":["Eviscerate+1"],"score":226,"play_id":"78a0e9db-8c58-4f6a-955a-c561fd030599","local_time":"20190221015707","is_ascension_mode":true,"campfire_choices":[{"data":"Eviscerate","floor":6,"key":"SMITH"},{"data":"Choke","floor":13,"key":"SMITH"},{"data":"Footwork","floor":15,"key":"SMITH"}],"neow_cost":"NONE","seed_source_timestamp":599611361328976,"circlet_count":0,"master_deck":["Defend_G","Defend_G","Defend_G","Defend_G","Defend_G","Strike_G","Survivor","Neutralize","Choke+1","Sucker Punch","Heel Hook","Dagger Spray","Footwork+1","Die Die Die","Corpse Explosion+1","Underhanded Strike+1","Concentrate+1","Dagger Spray+1","Caltrops+1","Leg Sweep"],"relics":["Ectoplasm","Golden Idol","Pen Nib","Astrolabe","Omamori"],"potions_floor_usage":[4,11,16,16,19,20],"damage_taken":[{"damage":0,"enemies":"Small Slimes","floor":1,"turns":5},{"damage":0,"enemies":"Cultist","floor":4,"turns":3},{"damage":0,"enemies":"2 Louse","floor":11,"turns":2},{"damage":0,"enemies":"Exordium Thugs","floor":12,"turns":4},{"damage":0,"enemies":"Looter","floor":14,"turns":2},{"damage":38,"enemies":"The Guardian","floor":16,"turns":12},{"damage":0,"enemies":"3 Byrds","floor":18,"turns":2},{"damage":14,"enemies":"Shell Parasite","floor":19,"turns":3},{"damage":12,"enemies":"Centurion and Healer","floor":20,"turns":4},{"damage":29,"enemies":"Slavers","floor":23,"turns":3}],"seed_played":"8810694918026985903","potions_obtained":[{"floor":1,"key":"AttackPotion"},{"floor":4,"key":"Dexterity Potion"},{"floor":8,"key":"GamblersBrew"},{"floor":8,"key":"SkillPotion"},{"floor":8,"key":"Explosive Potion"},{"floor":14,"key":"Energy Potion"},{"floor":18,"key":"GamblersBrew"}],"is_trial":false,"path_per_floor":["M","?","?","M","?","R","?","?","T","$","M","M","R","M","R","B",null,"M","M","M","T","$","E"],"character_chosen":"THE_SILENT","items_purchased":[],"campfire_rested":0,"item_purchase_floors":[],"current_hp_per_floor":[70,53,53,53,58,58,58,58,58,58,58,58,58,58,58,20,61,61,47,35,35,35,6],"gold":9,"neow_bonus":"BOSS_RELIC","is_prod":false,"is_daily":false,"chose_seed":false,"campfire_upgraded":3,"win_rate":0,"timestamp":1550735827,"path_taken":["M","?","?","?","?","R","?","?","T","$","M","M","R","M","R","BOSS","M","M","M","?","$","E"],"build_version":"2019-02-06","purchased_purges":1,"victory":false,"max_hp_per_floor":[70,70,70,70,75,75,75,75,75,75,75,75,75,75,75,75,75,75,75,75,75,75,75],"card_choices":[{"not_picked":["Setup","Riddle With Holes"],"picked":"Choke","floor":1},{"not_picked":["Bane","Outmaneuver"],"picked":"Sucker Punch","floor":4},{"not_picked":["Prepared","Setup"],"picked":"Heel Hook","floor":11},{"not_picked":["Eviscerate","Prepared"],"picked":"Dagger Spray","floor":12},{"not_picked":["Deadly Poison","Endless Agony"],"picked":"Footwork","floor":14},{"not_picked":["Burst","Tools of the Trade"],"picked":"Die Die Die","floor":16},{"not_picked":["Flying Knee","Outmaneuver"],"picked":"Dagger Spray+1","floor":18},{"not_picked":["Expertise","Skewer"],"picked":"Caltrops+1","floor":19},{"not_picked":["Quick Slash+1","Riddle With Holes"],"picked":"Leg Sweep","floor":20}],"player_experience":451094,"relics_obtained":[{"floor":9,"key":"Pen Nib"},{"floor":21,"key":"Omamori"}],"event_choices":[{"damage_healed":0,"gold_gain":0,"player_choice":"Take Damage","damage_taken":17,"relics_obtained":["Golden Idol"],"max_hp_gain":0,"max_hp_loss":0,"event_name":"Golden Idol","floor":2,"gold_loss":0},{"damage_healed":0,"gold_gain":0,"cards_transformed":["Strike_G"],"player_choice":"Transformed","damage_taken":0,"max_hp_gain":0,"max_hp_loss":0,"event_name":"Transmorgrifier","floor":3,"gold_loss":0,"cards_obtained":["Eviscerate"]},{"damage_healed":0,"gold_gain":0,"player_choice":"Donut","damage_taken":0,"max_hp_gain":5,"max_hp_loss":0,"event_name":"Big Fish","floor":5,"gold_loss":0},{"damage_healed":0,"gold_gain":0,"player_choice":"Ignored","damage_taken":0,"max_hp_gain":0,"max_hp_loss":0,"event_name":"Liars Game","floor":7,"gold_loss":0},{"damage_healed":0,"gold_gain":0,"player_choice":"Got Potions","damage_taken":0,"max_hp_gain":0,"max_hp_loss":0,"event_name":"Lab","floor":8,"gold_loss":0}],"is_beta":true,"boss_relics":[{"not_picked":["Empty Cage","WristBlade"],"picked":"Astrolabe"}],"items_purged_floors":[22],"is_endless":false,"potions_floor_spawned":[1,4,14,18],"killed_by":"Slavers","ascension_level":5}