{"gold_per_floor":[118,118,118,118,118,156,156,171,171,2,26,50,86,105,105,235,235,251,251,176,33,46,82,82],"floor_reached":24,"playtime":769,"items_purged":["Strike_G","Strike_G"],"score":249,"play_id":"4859be49-ac43-4963-8c82-641c26f75449","local_time":"20181110181159","is_ascension_mode":false,"campfire_choices":[{"data":"Cloak And Dagger","floor":7,"key":"SMITH"},{"data":"Distraction","floor":15,"key":"SMITH"}],"neow_cost":"NONE","seed_source_timestamp":2641704622248603,"circlet_count":0,"master_deck":["Defend_G+1","Defend_G","Defend_G","Defend_G","Defend_G","Strike_G+1","Survivor","Neutralize","Terror+1","Cloak And Dagger+1","Unload","Predator","Distraction+1","Sucker Punch","Accuracy","Accuracy","Burst","Slice","Infinite Blades","Poisoned Stab","Flying Knee+1","Leg Sweep"],"relics":["Ring of the Snake","NeowsBlessing","Golden Idol","Smiling Mask","Matryoshka","Shuriken","Eternal Feather","Letter Opener"],"potions_floor_usage":[12,16,22,23],"damage_taken":[{"damage":0,"enemies":"Small Slimes","floor":1,"turns":1},{"damage":0,"enemies":"3 Sentries","floor":6,"turns":2},{"damage":0,"enemies":"2 Louse","floor":8,"turns":1},{"damage":0,"enemies":"Jaw Worm","floor":11,"turns":2},{"damage":0,"enemies":"Large Slime","floor":12,"turns":2},{"damage":4,"enemies":"Gremlin Nob","floor":13,"turns":3},{"damage":0,"enemies":"2 Fungi Beasts","floor":14,"turns":4},{"damage":20,"enemies":"Slime Boss","floor":16,"turns":7},{"damage":15,"enemies":"Chosen","floor":18,"turns":5},{"damage":10,"enemies":"2 Thieves","floor":22,"turns":3},{"damage":54,"enemies":"Slavers","floor":23,"turns":6},{"damage":15,"enemies":"Shelled Parasite and Fungi","floor":24,"turns":4}],"seed_played":"-8086790277602916859","potions_obtained":[{"floor":1,"key":"Energy Potion"},{"floor":11,"key":"AttackPotion"},{"floor":13,"key":"SteroidPotion"},{"floor":14,"key":"FairyPotion"},{"floor":22,"key":"Explosive Potion"}],"is_trial":false,"path_per_floor":["M","?","?","?","?","E","R","M","T","$","M","M","E","M","R","B",null,"M","?","?","$","M","E","M"],"character_chosen":"THE_SILENT","items_purchased":["Predator","Distraction","Infinite Blades","Poisoned Stab"],"campfire_rested":0,"item_purchase_floors":[10,10,21,21],"current_hp_per_floor":[70,70,53,46,32,32,32,32,32,32,32,32,28,28,28,8,70,55,55,55,55,45,7,0],"gold":82,"neow_bonus":"THREE_ENEMY_KILL","is_prod":false,"is_daily":false,"chose_seed":false,"campfire_upgraded":2,"win_rate":0,"timestamp":1541895119,"path_taken":["M","?","?","?","?","E","R","?","T","$","M","M","E","M","R","BOSS","M","?","?","?","M","E","M"],"build_version":"2018-11-08","purchased_purges":2,"victory":false,"max_hp_per_floor":[70,70,70,70,70,70,70,70,70,70,70,70,70,70,70,70,70,70,70,70,70,70,70,70],"card_choices":[{"not_picked":["Distraction","Acrobatics"],"picked":"Terror","floor":1},{"not_picked":["Dash","Quick Slash"],"picked":"Cloak And Dagger","floor":6},{"not_picked":["Backflip","Terror"],"picked":"Unload","floor":8},{"not_picked":["Crippling Poison","Noxious Fumes","Caltrops"],"picked":"SKIP","floor":11},{"not_picked":["Calculated Gamble","Reflex"],"picked":"Sucker Punch","floor":12},{"not_picked":["Flechettes","Concentrate"],"picked":"Accuracy","floor":13},{"not_picked":["PiercingWail","Bane"],"picked":"Accuracy","floor":14},{"not_picked":["Die Die Die","Glass Knife"],"picked":"Burst","floor":16},{"not_picked":["Deadly Poison","Outmaneuver"],"picked":"Slice","floor":18},{"not_picked":["Backflip","Outmaneuver+1"],"picked":"Flying Knee+1","floor":22},{"not_picked":["Terror","Prepared"],"picked":"Leg Sweep","floor":23}],"player_experience":235573,"relics_obtained":[{"floor":6,"key":"Smiling Mask"},{"floor":9,"key":"Matryoshka"},{"floor":13,"key":"Shuriken"},{"floor":23,"key":"Letter Opener"}],"event_choices":[{"damage_healed":0,"gold_gain":0,"player_choice":"Grow","damage_taken":0,"max_hp_gain":0,"max_hp_loss":0,"event_name":"Living Wall","floor":2,"gold_loss":0,"cards_upgraded":["Terror"]},{"damage_healed":0,"gold_gain":0,"player_choice":"Take Damage","damage_taken":17,"relics_obtained":["Golden Idol"],"max_hp_gain":0,"max_hp_loss":0,"event_name":"Golden Idol","floor":3,"gold_loss":0},{"cards_removed":["Strike_G"],"damage_healed":0,"gold_gain":0,"player_choice":"Card Removal","damage_taken":7,"max_hp_gain":0,"max_hp_loss":0,"event_name":"Golden Wing","floor":4,"gold_loss":0},{"damage_healed":0,"gold_gain":0,"player_choice":"Entered Light","damage_taken":14,"max_hp_gain":0,"max_hp_loss":0,"event_name":"Shining Light","floor":5,"gold_loss":0,"cards_upgraded":["Defend_G","Strike_G"]},{"damage_healed":0,"gold_gain":0,"player_choice":"Ignored","damage_taken":0,"max_hp_gain":0,"max_hp_loss":0,"event_name":"Ghosts","floor":19,"gold_loss":0},{"cards_removed":["Strike_G"],"damage_healed":0,"gold_gain":0,"player_choice":"Gave Gold","damage_taken":0,"max_hp_gain":0,"max_hp_loss":0,"event_name":"Beggar","floor":20,"gold_loss":75}],"is_beta":true,"boss_relics":[{"not_picked":["Calling Bell","Cursed Key"],"picked":"Eternal Feather"}],"items_purged_floors":[10,21],"is_endless":false,"potions_floor_spawned":[1,11,13,14,22],"killed_by":"Shelled Parasite and Fungi","ascension_level":0}