{"path_per_floor":["M","?","?","M","?","R","?","R","T","R","E","M","$","M","R","B",null,"M","?","?","M","?","R","?","M","T","M","R","M","R"],"character_chosen":"IRONCLAD","items_purchased":["Flame Barrier"],"gold_per_floor":[115,115,115,134,134,134,134,134,161,161,194,210,57,75,75,178,178,189,189,189,208,123,123,123,123,148,163,163,179,179,179],"floor_reached":31,"campfire_rested":3,"playtime":1772,"item_purchase_floors":[13],"current_hp_per_floor":[80,73,55,40,40,40,24,24,24,48,34,30,30,30,30,4,82,46,30,30,27,27,69,69,69,69,9,53,22,22,0],"items_purged":["Strike_R"],"gold":179,"score":256,"play_id":"874b80ad-3679-4c87-aefc-cbbdf7f2b51d","local_time":"20180605131633","is_prod":false,"is_daily":false,"chose_seed":false,"is_ascension_mode":true,"campfire_upgraded":4,"win_rate":0,"timestamp":1528197393,"campfire_choices":[{"data":"Metallicize","floor":6,"key":"SMITH"},{"data":"Spot Weakness","floor":8,"key":"SMITH"},{"floor":10,"key":"REST"},{"data":"Metallicize","floor":15,"key":"SMITH"},{"floor":23,"key":"REST"},{"floor":28,"key":"REST"},{"data":"Entrench","floor":30,"key":"SMITH"}],"path_taken":["M","?","?","?","?","R","?","R","T","R","E","M","$","M","R","BOSS","M","?","?","M","?","R","?","M","T","M","R","M","R","M"],"build_version":"2018-06-04v2","seed_source_timestamp":4824632458657,"purchased_purges":1,"victory":false,"master_deck":["Strike_R","Strike_R","Strike_R","Defend_R+1","Defend_R","Defend_R+1","Bash","Metallicize+1","Metallicize+1","Flame Barrier","Twin Strike","Juggernaut+1","Clumsy","Flame Barrier","Spot Weakness","RitualDagger","Battle Trance","Entrench+1"],"max_hp_per_floor":[80,80,80,80,80,80,80,80,80,80,82,82,82,82,82,82,82,84,89,89,91,91,91,91,91,91,91,93,93,93,93],"relics":["Lizard Tail","Singing Bowl","Omamori","Gremlin Horn","Calling Bell","Regal Pillow","Blue Candle","Unceasing Top","Dream Catcher","Vajra"],"card_choices":[{"not_picked":["Dropkick","Havoc"],"picked":"Metallicize","floor":1},{"not_picked":["Blood for Blood","Pommel Strike"],"picked":"Spot Weakness","floor":4},{"not_picked":["Evolve","Rage","Rampage"],"picked":"Singing Bowl","floor":11},{"not_picked":["Pommel Strike","Juggernaut"],"picked":"Metallicize","floor":12},{"not_picked":["Perfected Strike","Reckless Charge"],"picked":"Twin Strike","floor":14},{"not_picked":["Offering","Fiend Fire"],"picked":"Juggernaut","floor":16},{"not_picked":["Heavy Blade","Clash+1","True Grit"],"picked":"Singing Bowl","floor":18},{"not_picked":["Clash","Reckless Charge","Seeing Red"],"picked":"Singing Bowl","floor":21},{"not_picked":["Corruption+1","Flex"],"picked":"Flame Barrier","floor":23},{"not_picked":["Warcry+1","Clothesline"],"picked":"Battle Trance","floor":27},{"not_picked":["Second Wind","Flame Barrier","Searing Blow"],"picked":"Singing Bowl","floor":28},{"not_picked":["Havoc+1","Shrug It Off"],"picked":"Entrench","floor":29}],"player_experience":128274,"potions_floor_usage":[4,16,16,25,31],"damage_taken":[{"damage":0,"enemies":"Small Slimes","floor":1,"turns":3},{"damage":15,"enemies":"Jaw Worm","floor":4,"turns":6},{"damage":16,"enemies":"3 Sentries","floor":11,"turns":8},{"damage":4,"enemies":"2 Louse","floor":12,"turns":4},{"damage":0,"enemies":"2 Fungi Beasts","floor":14,"turns":4},{"damage":80,"enemies":"Slime Boss","floor":16,"turns":23},{"damage":38,"enemies":"3 Byrds","floor":18,"turns":5},{"damage":5,"enemies":"Spheric Guardian","floor":21,"turns":6},{"damage":0,"enemies":"Cultist and Chosen","floor":25,"turns":2},{"damage":60,"enemies":"3 Cultists","floor":27,"turns":6},{"damage":31,"enemies":"Snake Plant","floor":29,"turns":7},{"damage":26,"enemies":"Slaver and Parasite","floor":31,"turns":2}],"relics_obtained":[{"floor":9,"key":"Omamori"},{"floor":11,"key":"Gremlin Horn"},{"floor":17,"key":"Regal Pillow"},{"floor":17,"key":"Blue Candle"},{"floor":17,"key":"Unceasing Top"},{"floor":26,"key":"Vajra"}],"event_choices":[{"event_name":"Golden Wing","player_choice":"Card Removal","floor":2,"damage_taken":0},{"event_name":"Scrap Ooze","player_choice":"success","floor":3,"damage_taken":18},{"event_name":"Living Wall","player_choice":"Forget","floor":5,"damage_taken":0},{"event_name":"Shining Light","player_choice":"Entered Light","floor":7,"damage_taken":0},{"event_name":"Forgotten Altar","player_choice":"Shed Blood","floor":19,"damage_taken":0},{"event_name":"Upgrade Shrine","player_choice":"Upgraded","floor":20,"damage_taken":0},{"event_name":"Addict","player_choice":"Obtained Relic","floor":22,"damage_taken":0},{"event_name":"Nest","player_choice":"Joined the Cult","floor":24,"damage_taken":0}],"boss_relics":[{"not_picked":["Philosopher\u0027s Stone","White Beast Statue"],"picked":"Calling Bell"}],"items_purged_floors":[13],"potions_floor_spawned":[1,12,14,18,29],"seed_played":"-4570182680110284261","killed_by":"Slaver and Parasite","ascension_level":2,"potions_obtained":[{"floor":1,"key":"FearPotion"},{"floor":12,"key":"Strength Potion"},{"floor":14,"key":"Weak Potion"},{"floor":18,"key":"SmokeBomb"},{"floor":29,"key":"Fire Potion"}],"is_trial":false}