{"path_per_floor":["M","$","?","M","$","E","?","M","T","$","?","M","?","E","R","B",null,"M","$","?","M","?","R","M","R","T","T","M","M","R"],"character_chosen":"IRONCLAD","items_purchased":["Flame Barrier","Flex","Sever Soul","Heavy Blade","Flex","Trip"],"gold_per_floor":[117,44,44,64,18,47,47,62,112,18,18,37,37,71,71,175,175,148,33,33,48,48,48,68,68,68,93,105,121,121],"floor_reached":31,"campfire_rested":3,"playtime":2304,"current_hp_per_floor":[80,80,80,80,80,74,74,80,80,80,80,76,76,63,87,17,87,80,80,60,37,37,37,18,38,38,38,26,9,29],"items_purged":[],"gold":121,"score":269,"play_id":"f12e1d6f-4f3d-4ce0-be59-e3541bf8dd32","local_time":"20180305213130","is_prod":false,"is_daily":false,"is_ascension_mode":false,"campfire_upgraded":1,"timestamp":1520281890,"path_taken":["M","$","?","M","$","E","?","M","T","$","?","?","?","E","R","BOSS","M","$","?","M","?","R","?","R","T","?","M","M","R","E"],"build_version":"2018-03-01-PROD1","purchased_purges":0,"victory":false,"master_deck":["Defend_R","Defend_R","Defend_R","Bash","Impervious","Armaments+1","Flame Barrier","Shockwave","Flex","Pommel Strike","Cleave","Sever Soul","Heavy Blade","Perfected Strike","Rage","Feed+1","Rage+1","Headbutt+1","Reaper+1","Carnage","Flex","Trip","Bite","Bite","Bite","Bite","Bite","Whirlwind","Writhe","Shrug It Off","Double Tap","Body Slam"],"max_hp_per_floor":[80,80,87,87,87,87,87,87,87,87,87,87,87,87,87,87,87,87,87,60,63,63,63,67,67,67,67,67,67,67],"relics":["Burning Blood","Strawberry","Peace Pipe","Ancient Tea Set","Orichalcum","Astrolabe","Bag of Preparation","Vajra","Pen Nib"],"card_choices":[{"not_picked":["Sword Boomerang","True Grit"],"picked":"Armaments"},{"not_picked":["Heavy Blade","Corruption"],"picked":"Shockwave"},{"not_picked":["Warcry","Hemokinesis"],"picked":"Pommel Strike"},{"not_picked":["True Grit","Heavy Blade"],"picked":"Cleave"},{"not_picked":["Intimidate","Entrench"],"picked":"Perfected Strike"},{"not_picked":["Corruption","Uppercut"],"picked":"Rage"},{"not_picked":["Demon Form","Reaper"],"picked":"Feed"},{"not_picked":["Cleave","Flex"],"picked":"Carnage"},{"not_picked":["Pommel Strike","Flex"],"picked":"Whirlwind"},{"not_picked":["Cleave","Headbutt"],"picked":"Shrug It Off"},{"not_picked":["Shockwave","Ghostly Armor"],"picked":"Double Tap"},{"not_picked":["Second Wind","Armaments"],"picked":"Body Slam"}],"player_experience":14767,"potions_floor_usage":[18,28,29],"damage_taken":[{"damage":6.0,"enemies":"Cultist","floor":1.0,"turns":3.0},{"damage":6.0,"enemies":"2 Louse","floor":4.0,"turns":3.0},{"damage":12.0,"enemies":"Gremlin Nob","floor":6.0,"turns":5.0},{"damage":0.0,"enemies":"Jaw Worm","floor":8.0,"turns":5.0},{"damage":10.0,"enemies":"Looter","floor":12.0,"turns":3.0},{"damage":31.0,"enemies":"Lagavulin","floor":14.0,"turns":6.0},{"damage":76.0,"enemies":"Hexaghost","floor":16.0,"turns":13.0},{"damage":25,"enemies":"2 Thieves","floor":18,"turns":5},{"damage":34,"enemies":"Spheric Guardian","floor":21,"turns":6},{"damage":35,"enemies":"Slaver and Parasite","floor":24,"turns":6},{"damage":37,"enemies":"Centurion and Healer","floor":28,"turns":7},{"damage":34,"enemies":"Snake Plant","floor":29,"turns":6},{"damage":53,"enemies":"Book of Stabbing","floor":31,"turns":7}],"event_choices":[{"event_name":"Scrap Ooze","player_choice":"success","floor":3.0,"damage_taken":7.0},{"event_name":"The Cleric","player_choice":"Leave","floor":7.0,"damage_taken":0.0},{"event_name":"Purifier","player_choice":"One Purge","floor":11.0,"damage_taken":0.0},{"event_name":"Living Wall","player_choice":"Grow","floor":13.0,"damage_taken":0.0},{"event_name":"Vampires","player_choice":"Became a vampire","floor":20,"damage_taken":0},{"event_name":"The Mausoleum","player_choice":"Yes","floor":22,"damage_taken":0}],"boss_relics":[{"not_picked":["Runic Cube","White Beast Statue"],"picked":"Astrolabe"}],"potions_floor_spawned":[4,8,12,16,18,24],"seed_played":"4976612894464175053","killed_by":"Book of Stabbing","ascension_level":0,"is_trial":false}