{"path_per_floor":["M","?","?","$","M","R","M","M","T","E","R","?","R","?","R","B",null,"M","?","$","M","?","E","R","E","T","E","M","E","?","$","R","B",null,"M","?","?","$","M","E","M","T","T","E","M","?","R","E","R","B"],"character_chosen":"THE_SILENT","items_purchased":["Mind Blast","Footwork","Dodge and Roll","Dream Catcher","Endless Agony","Footwork","Bandage Up","Bag of Marbles","Infinite Blades"],"gold_per_floor":[114,114,114,14,29,29,44,59,59,89,89,89,89,89,89,189,189,204,204,89,104,104,134,134,164,239,299,314,344,344,137,137,237,237,252,252,252,24,39,69,84,109,134,164,179,179,179,209,209,209],"floor_reached":51,"campfire_rested":5,"playtime":1137,"item_purchase_floors":[4,20,20,31,31,31,38,38,38],"current_hp_per_floor":[70,70,70,70,70,70,70,70,70,70,70,70,70,63,70,49,70,70,57,57,57,57,57,75,75,75,75,75,75,75,75,75,75,75,72,62,62,62,68,70,72,72,72,74,75,75,75,75,75,75],"items_purged":[],"gold":209,"score":1557,"play_id":"82286eb5-7c97-4f07-a5d8-a15c13d6090f","local_time":"20180519212619","daily_mods":["Insanity","Elite Swarm","Hoarder"],"is_prod":false,"is_daily":true,"chose_seed":false,"is_ascension_mode":false,"campfire_upgraded":3,"timestamp":1526757979,"campfire_choices":[{"data":"Mind Blast","floor":6,"key":"SMITH"},{"data":"Mind Blast","floor":11,"key":"SMITH"},{"data":"Bullet Time","floor":13,"key":"SMITH"},{"floor":15,"key":"REST"},{"floor":24,"key":"REST"},{"floor":32,"key":"REST"},{"floor":47,"key":"REST"},{"floor":49,"key":"REST"}],"path_taken":["M","?","?","$","M","R","M","M","T","E","R","?","R","?","R","BOSS","M","?","$","?","?","E","R","E","T","E","?","E","?","$","R","BOSS","M","?","?","$","M","E","M","?","T","E","M","?","R","E","R","BOSS"],"build_version":"2018-05-18","seed_source_timestamp":0,"purchased_purges":0,"victory":true,"master_deck":["PiercingWail","Dagger Throw","Die Die Die","Defend_G","Deadly Poison","Distraction","Corpse Explosion","Escape Plan","Flechettes","Dodge and Roll","Envenom","Choke","Acrobatics","Concentrate","Predator","Phantasmal Killer","Masterful Stab","Acrobatics","Bullet Time+1","Dagger Spray","Finisher","Venomology","Eviscerate","Corpse Explosion","Venomology","Poisoned Stab","Underhanded Strike","Backflip","Envenom","Venomology","Burst","Storm of Steel","Endless Agony","Die Die Die","Quick Slash","Terror","Underhanded Strike","Quick Slash","Concentrate","Catalyst","A Thousand Cuts","Outmaneuver","Outmaneuver","PiercingWail","Dodge and Roll","Slice","Doppelganger","Acrobatics","A Thousand Cuts","Doppelganger","Doppelganger","Doppelganger","Mind Blast+1","Mind Blast+1","Mind Blast+1","Backstab","Backstab","Backstab","Storm of Steel","Storm of Steel","Storm of Steel","Blur","Blur","Blur","Footwork","Footwork","Footwork","Dodge and Roll","Dodge and Roll","Dodge and Roll","PiercingWail","PiercingWail","PiercingWail","Doppelganger","Doppelganger","Doppelganger","Bullet Time","Bullet Time","Bullet Time","Venomology","Venomology","Venomology","Blade Dance","Blade Dance","Blade Dance","Die Die Die","Die Die Die","Die Die Die","Endless Agony","Endless Agony","Endless Agony","Footwork","Footwork","Footwork","Escape Plan","Escape Plan","Escape Plan","Adrenaline","Adrenaline","Adrenaline","Escape Plan+1","Escape Plan+1","Escape Plan+1","Bandage Up","Bandage Up","Bandage Up","Master of Strategy","Master of Strategy","Master of Strategy","Jack Of All Trades","Jack Of All Trades","Jack Of All Trades","Bandage Up","Bandage Up","Bandage Up","Infinite Blades","Infinite Blades","Infinite Blades","Caltrops+1","Caltrops+1","Caltrops+1","A Thousand Cuts","A Thousand Cuts","A Thousand Cuts","Escape Plan","Escape Plan","Escape Plan","Parasite","Parasite","Parasite","After Image","After Image","After Image","Acrobatics+1","Acrobatics+1","Acrobatics+1","Backflip","Backflip","Backflip","Adrenaline","Adrenaline","Adrenaline","Skewer+1","Skewer+1","Skewer+1"],"max_hp_per_floor":[70,70,70,70,70,70,70,70,70,70,70,70,70,70,70,70,70,70,75,75,75,75,75,75,75,75,75,75,75,75,75,75,75,75,75,75,75,75,75,75,75,75,75,75,75,75,75,75,75,75],"relics":["Ring of the Snake","Ginger","Bag of Preparation","Omamori","Cursed Key","Art of War","The Courier","Tiny Chest","Blood Vial","Nloth\u0027s Gift","Dream Catcher","Black Star","Bag of Marbles","Anchor","Regal Pillow","Happy Flower","Pen Nib","Ornamental Fan","Ninja Scroll","Juzu Bracelet","Vajra"],"card_choices":[{"not_picked":["Quick Slash","Deadly Poison","Malaise"],"picked":"SKIP","floor":1},{"not_picked":["Eviscerate","Crippling Poison"],"picked":"Backstab","floor":5},{"not_picked":["Setup","Endless Agony","Flechettes"],"picked":"SKIP","floor":7},{"not_picked":["Flying Knee","Dodge and Roll","Expertise"],"picked":"SKIP","floor":8},{"not_picked":["Tools of the Trade","Night Terror","Venomology"],"picked":"SKIP","floor":10},{"not_picked":["Grand Finale","Burst"],"picked":"Storm of Steel","floor":16},{"not_picked":["Catalyst","Acrobatics+1"],"picked":"Blur","floor":18},{"not_picked":["Accuracy+1","Prepared"],"picked":"PiercingWail","floor":21},{"not_picked":["Corpse Explosion","Wraith Form v2"],"picked":"Doppelganger","floor":23},{"not_picked":["Envenom","Unload"],"picked":"Bullet Time","floor":25},{"not_picked":["Night Terror","Grand Finale"],"picked":"Venomology","floor":27},{"not_picked":["Outmaneuver","Prepared"],"picked":"Blade Dance","floor":28},{"not_picked":["Unload","A Thousand Cuts"],"picked":"Die Die Die","floor":29},{"not_picked":["Dash","Outmaneuver+1"],"picked":"Escape Plan","floor":32},{"not_picked":["Night Terror","Wraith Form v2"],"picked":"Adrenaline","floor":33},{"not_picked":["Deflect+1","Flying Knee+1"],"picked":"Escape Plan+1","floor":35},{"not_picked":["Dark Shackles","Apotheosis"],"picked":"Bandage Up","floor":36},{"not_picked":["Transmutation","Swift Strike"],"picked":"Master of Strategy","floor":36},{"not_picked":["Flash of Steel","Magnetism"],"picked":"Jack Of All Trades","floor":36},{"not_picked":["Backflip+1","Bouncing Flask"],"picked":"Caltrops+1","floor":39},{"not_picked":["Die Die Die","Envenom"],"picked":"A Thousand Cuts","floor":40},{"not_picked":["Dodge and Roll","Glass Knife"],"picked":"Escape Plan","floor":41},{"not_picked":["Night Terror","Unload"],"picked":"After Image","floor":44},{"not_picked":["Bane+1","Sucker Punch"],"picked":"Acrobatics+1","floor":45},{"not_picked":["Cloak And Dagger+1","Dagger Spray"],"picked":"Backflip","floor":47},{"not_picked":["Unload","Storm of Steel"],"picked":"Adrenaline","floor":48},{"not_picked":["Backflip","Calculated Gamble"],"picked":"Skewer+1","floor":49}],"player_experience":81487,"potions_floor_usage":[16],"damage_taken":[{"damage":0,"enemies":"Jaw Worm","floor":1,"turns":1},{"damage":0,"enemies":"Cultist","floor":5,"turns":3},{"damage":0,"enemies":"2 Louse","floor":7,"turns":1},{"damage":0,"enemies":"Looter","floor":8,"turns":1},{"damage":0,"enemies":"Gremlin Nob","floor":10,"turns":1},{"damage":21,"enemies":"The Guardian","floor":16,"turns":4},{"damage":0,"enemies":"3 Byrds","floor":18,"turns":1},{"damage":0,"enemies":"Shell Parasite","floor":21,"turns":1},{"damage":0,"enemies":"Book of Stabbing","floor":23,"turns":1},{"damage":0,"enemies":"Slavers","floor":25,"turns":1},{"damage":0,"enemies":"Book of Stabbing","floor":27,"turns":1},{"damage":0,"enemies":"Cultist and Chosen","floor":28,"turns":1},{"damage":0,"enemies":"Gremlin Leader","floor":29,"turns":1},{"damage":0,"enemies":"Collector","floor":33,"turns":1},{"damage":3,"enemies":"3 Shapes","floor":35,"turns":1},{"damage":0,"enemies":"3 Darklings","floor":39,"turns":1},{"damage":0,"enemies":"Giant Head","floor":40,"turns":1},{"damage":0,"enemies":"Spire Growth","floor":41,"turns":1},{"damage":0,"enemies":"2 Orb Walkers","floor":44,"turns":1},{"damage":0,"enemies":"Maw","floor":45,"turns":1},{"damage":0,"enemies":"Giant Head","floor":48,"turns":1},{"damage":0,"enemies":"Donu and Deca","floor":50,"turns":1}],"relics_obtained":[{"floor":9,"key":"Ginger"},{"floor":10,"key":"Bag of Preparation"},{"floor":23,"key":"Art of War"},{"floor":25,"key":"Girya"},{"floor":26,"key":"The Courier"},{"floor":27,"key":"Tiny Chest"},{"floor":29,"key":"Blood Vial"},{"floor":40,"key":"Anchor"},{"floor":40,"key":"Regal Pillow"},{"floor":42,"key":"Happy Flower"},{"floor":43,"key":"Pen Nib"},{"floor":44,"key":"Ornamental Fan"},{"floor":44,"key":"Ninja Scroll"},{"floor":48,"key":"Juzu Bracelet"},{"floor":48,"key":"Vajra"}],"event_choices":[{"event_name":"Match and Keep!","player_choice":"1 cards matched","floor":2,"damage_taken":0},{"event_name":"The Cleric","player_choice":"Leave","floor":3,"damage_taken":0},{"event_name":"Living Wall","player_choice":"Grow","floor":12,"damage_taken":0},{"event_name":"Scrap Ooze","player_choice":"success","floor":14,"damage_taken":7},{"event_name":"Forgotten Altar","player_choice":"Shed Blood","floor":19,"damage_taken":0},{"event_name":"Addict","player_choice":"Ignored","floor":22,"damage_taken":0},{"event_name":"N\u0027loth","player_choice":"Traded a Girya","floor":30,"damage_taken":0},{"event_name":"SensoryStone","player_choice":"Memory 3","floor":36,"damage_taken":0},{"event_name":"Tomb of Lord Red Mask","player_choice":"Ignored","floor":37,"damage_taken":0}],"boss_relics":[{"not_picked":["Orrery","Runic Pyramid"],"picked":"Cursed Key"},{"not_picked":["Runic Dome","Philosopher\u0027s Stone"],"picked":"Black Star"}],"items_purged_floors":[],"potions_floor_spawned":[7,16,21,25,27,28,33,39,41,45,48],"seed_played":"6445733851031675108","ascension_level":0,"potions_obtained":[{"floor":7,"key":"Strength Potion"},{"floor":16,"key":"Swift Potion"},{"floor":25,"key":"GhostInAJar"},{"floor":48,"key":"Fire Potion"}],"is_trial":false}