{"gold_per_floor":[13,29,29,304,315,371,371,385,454,359,375,375,398,418,418,557,557,586,586,616,649,350,387,412,105,105,105,105,132,156,208,208,318,318,336,357,381,404,62,62,100,152,177,217,92,130,150,213,213,218],"floor_reached":51,"playtime":5271,"items_purged":["Regret","Slimebound:Icky","Injury"],"score":950,"play_id":"08f9d4e5-566a-4d4d-b48c-c61c445b5cf8","local_time":"20190625162809","is_ascension_mode":true,"campfire_choices":[{"data":"animator:Priestess","floor":7,"key":"SMITH"},{"data":"animator:YunYun","floor":12,"key":"SMITH"},{"data":"animator:GuildGirl","floor":15,"key":"SMITH"},{"data":"animator:GoblinSlayer","floor":28,"key":"SMITH"},{"data":"animator:Hitei","floor":32,"key":"SMITH"},{"data":"animator:Saitama","floor":40,"key":"SMITH"},{"data":"animator:Melzalgald","floor":49,"key":"SMITH"}],"neow_cost":"NO_GOLD","seed_source_timestamp":1168607328497507,"circlet_count":0,"master_deck":["animator:Strike_GoblinSlayer","animator:Defend_GoblinSlayer","animator:Priestess+1","animator:DwarfShaman+1","animator:CowGirl","animator:Spearman","animator:Defend_OwariNoSeraph","animator:Defend_FullmetalAlchemist","animator:Defend_Fate","animator:Strike_AccelWorld","animator:Strike_Kancolle","animator:Strike_GoblinSlayer+1","animator:YunYun+1","animator:SwordMaiden","animator:GuildGirl+1","animator:GoblinSlayer+1","animator:LizardPriest","animator:Witch+1","animator:Hitei+1","animator:Scar","animator:Benimaru+1","animator:DwarfShaman","animator:Eris","animator:Witch+1","animator:CowGirl+1","animator:Kyubey","animator:Saitama+1","animator:Ara","animator:MaesHughes","animator:Melzalgald+1","animator:Elsword","animator:Ainz"],"relics":["animator:LivingPicture","animator:PurgingStone_Cards","animator:TheMissingPiece","StoneCalendar","Tiny Chest","animator:AlchemistGlove","Cursed Key","Art of War","animator:HeavyHalberd","Lantern","Toolbox","Meat on the Bone","Torii","Busted Crown","Mercury Hourglass","Incense Burner","animator:WornHelmet","Ginger","The Courier","CatCart"],"potions_floor_usage":[6,16,31,50,50,50],"damage_taken":[{"damage":1,"enemies":"Cultist","floor":1,"turns":4},{"damage":6,"enemies":"Small Slimes","floor":2,"turns":3},{"damage":2,"enemies":"Jaw Worm","floor":5,"turns":4},{"damage":36,"enemies":"Gremlin Nob","floor":6,"turns":5},{"damage":2,"enemies":"Looter","floor":8,"turns":5},{"damage":3,"enemies":"Exordium Wildlife","floor":11,"turns":5},{"damage":16,"enemies":"Large Slime","floor":13,"turns":6},{"damage":0,"enemies":"Lots of Slimes","floor":14,"turns":1},{"damage":2,"enemies":"Slime Boss","floor":16,"turns":7},{"damage":2,"enemies":"Chosen","floor":18,"turns":4},{"damage":0,"enemies":"Spheric Guardian","floor":20,"turns":3},{"damage":0,"enemies":"3 Cultists","floor":21,"turns":4},{"damage":28,"enemies":"Gremlin Leader","floor":23,"turns":6},{"damage":24,"enemies":"Shelled Parasite and Fungi","floor":29,"turns":4},{"damage":0,"enemies":"Snecko","floor":30,"turns":3},{"damage":15,"enemies":"Slavers","floor":31,"turns":5},{"damage":36,"enemies":"Automaton","floor":33,"turns":9},{"damage":8,"enemies":"3 Shapes","floor":35,"turns":3},{"damage":1,"enemies":"Orb Walker","floor":36,"turns":3},{"damage":6,"enemies":"Sphere and 2 Shapes","floor":37,"turns":3},{"damage":0,"enemies":"Spire Growth","floor":38,"turns":4},{"damage":2,"enemies":"Reptomancer","floor":41,"turns":5},{"damage":12,"enemies":"2 Orb Walkers","floor":42,"turns":3},{"damage":0,"enemies":"Giant Head","floor":44,"turns":5},{"damage":0,"enemies":"Reptomancer","floor":46,"turns":5},{"damage":0,"enemies":"4 Shapes","floor":47,"turns":3},{"damage":19,"enemies":"Orin","floor":48,"turns":6},{"damage":24,"enemies":"Donu and Deca","floor":50,"turns":7}],"seed_played":"3055651508246565995","potions_obtained":[{"floor":1,"key":"Dexterity Potion"},{"floor":5,"key":"EssenceOfSteel"},{"floor":13,"key":"Dexterity Potion"},{"floor":14,"key":"PowerPotion"},{"floor":29,"key":"SkillPotion"},{"floor":30,"key":"Strength Potion"},{"floor":33,"key":"SkillPotion"}],"is_trial":false,"path_per_floor":["M","M","?","?","M","E","R","M","T","?","M","R","M","M","R","B",null,"M","?","M","M","$","E","T","$","T","?","R","M","M","E","R","B",null,"M","M","M","M","$","R","E","?","T","E","$","E","M","?","R","B",null],"character_chosen":"THE_ANIMATOR","items_purchased":["animator:Hitei","Art of War","Toolbox","animator:Kyubey","animator:Saitama"],"campfire_rested":0,"item_purchase_floors":[22,22,25,39,39],"current_hp_per_floor":[71,65,65,65,66,33,33,31,31,31,33,33,23,23,23,21,71,71,58,60,63,63,35,35,35,35,35,35,23,38,40,40,16,76,72,73,69,73,73,73,74,62,62,69,69,72,76,61,61,49],"gold":218,"neow_bonus":"ONE_RARE_RELIC","is_prod":false,"is_daily":false,"chose_seed":false,"campfire_upgraded":7,"win_rate":0,"timestamp":1561494489,"path_taken":["M","M","?","?","?","E","R","M","T","?","M","R","M","M","R","BOSS","M","?","M","M","$","E","?","$","T","?","R","M","?","E","R","BOSS","M","M","M","M","$","R","E","?","T","E","$","E","M","?","R","BOSS"],"build_version":"2019-01-23","purchased_purges":3,"victory":true,"max_hp_per_floor":[71,71,71,71,71,71,71,71,71,71,71,71,71,71,71,71,71,71,76,76,76,76,76,76,76,76,76,76,76,76,76,76,76,76,76,76,76,76,76,76,76,76,76,76,76,76,76,76,76,76],"card_choices":[{"not_picked":["animator:Hakurou","animator:Archer","animator:Tet"],"picked":"SKIP","floor":1},{"not_picked":["animator:Raven","animator:Arpeggio","animator:Souei"],"picked":"SKIP","floor":2},{"not_picked":["animator:Togame","animator:Demiurge"],"picked":"animator:CowGirl","floor":5},{"not_picked":["animator:ChlammyZell","animator:Arpeggio"],"picked":"animator:Spearman","floor":8},{"not_picked":["animator:RinTohsaka","animator:IzunaHatsuse"],"picked":"animator:YunYun","floor":11},{"not_picked":["animator:YaoHaDucy","animator:Emonzaemon"],"picked":"animator:SwordMaiden","floor":13},{"not_picked":["animator:DwarfShaman","animator:Spearman"],"picked":"animator:GuildGirl","floor":14},{"not_picked":["animator:Biyorigo","animator:Guren"],"picked":"animator:GoblinSlayer","floor":16},{"not_picked":["animator:Sonic","animator:Vesta","animator:Millim"],"picked":"SKIP","floor":18},{"not_picked":["animator:YaoHaDucy","animator:SwordMaiden"],"picked":"animator:LizardPriest","floor":20},{"not_picked":["animator:CowGirl+1","animator:HighElfArcher"],"picked":"animator:Witch+1","floor":21},{"not_picked":["animator:Illya","animator:Vesta+1","animator:Add+1"],"picked":"SKIP","floor":23},{"not_picked":["animator:ElricEdward","animator:Yuuichirou"],"picked":"animator:Scar","floor":29},{"not_picked":["animator:Vesta+1","animator:RoryMercury"],"picked":"animator:Benimaru","floor":30},{"not_picked":["animator:Spearman","animator:GuildGirl"],"picked":"animator:DwarfShaman","floor":31},{"not_picked":["animator:Elesis","animator:AcuraShin"],"picked":"animator:Eris","floor":33},{"not_picked":["animator:Souei"],"picked":"SKIP","floor":35},{"not_picked":[],"picked":"animator:Witch+1","floor":36},{"not_picked":[],"picked":"animator:CowGirl+1","floor":37},{"not_picked":["animator:Caster"],"picked":"SKIP","floor":38},{"not_picked":[],"picked":"animator:Ara","floor":41},{"not_picked":[],"picked":"animator:MaesHughes","floor":42},{"not_picked":[],"picked":"animator:Melzalgald","floor":46},{"not_picked":[],"picked":"animator:Elsword","floor":47},{"not_picked":[],"picked":"animator:Ainz","floor":48}],"player_experience":571744,"relics_obtained":[{"floor":6,"key":"Tiny Chest"},{"floor":9,"key":"animator:AlchemistGlove"},{"floor":23,"key":"animator:HeavyHalberd"},{"floor":24,"key":"Lantern"},{"floor":26,"key":"Meat on the Bone"},{"floor":31,"key":"Torii"},{"floor":41,"key":"Mercury Hourglass"},{"floor":42,"key":"Incense Burner"},{"floor":43,"key":"animator:WornHelmet"},{"floor":44,"key":"Ginger"},{"floor":46,"key":"The Courier"},{"floor":48,"key":"CatCart"}],"event_choices":[{"damage_healed":0,"gold_gain":0,"player_choice":"Leave","damage_taken":0,"max_hp_gain":0,"max_hp_loss":0,"event_name":"The Cleric","floor":3,"gold_loss":0},{"damage_healed":0,"gold_gain":275,"player_choice":"Desecrate","damage_taken":0,"max_hp_gain":0,"max_hp_loss":0,"event_name":"Golden Shrine","floor":4,"gold_loss":0,"cards_obtained":["Regret"]},{"damage_healed":0,"gold_gain":0,"player_choice":"Shed Blood","damage_taken":18,"max_hp_gain":5,"max_hp_loss":0,"event_name":"Forgotten Altar","floor":19,"gold_loss":0},{"cards_removed":["Clumsy"],"damage_healed":0,"gold_gain":0,"player_choice":"Removed Curses","damage_taken":0,"max_hp_gain":0,"max_hp_loss":0,"event_name":"Fountain of Cleansing","floor":27,"gold_loss":0},{"damage_healed":0,"gold_gain":0,"player_choice":"Fight","damage_taken":0,"max_hp_gain":0,"max_hp_loss":0,"event_name":"Mysterious Sphere","floor":42,"gold_loss":0},{"damage_healed":0,"gold_gain":0,"player_choice":"Fight","damage_taken":0,"max_hp_gain":0,"max_hp_loss":0,"event_name":"OrinTheCat","floor":48,"gold_loss":0}],"is_beta":false,"boss_relics":[{"not_picked":["Runic Dome","Calling Bell"],"picked":"Cursed Key"},{"not_picked":["Tiny House","White Beast Statue"],"picked":"Busted Crown"}],"items_purged_floors":[22,25,45],"is_endless":false,"potions_floor_spawned":[1,5,13,14,29,30,33,36,37,41,42,48],"ascension_level":3}