{"gold_per_floor":[112,112,126,126,149,174,174,187,242,255,273,273,284,313,313,415,415,433,278,278,278,278,310,325,325,371,371],"floor_reached":27,"playtime":1347,"items_purged":["Strike_P"],"score":306,"play_id":"ab81f4a6-b09c-463c-8796-63ed5507a3e2","local_time":"20190909213854","is_ascension_mode":true,"campfire_choices":[{"data":"DevaForm","floor":7,"key":"SMITH"},{"data":"Perseverance","floor":12,"key":"SMITH"},{"data":"WindmillStrike","floor":15,"key":"SMITH"},{"floor":25,"key":"REST"}],"neow_cost":"NONE","seed_source_timestamp":462846091635400,"circlet_count":0,"master_deck":["Strike_P","Strike_P","Defend_P","Defend_P","Defend_P","Defend_P","Eruption","Vigilance","FearNoEvil","Wireheading","DevaForm+1","Perseverance+1","Conclude","Perseverance","Prostrate","WindmillStrike+1","Omniscience","ThirdEye","SandsOfTime","MentalFortress","PathToVictory+1"],"relics":["PureWater","NeowsBlessing","Bag of Marbles","Letter Opener","Blood Vial","Blue Candle","Philosopher\u0027s Stone","Bottled Flame","Oddly Smooth Stone"],"potions_floor_usage":[8,14,16,18,27,27],"damage_taken":[{"damage":0,"enemies":"Small Slimes","floor":1,"turns":1},{"damage":0,"enemies":"Cultist","floor":3,"turns":1},{"damage":0,"enemies":"Gremlin Nob","floor":6,"turns":1},{"damage":1,"enemies":"Jaw Worm","floor":8,"turns":6},{"damage":0,"enemies":"Blue Slaver","floor":10,"turns":1},{"damage":0,"enemies":"Gremlin Gang","floor":11,"turns":3},{"damage":0,"enemies":"Large Slime","floor":13,"turns":4},{"damage":6,"enemies":"3 Sentries","floor":14,"turns":8},{"damage":36,"enemies":"Hexaghost","floor":16,"turns":10},{"damage":34,"enemies":"3 Byrds","floor":18,"turns":5},{"damage":36,"enemies":"Gremlin Leader","floor":23,"turns":12},{"damage":0,"enemies":"Shell Parasite","floor":24,"turns":9},{"damage":40,"enemies":"Shelled Parasite and Fungi","floor":27,"turns":3}],"seed_played":"-813958082207447869","potions_obtained":[{"floor":6,"key":"SpeedPotion"},{"floor":10,"key":"SteroidPotion"},{"floor":11,"key":"Strength Potion"},{"floor":13,"key":"SkillPotion"},{"floor":23,"key":"FearPotion"},{"floor":24,"key":"Energy Potion"}],"is_trial":false,"path_per_floor":["M","?","M","?","T","E","R","M","T","M","M","R","M","E","R","B",null,"M","$","?","?","?","E","M","R","T","M"],"character_chosen":"WATCHER","items_purchased":["SandsOfTime"],"campfire_rested":1,"item_purchase_floors":[19],"current_hp_per_floor":[65,65,65,70,70,70,70,69,69,70,70,70,70,64,64,30,70,36,36,36,36,36,2,4,25,25,0],"gold":371,"neow_bonus":"THREE_ENEMY_KILL","is_prod":false,"is_daily":false,"chose_seed":false,"campfire_upgraded":3,"win_rate":0,"timestamp":1568079534,"path_taken":["M","?","?","?","?","E","R","M","T","M","?","R","?","E","R","BOSS","M","$","?","?","?","E","M","R","T","M"],"build_version":"2019-09-09","purchased_purges":1,"victory":false,"max_hp_per_floor":[65,65,65,70,70,70,70,70,70,70,70,70,70,70,70,70,70,70,70,70,70,70,70,70,70,70,70],"card_choices":[{"not_picked":["CutThroughFate","ClearTheMind"],"picked":"FearNoEvil","floor":1},{"not_picked":["BowlingBash","Protect"],"picked":"Wireheading","floor":3},{"not_picked":["Protect","Clarity"],"picked":"DevaForm","floor":6},{"not_picked":["EmptyBody","EmptyFist"],"picked":"Perseverance","floor":8},{"not_picked":["CrushJoints","WreathOfFlame"],"picked":"Conclude","floor":10},{"not_picked":["BowlingBash","Collect"],"picked":"Perseverance","floor":11},{"not_picked":["FollowUp","BowlingBash"],"picked":"Prostrate","floor":13},{"not_picked":["Clarity","Crescendo"],"picked":"WindmillStrike","floor":14},{"not_picked":["Wallop","SignatureMove"],"picked":"Omniscience","floor":16},{"not_picked":["Collect","CrushJoints"],"picked":"ThirdEye","floor":18},{"not_picked":["Crescendo","Conclude"],"picked":"PathToVictory+1","floor":23},{"not_picked":["FlyingSleeves","StepAndStrike","Sanctity"],"picked":"SKIP","floor":24}],"player_experience":1916610,"relics_obtained":[{"floor":5,"key":"Bag of Marbles"},{"floor":6,"key":"Letter Opener"},{"floor":9,"key":"Blood Vial"},{"floor":14,"key":"Blue Candle"},{"floor":23,"key":"Bottled Flame"},{"floor":26,"key":"Oddly Smooth Stone"}],"event_choices":[{"cards_removed":["Strike_P"],"damage_healed":0,"gold_gain":0,"player_choice":"Purged","damage_taken":0,"max_hp_gain":0,"max_hp_loss":0,"event_name":"Purifier","floor":2,"gold_loss":0},{"damage_healed":0,"gold_gain":0,"player_choice":"Donut","damage_taken":0,"max_hp_gain":5,"max_hp_loss":0,"event_name":"Big Fish","floor":4,"gold_loss":0},{"damage_healed":0,"gold_gain":0,"player_choice":"Ignored","damage_taken":0,"max_hp_gain":0,"max_hp_loss":0,"event_name":"Ghosts","floor":20,"gold_loss":0},{"damage_healed":0,"gold_gain":0,"player_choice":"Read","damage_taken":0,"max_hp_gain":0,"max_hp_loss":0,"event_name":"The Library","floor":21,"gold_loss":0,"cards_obtained":["MentalFortress"]},{"damage_healed":0,"gold_gain":0,"player_choice":"Ignored","damage_taken":0,"max_hp_gain":0,"max_hp_loss":0,"event_name":"The Mausoleum","floor":22,"gold_loss":0}],"is_beta":true,"boss_relics":[{"not_picked":["Sozu","Runic Pyramid"],"picked":"Philosopher\u0027s Stone"}],"items_purged_floors":[19],"is_endless":false,"potions_floor_spawned":[6,10,11,13,23,24],"killed_by":"Shelled Parasite and Fungi","ascension_level":1}