{"gold_per_floor":[19,36,56,68,68,68,87,112,184,225,73,91,109,139,139,139],"floor_reached":16,"playtime":989,"items_purged":["Strike_G"],"score":111,"play_id":"6d4666dd-1949-4b4a-9453-0f25b189078a","local_time":"20190602163002","is_ascension_mode":true,"campfire_choices":[{"floor":6,"key":"REST"},{"floor":15,"key":"REST"}],"neow_cost":"NO_GOLD","seed_source_timestamp":20126417104772,"circlet_count":0,"master_deck":["Defend_G","Defend_G","Defend_G","Defend_G","Defend_G","Strike_G","Strike_G","Strike_G","Strike_G","Survivor","Neutralize","PiercingWail","Dagger Spray","Skewer","Dagger Throw","A Thousand Cuts","Reflex","Leg Sweep","Backstab"],"relics":["Ring of the Snake","Turnip","Golden Idol","Anchor","Odd Mushroom"],"potions_floor_usage":[10,10,12,16],"damage_taken":[{"damage":2,"enemies":"Small Slimes","floor":1,"turns":5},{"damage":1,"enemies":"2 Louse","floor":2,"turns":4},{"damage":1,"enemies":"Cultist","floor":3,"turns":4},{"damage":16,"enemies":"Blue Slaver","floor":4,"turns":5},{"damage":5,"enemies":"Red Slaver","floor":7,"turns":5},{"damage":0,"enemies":"Exordium Wildlife","floor":8,"turns":3},{"damage":19,"enemies":"Lagavulin","floor":10,"turns":11},{"damage":2,"enemies":"Looter","floor":12,"turns":5},{"damage":5,"enemies":"3 Louse","floor":13,"turns":3},{"damage":0,"enemies":"The Mushroom Lair","floor":14,"turns":5},{"damage":44,"enemies":"Hexaghost","floor":16,"turns":16}],"seed_played":"-6854056521616353728","potions_obtained":[{"floor":2,"key":"Swift Potion"},{"floor":4,"key":"SneckoOil"},{"floor":8,"key":"GhostInAJar"},{"floor":10,"key":"Fire Potion"}],"is_trial":false,"path_per_floor":["M","M","M","M","?","R","M","M","T","E","$","M","M","?","R","B"],"character_chosen":"THE_SILENT","items_purchased":["Leg Sweep"],"campfire_rested":2,"item_purchase_floors":[11],"current_hp_per_floor":[68,67,66,50,33,54,49,49,49,30,30,28,23,23,44,0],"gold":139,"neow_bonus":"ONE_RARE_RELIC","is_prod":false,"is_daily":false,"chose_seed":false,"campfire_upgraded":0,"win_rate":0,"timestamp":1559507402,"path_taken":["M","M","M","M","?","R","M","M","T","E","$","M","M","?","R","BOSS"],"build_version":"2019-01-23","purchased_purges":1,"victory":false,"max_hp_per_floor":[70,70,70,70,70,70,70,70,70,70,70,70,70,70,70,70],"card_choices":[{"not_picked":["Bane","Backflip"],"picked":"PiercingWail","floor":1},{"not_picked":["Backflip","Underhanded Strike"],"picked":"Dagger Spray","floor":2},{"not_picked":["Backflip","All Out Attack"],"picked":"Skewer","floor":3},{"not_picked":["Slice","Accuracy"],"picked":"Dagger Throw","floor":4},{"not_picked":["Dagger Spray","Deflect","Bane"],"picked":"SKIP","floor":7},{"not_picked":["PiercingWail","Dagger Throw"],"picked":"A Thousand Cuts","floor":8},{"not_picked":["Dagger Throw","Deflect"],"picked":"Reflex","floor":10},{"not_picked":["Catalyst","Acrobatics","Leg Sweep"],"picked":"SKIP","floor":12},{"not_picked":["Dagger Throw","Noxious Fumes"],"picked":"Backstab","floor":13}],"player_experience":81994,"relics_obtained":[{"floor":10,"key":"Anchor"},{"floor":14,"key":"Odd Mushroom"}],"event_choices":[{"damage_healed":0,"gold_gain":0,"player_choice":"Take Damage","damage_taken":17,"relics_obtained":["Golden Idol"],"max_hp_gain":0,"max_hp_loss":0,"event_name":"Golden Idol","floor":5,"gold_loss":0},{"damage_healed":0,"gold_gain":0,"player_choice":"Fought Mushrooms","damage_taken":0,"max_hp_gain":0,"max_hp_loss":0,"event_name":"Mushrooms","floor":14,"gold_loss":0}],"is_beta":false,"boss_relics":[],"items_purged_floors":[11],"is_endless":false,"potions_floor_spawned":[2,4,8,10],"killed_by":"Hexaghost","ascension_level":1}