{"gold_per_floor":[20,20,20,40,65,65,26,26,53,53,72,72,0,0,0,0],"floor_reached":16,"playtime":478,"items_purged":[],"score":88,"play_id":"46c8c863-ead7-4e0f-85ae-d778ec3b126c","local_time":"20181203161107","is_ascension_mode":false,"campfire_choices":[{"data":"Strike_G","floor":6,"key":"PURGE"},{"data":"Strike_G","floor":8,"key":"PURGE"},{"data":"Strike_G","floor":12,"key":"PURGE"},{"data":"Defend_G","floor":15,"key":"PURGE"}],"neow_cost":"NO_GOLD","seed_source_timestamp":1529529017377367,"circlet_count":0,"master_deck":["Defend_G","Defend_G","Defend_G","Defend_G","Strike_G","Strike_G","Survivor","Neutralize","PiercingWail","Caltrops","Sucker Punch","Escape Plan","Dodge and Roll","Footwork","Sucker Punch"],"relics":["Ring of the Snake","Peace Pipe","Golden Idol","Ancient Tea Set"],"potions_floor_usage":[14,16],"damage_taken":[{"damage":0,"enemies":"Jaw Worm","floor":1,"turns":6},{"damage":2,"enemies":"Small Slimes","floor":4,"turns":3},{"damage":0,"enemies":"2 Louse","floor":5,"turns":4},{"damage":0,"enemies":"2 Fungi Beasts","floor":11,"turns":5},{"damage":0,"enemies":"Looter","floor":14,"turns":4},{"damage":66,"enemies":"Slime Boss","floor":16,"turns":9}],"seed_played":"-1328782243055436387","potions_obtained":[{"floor":1,"key":"FairyPotion"},{"floor":4,"key":"PowerPotion"},{"floor":5,"key":"Fire Potion"}],"is_trial":false,"path_per_floor":["M","?","?","M","M","R","$","R","T","?","M","R","$","M","R","B"],"character_chosen":"THE_SILENT","items_purchased":["Escape Plan","Footwork"],"campfire_rested":0,"item_purchase_floors":[7,13],"current_hp_per_floor":[70,70,53,51,51,51,51,51,51,51,51,51,51,51,51,0],"gold":0,"neow_bonus":"ONE_RARE_RELIC","is_prod":false,"is_daily":false,"chose_seed":false,"campfire_upgraded":0,"win_rate":0,"timestamp":1543875067,"path_taken":["M","?","?","M","M","R","$","R","T","?","M","R","?","M","R","BOSS"],"build_version":"2018-11-15","purchased_purges":0,"victory":false,"max_hp_per_floor":[70,70,70,70,70,70,70,70,70,70,70,70,70,70,70,70],"card_choices":[{"not_picked":["Accuracy","Outmaneuver"],"picked":"PiercingWail","floor":1},{"not_picked":["Dodge and Roll","Poisoned Stab"],"picked":"Caltrops","floor":4},{"not_picked":["Quick Slash","Storm of Steel"],"picked":"Sucker Punch","floor":5},{"not_picked":["Flying Knee","Masterful Stab"],"picked":"Dodge and Roll","floor":11},{"not_picked":["Concentrate","Blade Dance"],"picked":"Sucker Punch","floor":14}],"player_experience":343142,"relics_obtained":[{"floor":9,"key":"Ancient Tea Set"}],"event_choices":[{"damage_healed":0,"gold_gain":0,"player_choice":"Leave","damage_taken":0,"max_hp_gain":0,"max_hp_loss":0,"event_name":"The Cleric","floor":2,"gold_loss":0},{"damage_healed":0,"gold_gain":0,"player_choice":"Take Damage","damage_taken":17,"relics_obtained":["Golden Idol"],"max_hp_gain":0,"max_hp_loss":0,"event_name":"Golden Idol","floor":3,"gold_loss":0},{"damage_healed":0,"gold_gain":0,"player_choice":"Ignored","damage_taken":0,"max_hp_gain":0,"max_hp_loss":0,"event_name":"Liars Game","floor":10,"gold_loss":0}],"is_beta":true,"boss_relics":[],"items_purged_floors":[],"is_endless":false,"potions_floor_spawned":[1,4,5],"killed_by":"Slime Boss","ascension_level":0}