{"gold_per_floor":[117,117,117,135,154,154,51,51,123,123,8,51,72,110,110,110],"floor_reached":16,"playtime":593,"items_purged":["Regret"],"score":118,"play_id":"21150314-e10c-4e24-b7ff-4d33300e47f7","local_time":"20190613191939","is_ascension_mode":true,"campfire_choices":[{"data":"True Grit","floor":6,"key":"SMITH"},{"data":"Iron Wave","floor":10,"key":"SMITH"},{"data":"Iron Wave","floor":15,"key":"SMITH"}],"neow_cost":"NONE","seed_source_timestamp":5860361108663,"circlet_count":0,"master_deck":["Strike_R","Strike_R","Strike_R","Strike_R","Strike_R","Defend_R","Defend_R","Defend_R","Defend_R","Bash","Iron Wave+1","True Grit+1","Headbutt","Shrug It Off","Offering","Cleave","Pommel Strike","Iron Wave+1"],"relics":["Burning Blood","The Courier","Golden Idol","Centennial Puzzle","StoneCalendar","Odd Mushroom"],"potions_floor_usage":[16,16],"damage_taken":[{"damage":0,"enemies":"Cultist","floor":1,"turns":4},{"damage":9,"enemies":"2 Louse","floor":4,"turns":4},{"damage":4,"enemies":"Small Slimes","floor":5,"turns":5},{"damage":32,"enemies":"3 Sentries","floor":12,"turns":12},{"damage":0,"enemies":"2 Fungi Beasts","floor":13,"turns":3},{"damage":8,"enemies":"The Mushroom Lair","floor":14,"turns":3},{"damage":44,"enemies":"Hexaghost","floor":16,"turns":9}],"seed_played":"1256979256467432612","potions_obtained":[{"floor":12,"key":"Poison Potion"},{"floor":13,"key":"Fire Potion"}],"is_trial":false,"path_per_floor":["M","?","?","M","M","R","$","?","T","R","$","E","M","?","R","B"],"character_chosen":"IRONCLAD","items_purchased":["Shrug It Off","Offering"],"campfire_rested":0,"item_purchase_floors":[7,11],"current_hp_per_floor":[88,88,66,63,65,65,65,62,62,62,62,36,42,40,40,0],"gold":110,"neow_bonus":"TEN_PERCENT_HP_BONUS","is_prod":false,"is_daily":false,"chose_seed":false,"campfire_upgraded":3,"win_rate":0,"timestamp":1560467979,"path_taken":["M","?","?","M","M","R","$","?","T","R","$","E","M","?","R","BOSS"],"build_version":"2019-01-23","purchased_purges":1,"victory":false,"max_hp_per_floor":[88,88,88,88,88,88,88,88,88,88,88,88,88,88,88,88],"card_choices":[{"not_picked":["Armaments","Seeing Red"],"picked":"Iron Wave","floor":1},{"not_picked":["Havoc","Headbutt"],"picked":"True Grit","floor":4},{"not_picked":["True Grit","Sentinel"],"picked":"Headbutt","floor":5},{"not_picked":["Wild Strike","Barricade"],"picked":"Cleave","floor":12},{"not_picked":["Seeing Red","True Grit"],"picked":"Pommel Strike","floor":13},{"not_picked":["Perfected Strike","Warcry"],"picked":"Iron Wave","floor":14}],"player_experience":147004,"relics_obtained":[{"floor":12,"key":"StoneCalendar"},{"floor":14,"key":"Odd Mushroom"}],"event_choices":[{"damage_healed":0,"gold_gain":0,"player_choice":"Box","damage_taken":0,"relics_obtained":["The Courier"],"max_hp_gain":0,"max_hp_loss":0,"event_name":"Big Fish","floor":2,"gold_loss":0,"cards_obtained":["Regret"]},{"damage_healed":0,"gold_gain":0,"player_choice":"Take Damage","damage_taken":22,"relics_obtained":["Golden Idol"],"max_hp_gain":0,"max_hp_loss":0,"event_name":"Golden Idol","floor":3,"gold_loss":0},{"damage_healed":0,"gold_gain":0,"player_choice":"Success","damage_taken":3,"relics_obtained":["Centennial Puzzle"],"max_hp_gain":0,"max_hp_loss":0,"event_name":"Scrap Ooze","floor":8,"gold_loss":0},{"damage_healed":0,"gold_gain":0,"player_choice":"Fought Mushrooms","damage_taken":0,"max_hp_gain":0,"max_hp_loss":0,"event_name":"Mushrooms","floor":14,"gold_loss":0}],"is_beta":false,"boss_relics":[],"items_purged_floors":[7],"is_endless":false,"potions_floor_spawned":[12,13],"killed_by":"Hexaghost","ascension_level":4}