{"gold_per_floor":[114,214,233,243,256,256,290,290,290,304,304,320,24,39,39,141,141,159,56,56,56,68,68,100,100,100,100,100,100,120,120,120,223,223,234,253,273,27,127,153,153,163,188,188,208,208,233,244,244,244],"floor_reached":50,"playtime":3262,"items_purged":["Strike_G","Parasite"],"score":522,"play_id":"f34fc552-0905-4773-9e5e-8127d6f9ff72","local_time":"20190202121831","is_ascension_mode":false,"campfire_choices":[{"data":"Neutralize","floor":6,"key":"SMITH"},{"data":"Distraction","floor":8,"key":"SMITH"},{"floor":15,"key":"REST"},{"floor":23,"key":"REST"},{"floor":25,"key":"REST"},{"floor":29,"key":"REST"},{"floor":32,"key":"REST"},{"data":"1","floor":44,"key":"LIFT"},{"floor":46,"key":"REST"},{"floor":49,"key":"REST"}],"neow_cost":"NONE","seed_source_timestamp":439011149903504,"circlet_count":0,"master_deck":["Defend_G+1","Defend_G+1","Defend_G+1","Strike_G+1","Strike_G+1","Survivor","Neutralize+1","Bullet Time","Deadly Poison","Cloak And Dagger","Infinite Blades","Distraction+1","Corpse Explosion","Panache+1","Blur","Caltrops+1","Die Die Die","Footwork+1","Deflect","Catalyst","Blur","Cloak And Dagger","Tools of the Trade+1","Infinite Blades+1","Catalyst+1","Calculated Gamble+1","PiercingWail","Acrobatics+1","Footwork+1","Well Laid Plans+1","Backstab","Quick Slash+1","Predator+1","Backflip"],"relics":["Ring of the Snake","Dodecahedron","Frozen Egg 2","Philosopher\u0027s Stone","Enchiridion","Mummified Hand","Letter Opener","Astrolabe","Anchor","Girya","Lantern","Juzu Bracelet","Bag of Marbles"],"potions_floor_usage":[16,33,48],"damage_taken":[{"damage":0,"enemies":"Jaw Worm","floor":1,"turns":6},{"damage":0,"enemies":"Cultist","floor":3,"turns":4},{"damage":0,"enemies":"2 Louse","floor":4,"turns":3},{"damage":0,"enemies":"2 Fungi Beasts","floor":5,"turns":3},{"damage":27,"enemies":"Lagavulin","floor":7,"turns":7},{"damage":2,"enemies":"Exordium Wildlife","floor":10,"turns":4},{"damage":2,"enemies":"Looter","floor":12,"turns":3},{"damage":0,"enemies":"Lots of Slimes","floor":14,"turns":1},{"damage":19,"enemies":"Hexaghost","floor":16,"turns":7},{"damage":0,"enemies":"Chosen","floor":18,"turns":4},{"damage":30,"enemies":"3 Byrds","floor":22,"turns":3},{"damage":34,"enemies":"Book of Stabbing","floor":24,"turns":5},{"damage":2,"enemies":"Colosseum Slavers","floor":28,"turns":3},{"damage":7,"enemies":"Shelled Parasite and Fungi","floor":30,"turns":4},{"damage":40,"enemies":"Collector","floor":33,"turns":10},{"damage":0,"enemies":"3 Shapes","floor":35,"turns":2},{"damage":0,"enemies":"Orb Walker","floor":36,"turns":4},{"damage":5,"enemies":"Writhing Mass","floor":37,"turns":6},{"damage":0,"enemies":"Mind Bloom Boss Battle","floor":39,"turns":4},{"damage":16,"enemies":"Reptomancer","floor":40,"turns":6},{"damage":0,"enemies":"4 Shapes","floor":42,"turns":4},{"damage":17,"enemies":"Maw","floor":45,"turns":6},{"damage":24,"enemies":"Nemesis","floor":47,"turns":9},{"damage":0,"enemies":"Spire Growth","floor":48,"turns":5},{"damage":50,"enemies":"Time Eater","floor":50,"turns":10}],"seed_played":"7652029052829524092","potions_obtained":[{"floor":1,"key":"GamblersBrew"},{"floor":4,"key":"Energy Potion"},{"floor":5,"key":"EntropicBrew"},{"floor":7,"key":"LiquidBronze"},{"floor":24,"key":"Swift Potion"},{"floor":33,"key":"Fire Potion"},{"floor":37,"key":"GhostInAJar"},{"floor":42,"key":"GhostInAJar"}],"is_trial":false,"path_per_floor":["M","?","M","M","M","R","E","R","T","M","?","M","$","M","R","B",null,"M","$","?","?","M","R","E","R","T","?","?","R","M","?","R","B",null,"M","M","M","$","?","E","?","M","T","R","M","R","E","M","R","B"],"character_chosen":"THE_SILENT","items_purchased":["Panache+1","Blur","Footwork+1","Deflect","Anchor"],"campfire_rested":7,"item_purchase_floors":[13,13,19,19,38],"current_hp_per_floor":[70,70,70,70,70,70,43,43,43,41,41,39,39,39,60,41,70,70,70,70,54,24,45,11,32,32,32,30,51,44,44,65,25,70,70,70,65,65,65,49,49,49,49,49,32,52,28,28,48,0],"gold":244,"neow_bonus":"ONE_RANDOM_RARE_CARD","is_prod":false,"is_daily":false,"chose_seed":false,"campfire_upgraded":2,"win_rate":0,"timestamp":1549077511,"path_taken":["M","?","M","?","M","R","E","R","T","M","?","M","$","?","R","BOSS","M","$","?","?","M","R","E","R","T","?","?","R","?","?","R","BOSS","M","M","M","$","?","E","?","M","T","R","M","R","E","M","R","BOSS"],"build_version":"2019-01-23","purchased_purges":2,"victory":false,"max_hp_per_floor":[70,70,70,70,70,70,70,70,70,70,70,70,70,70,70,70,70,70,70,70,70,70,70,70,70,70,70,70,70,70,70,70,70,70,70,70,70,67,67,67,67,67,67,67,67,67,67,67,67,67],"card_choices":[{"not_picked":["Choke","Dodge and Roll","Heel Hook"],"picked":"SKIP","floor":1},{"not_picked":["Sucker Punch","Footwork"],"picked":"Deadly Poison","floor":3},{"not_picked":["Accuracy","Heel Hook"],"picked":"Cloak And Dagger","floor":4},{"not_picked":["Prepared","Expertise"],"picked":"Infinite Blades","floor":5},{"not_picked":["Sucker Punch","Cloak And Dagger"],"picked":"Distraction","floor":7},{"not_picked":["Bane","Deflect"],"picked":"Corpse Explosion","floor":10},{"not_picked":["Crippling Poison","Bane","Blade Dance"],"picked":"SKIP","floor":12},{"not_picked":["Reflex","Outmaneuver"],"picked":"Caltrops+1","floor":14},{"not_picked":["Storm of Steel","Burst"],"picked":"Die Die Die","floor":16},{"not_picked":["Finisher","Dagger Throw+1","Tactician"],"picked":"SKIP","floor":18},{"not_picked":["Bane","Quick Slash","Dagger Throw"],"picked":"SKIP","floor":22},{"not_picked":["Adrenaline","Deadly Poison+1"],"picked":"Blur","floor":24},{"not_picked":["Reflex","Crippling Poison"],"picked":"Cloak And Dagger","floor":30},{"not_picked":["Corpse Explosion","Venomology"],"picked":"Tools of the Trade+1","floor":33},{"not_picked":["Deadly Poison","Dodge and Roll","Bane"],"picked":"SKIP","floor":35},{"not_picked":["Underhanded Strike+1","Masterful Stab"],"picked":"PiercingWail","floor":36},{"not_picked":["Reflex+1","Dagger Throw"],"picked":"Acrobatics+1","floor":37},{"not_picked":["Blade Dance","Catalyst+1"],"picked":"Footwork+1","floor":39},{"not_picked":["Dagger Throw","Slice"],"picked":"Well Laid Plans+1","floor":40},{"not_picked":["Outmaneuver","Skewer"],"picked":"Backstab","floor":42},{"not_picked":["Storm of Steel","Dagger Spray"],"picked":"Quick Slash+1","floor":45},{"not_picked":["Deadly Poison+1","Bane+1"],"picked":"Predator+1","floor":47},{"not_picked":["Backstab+1","Slice+1"],"picked":"Backflip","floor":48}],"player_experience":76268,"relics_obtained":[{"floor":7,"key":"Dodecahedron"},{"floor":9,"key":"Frozen Egg 2"},{"floor":21,"key":"Enchiridion"},{"floor":24,"key":"Mummified Hand"},{"floor":26,"key":"Letter Opener"},{"floor":39,"key":"Girya"},{"floor":40,"key":"Lantern"},{"floor":43,"key":"Juzu Bracelet"},{"floor":47,"key":"Bag of Marbles"}],"event_choices":[{"damage_healed":0,"gold_gain":100,"player_choice":"Pray","damage_taken":0,"max_hp_gain":0,"max_hp_loss":0,"event_name":"Golden Shrine","floor":2,"gold_loss":0},{"damage_healed":0,"gold_gain":0,"player_choice":"Bought 0 Potions","damage_taken":0,"max_hp_gain":0,"max_hp_loss":0,"event_name":"The Woman in Blue","floor":11,"gold_loss":0},{"damage_healed":0,"gold_gain":0,"player_choice":"Read","damage_taken":0,"max_hp_gain":0,"max_hp_loss":0,"event_name":"The Library","floor":20,"gold_loss":0,"cards_obtained":["Catalyst"]},{"damage_healed":0,"gold_gain":0,"player_choice":"Obtained Book","damage_taken":16,"max_hp_gain":0,"max_hp_loss":0,"event_name":"Cursed Tome","floor":21,"gold_loss":0},{"damage_healed":0,"gold_gain":0,"player_choice":"Ignored","damage_taken":0,"max_hp_gain":0,"max_hp_loss":0,"event_name":"Ghosts","floor":27,"gold_loss":0},{"damage_healed":0,"gold_gain":0,"player_choice":"Fight","damage_taken":0,"max_hp_gain":0,"max_hp_loss":0,"event_name":"Colosseum","floor":28,"gold_loss":0},{"damage_healed":0,"gold_gain":0,"player_choice":"Fled From Nobs","damage_taken":0,"max_hp_gain":0,"max_hp_loss":0,"event_name":"Colosseum","floor":28,"gold_loss":0},{"damage_healed":0,"gold_gain":0,"player_choice":"Simplicity","damage_taken":0,"max_hp_gain":0,"max_hp_loss":0,"event_name":"Back to Basics","floor":31,"gold_loss":0,"cards_upgraded":["Defend_G","Defend_G","Defend_G","Defend_G","Defend_G","Strike_G","Strike_G","Strike_G","Strike_G"]},{"damage_healed":0,"gold_gain":0,"player_choice":"Fight","damage_taken":0,"max_hp_gain":0,"max_hp_loss":0,"event_name":"MindBloom","floor":39,"gold_loss":0},{"cards_removed":["Defend_G"],"damage_healed":0,"gold_gain":0,"player_choice":"Removed Skill","damage_taken":0,"max_hp_gain":0,"max_hp_loss":0,"event_name":"Falling","floor":41,"gold_loss":0}],"is_beta":false,"boss_relics":[{"not_picked":["Ectoplasm","Runic Dome"],"picked":"Philosopher\u0027s Stone"},{"not_picked":["Fusion Hammer","Calling Bell"],"picked":"Astrolabe"}],"items_purged_floors":[13,38],"is_endless":false,"potions_floor_spawned":[1,4,5,7,24,33,36,37,42,45,47],"killed_by":"Time Eater","ascension_level":0}