{"path_per_floor":["?","?","?","?","?","?","?","?","?","?","?","?","?","?","?","B",null,"?","?","?","?","?","?","?","?","?"],"character_chosen":"IRONCLAD","items_purchased":["Flex","Heavy Blade"],"gold_per_floor":[114,114,133,152,171,209,209,247,247,285,285,304,130,30,30,155,155,174,74,93,112,112,150,169,169,194],"floor_reached":27,"campfire_rested":1,"playtime":1948,"current_hp_per_floor":[80,60,66,66,55,49,49,35,35,31,31,45,45,45,45,40,40,32,32,35,36,36,18,12,36,36],"items_purged":["Strike_R","Strike_R"],"gold":194,"score":253,"play_id":"7dfd8b6d-3ae3-47fd-a97a-00b1c6d96d01","local_time":"20180307180834","daily_mods":[{"name":"Diverse","description":"Start with 2 cards from another class.","modID":"Diverse","img":{"data":{"file":{"file":{"path":"images\\ui\\run_mods\\diverse.png"},"type":"Internal"},"width":64,"height":64,"format":"RGBA8888","useMipMaps":false,"isPrepared":false},"glTarget":3553,"glHandle":685,"minFilter":"Linear","magFilter":"Linear","uWrap":"ClampToEdge","vWrap":"ClampToEdge"},"positive":true},{"name":"Restless Journey","description":"You no longer heal when entering new acts.","modID":"Restless Journey","img":{"data":{"file":{"file":{"path":"images\\ui\\run_mods\\restless_journey.png"},"type":"Internal"},"width":64,"height":64,"format":"RGBA8888","useMipMaps":false,"isPrepared":false},"glTarget":3553,"glHandle":676,"minFilter":"Linear","magFilter":"Linear","uWrap":"ClampToEdge","vWrap":"ClampToEdge"},"positive":false},{"name":"Uncertain Future","description":"The map shows only ?.","modID":"Uncertain Future","img":{"data":{"file":{"file":{"path":"images\\ui\\run_mods\\uncertain_future.png"},"type":"Internal"},"width":64,"height":64,"format":"RGBA8888","useMipMaps":false,"isPrepared":false},"glTarget":3553,"glHandle":679,"minFilter":"Linear","magFilter":"Linear","uWrap":"ClampToEdge","vWrap":"ClampToEdge"},"positive":false},{"name":"Binary","description":"Card rewards contain only 2 cards.","modID":"Binary","img":{"data":{"file":{"file":{"path":"images\\ui\\run_mods\\binary.png"},"type":"Internal"},"width":64,"height":64,"format":"RGBA8888","useMipMaps":false,"isPrepared":false},"glTarget":3553,"glHandle":680,"minFilter":"Linear","magFilter":"Linear","uWrap":"ClampToEdge","vWrap":"ClampToEdge"},"positive":false}],"is_prod":false,"is_daily":true,"is_ascension_mode":false,"campfire_upgraded":1,"timestamp":1520442514,"path_taken":["?","?","?","?","?","?","?","?","?","?","?","?","?","?","?","BOSS","?","?","?","?","?","?","?","?","?","?"],"build_version":"2018-03-01-PROD1","purchased_purges":2,"victory":false,"master_deck":["Strike_R+1","Strike_R","Strike_R+1","Defend_R","Defend_R","Defend_R","Bash+1","Cloak And Dagger","Well Laid Plans","Sword Boomerang","Pommel Strike","Cleave","Sever Soul","Anger","Impervious","Iron Wave","Flex","Heavy Blade","Immolate","Armaments","J.A.X.","Havoc+1","Pommel Strike","Writhe","Shrug It Off","Perfected Strike"],"max_hp_per_floor":[80,80,80,80,80,80,80,80,80,80,80,80,80,80,80,80,80,80,80,80,80,80,80,80,80,80],"relics":["Burning Blood","Golden Idol","Whetstone","Vajra","Peace Pipe","Happy Flower","Calipers","Runic Cube","Kunai","Anchor","Art of War"],"card_choices":[{"not_picked":["Armaments"],"picked":"Sword Boomerang"},{"not_picked":["Blood for Blood"],"picked":"Pommel Strike"},{"not_picked":["Rupture"],"picked":"Cleave"},{"not_picked":["Wild Strike"],"picked":"Sever Soul"},{"not_picked":["Hemokinesis"],"picked":"Anger"},{"not_picked":["Warcry"],"picked":"Impervious"},{"not_picked":["Cleave"],"picked":"Iron Wave"},{"not_picked":["Brutality"],"picked":"Immolate"},{"not_picked":["Clothesline"],"picked":"Armaments"},{"not_picked":["Hemokinesis"],"picked":"Havoc"},{"not_picked":["Flame Barrier"],"picked":"Pommel Strike"},{"not_picked":["Reaper"],"picked":"Shrug It Off"},{"not_picked":["Pommel Strike"],"picked":"Perfected Strike"}],"player_experience":29300,"potions_floor_usage":[12,16,18,23,24],"damage_taken":[{"damage":2,"enemies":"2 Louse","floor":1,"turns":5},{"damage":0,"enemies":"Jaw Worm","floor":3,"turns":3},{"damage":6,"enemies":"Cultist","floor":4,"turns":3},{"damage":17,"enemies":"Gremlin Gang","floor":5,"turns":4},{"damage":12,"enemies":"3 Sentries","floor":6,"turns":9},{"damage":20,"enemies":"Gremlin Nob","floor":8,"turns":4},{"damage":10,"enemies":"3 Sentries","floor":10,"turns":4},{"damage":7,"enemies":"Exordium Wildlife","floor":12,"turns":7},{"damage":11,"enemies":"Slime Boss","floor":16,"turns":10},{"damage":14,"enemies":"2 Thieves","floor":18,"turns":3},{"damage":3,"enemies":"Chosen","floor":20,"turns":3},{"damage":5,"enemies":"Snecko","floor":21,"turns":3},{"damage":24,"enemies":"Book of Stabbing","floor":23,"turns":4},{"damage":12,"enemies":"Snake Plant","floor":24,"turns":4},{"damage":44,"enemies":"Slaver and Parasite","floor":27,"turns":3}],"event_choices":[{"event_name":"Golden Idol","player_choice":"Take Damage","floor":2,"damage_taken":0},{"event_name":"Drug Dealer","player_choice":"Got JAXXED","floor":19,"damage_taken":0},{"event_name":"The Mausoleum","player_choice":"Yes","floor":22,"damage_taken":0}],"boss_relics":[{"not_picked":["Runic Pyramid","Runic Dome"],"picked":"Runic Cube"}],"potions_floor_spawned":[5,6,8,10,16,20,21,24],"seed_played":"6669194513917691148","killed_by":"Slaver and Parasite","ascension_level":0,"is_trial":false}