{"gold_per_floor":[119,132,147,72,72,72,92,125,125,156,9,35,35,110,110,208,208,221,221,234,252,63,90,101,136,163,195,45,45,63,17,17,120,120,132,132,407,29,49,49,0,11,38,52,52,52,68,84,84,84],"floor_reached":51,"playtime":1969,"items_purged":["Strike_B","Defend_B","Regret"],"score":960,"play_id":"afc277c4-d389-40ce-9964-e4d3276dc951","local_time":"20190202051719","is_ascension_mode":true,"campfire_choices":[{"data":"Rip and Tear","floor":6,"key":"SMITH"},{"floor":15,"key":"REST"},{"data":"1","floor":29,"key":"LIFT"},{"data":"2","floor":32,"key":"LIFT"},{"data":"3","floor":40,"key":"LIFT"},{"data":"Creative AI","floor":46,"key":"SMITH"},{"data":"Loop","floor":49,"key":"SMITH"}],"neow_cost":"NONE","seed_source_timestamp":771987543144073,"circlet_count":0,"master_deck":["Strike_B","Strike_B+1","Defend_B+1","Defend_B","Defend_B","Zap","Dualcast","Rip and Tear+1","Ball Lightning","Auto Shields","Glacier","Self Repair","Electrodynamics","Cold Snap+1","Leap","Go for the Eyes+1","Defragment","Go for the Eyes+1","Conserve Battery","Rip and Tear+1","Loop+1","Seek","Capacitor","White Noise","Conserve Battery","Conserve Battery","Echo Form","Ball Lightning+1","Conserve Battery","Heatsinks+1","Creative AI+1","Thunder Strike+1"],"relics":["Cracked Core","NeowsBlessing","Pear","Bird Faced Urn","Mango","FossilizedHelix","Strawberry","Molten Egg 2","Orrery","Vajra","Shuriken","Girya","Centennial Puzzle","Lantern","Coffee Dripper","Medical Kit","Red Mask","DataDisk"],"potions_floor_usage":[7,16,21,23,25,27,27,33,42,50],"damage_taken":[{"damage":0,"enemies":"2 Louse","floor":1,"turns":1},{"damage":0,"enemies":"Jaw Worm","floor":2,"turns":1},{"damage":0,"enemies":"Small Slimes","floor":3,"turns":1},{"damage":13,"enemies":"Exordium Thugs","floor":7,"turns":4},{"damage":19,"enemies":"3 Sentries","floor":8,"turns":6},{"damage":6,"enemies":"Lagavulin","floor":10,"turns":5},{"damage":4,"enemies":"Gremlin Nob","floor":12,"turns":4},{"damage":37,"enemies":"The Guardian","floor":16,"turns":10},{"damage":0,"enemies":"Spheric Guardian","floor":18,"turns":3},{"damage":0,"enemies":"Shell Parasite","floor":20,"turns":6},{"damage":8,"enemies":"Snecko","floor":21,"turns":7},{"damage":31,"enemies":"Slavers","floor":23,"turns":5},{"damage":0,"enemies":"3 Cultists","floor":24,"turns":3},{"damage":3,"enemies":"Book of Stabbing","floor":25,"turns":7},{"damage":17,"enemies":"Slavers","floor":27,"turns":5},{"damage":8,"enemies":"Chosen and Byrds","floor":30,"turns":4},{"damage":61,"enemies":"Collector","floor":33,"turns":7},{"damage":29,"enemies":"3 Darklings","floor":35,"turns":3},{"damage":0,"enemies":"Orb Walker","floor":39,"turns":3},{"damage":11,"enemies":"Sphere and 2 Shapes","floor":42,"turns":4},{"damage":0,"enemies":"Spire Growth","floor":44,"turns":5},{"damage":0,"enemies":"Writhing Mass","floor":47,"turns":8},{"damage":2,"enemies":"Transient","floor":48,"turns":5},{"damage":40,"enemies":"Donu and Deca","floor":50,"turns":6}],"seed_played":"-808558008589955881","potions_obtained":[{"floor":1,"key":"SpeedPotion"},{"floor":2,"key":"EssenceOfSteel"},{"floor":7,"key":"LiquidBronze"},{"floor":12,"key":"Weak Potion"},{"floor":23,"key":"Energy Potion"},{"floor":24,"key":"EssenceOfSteel"},{"floor":25,"key":"FocusPotion"},{"floor":30,"key":"AttackPotion"},{"floor":39,"key":"AttackPotion"},{"floor":47,"key":"Dexterity Potion"}],"is_trial":false,"path_per_floor":["M","M","M","$","?","R","M","E","T","E","$","E","?","?","R","B",null,"M","?","M","M","$","E","M","E","T","E","$","R","M","$","R","B",null,"M","?","?","$","M","R","?","M","T","M","?","R","M","M","R","B",null],"character_chosen":"DEFECT","items_purchased":["Strawberry","Vajra","Loop","Conserve Battery","Conserve Battery","Medical Kit","Conserve Battery"],"campfire_rested":1,"item_purchase_floors":[11,22,22,28,31,38,38],"current_hp_per_floor":[75,75,75,75,82,82,69,50,64,58,65,70,49,39,70,42,106,106,106,106,106,106,77,81,82,82,82,82,82,80,80,80,36,106,79,79,79,79,85,85,85,99,99,106,106,106,106,106,106,92],"gold":84,"neow_bonus":"THREE_ENEMY_KILL","is_prod":false,"is_daily":false,"chose_seed":false,"campfire_upgraded":3,"win_rate":0,"timestamp":1549106239,"path_taken":["M","M","M","$","?","R","M","E","T","E","$","E","?","?","R","BOSS","M","?","?","M","?","E","M","E","T","E","$","R","M","$","R","BOSS","M","?","?","$","?","R","?","M","T","M","?","R","M","?","R","BOSS"],"build_version":"2019-01-23","purchased_purges":3,"victory":true,"max_hp_per_floor":[75,75,75,75,85,85,85,85,99,99,106,106,106,106,106,106,106,106,106,106,106,106,106,106,106,106,106,106,106,106,106,106,106,106,106,106,106,106,106,106,106,106,106,106,106,106,106,106,106,106],"card_choices":[{"not_picked":["Leap","Rebound"],"picked":"Rip and Tear","floor":1},{"not_picked":["Stack","Double Energy"],"picked":"Ball Lightning","floor":2},{"not_picked":["Beam Cell","Genetic Algorithm","Turbo"],"picked":"SKIP","floor":3},{"not_picked":["Steam","Force Field"],"picked":"Auto Shields","floor":7},{"not_picked":["Melter","Turbo"],"picked":"Glacier","floor":8},{"not_picked":["Beam Cell","Sunder"],"picked":"Self Repair","floor":10},{"not_picked":["Heatsinks","Reprogram","Static Discharge"],"picked":"SKIP","floor":12},{"not_picked":["Echo Form","Rainbow"],"picked":"Electrodynamics","floor":16},{"not_picked":["Hello World","Turbo"],"picked":"Cold Snap+1","floor":17},{"not_picked":["Blizzard+1","Hologram"],"picked":"Leap","floor":17},{"not_picked":["Steam","Barrage+1"],"picked":"Go for the Eyes+1","floor":17},{"not_picked":["Turbo","Barrage+1"],"picked":"Defragment","floor":17},{"not_picked":["Gash+1","Auto Shields","Reprogram"],"picked":"SKIP","floor":18},{"not_picked":["Compile Driver+1","Doom and Gloom+1"],"picked":"Conserve Battery","floor":20},{"not_picked":["Streamline+1","Go for the Eyes+1"],"picked":"Rip and Tear+1","floor":21},{"not_picked":["Sweeping Beam+1","Recycle"],"picked":"Seek","floor":23},{"not_picked":["Barrage+1","Rebound+1"],"picked":"Ball Lightning+1","floor":24},{"not_picked":["Rebound+1","Steam"],"picked":"Capacitor","floor":25},{"not_picked":["Electrodynamics","Gash+1"],"picked":"White Noise","floor":27},{"not_picked":["Auto Shields","Hologram","Sweeping Beam+1"],"picked":"SKIP","floor":30},{"not_picked":["Electrodynamics","Core Surge+1"],"picked":"Echo Form","floor":33},{"not_picked":["Melter+1","Redo"],"picked":"Ball Lightning+1","floor":35},{"not_picked":["Redo","Go for the Eyes+1","Ball Lightning+1"],"picked":"SKIP","floor":39},{"not_picked":["Reboot","Cold Snap+1"],"picked":"Heatsinks+1","floor":42},{"not_picked":["Turbo","Streamline+1","Coolheaded"],"picked":"SKIP","floor":44},{"not_picked":["Ball Lightning+1","Recycle","Sweeping Beam+1"],"picked":"SKIP","floor":47},{"not_picked":["Rebound+1","Consume+1"],"picked":"Thunder Strike+1","floor":48}],"player_experience":424023,"relics_obtained":[{"floor":8,"key":"Bird Faced Urn"},{"floor":9,"key":"Mango"},{"floor":10,"key":"FossilizedHelix"},{"floor":12,"key":"Molten Egg 2"},{"floor":23,"key":"Shuriken"},{"floor":25,"key":"Girya"},{"floor":26,"key":"Centennial Puzzle"},{"floor":27,"key":"Lantern"},{"floor":43,"key":"DataDisk"}],"event_choices":[{"damage_healed":0,"gold_gain":0,"player_choice":"Success","damage_taken":3,"relics_obtained":["Pear"],"max_hp_gain":0,"max_hp_loss":0,"event_name":"Scrap Ooze","floor":5,"gold_loss":0},{"damage_healed":0,"gold_gain":0,"player_choice":"Entered Light","damage_taken":21,"max_hp_gain":0,"max_hp_loss":0,"event_name":"Shining Light","floor":13,"gold_loss":0,"cards_upgraded":["Strike_B","Defend_B"]},{"damage_healed":0,"gold_gain":75,"player_choice":"Touch","damage_taken":10,"max_hp_gain":0,"max_hp_loss":0,"event_name":"FaceTrader","floor":14,"gold_loss":0},{"damage_healed":0,"gold_gain":0,"cards_transformed":["Strike_B"],"player_choice":"Transformed","damage_taken":0,"max_hp_gain":0,"max_hp_loss":0,"event_name":"Transmorgrifier","floor":19,"gold_loss":0,"cards_obtained":["Go for the Eyes"]},{"cards_removed":["Ball Lightning"],"damage_healed":0,"gold_gain":0,"player_choice":"Removed Attack","damage_taken":0,"max_hp_gain":0,"max_hp_loss":0,"event_name":"Falling","floor":36,"gold_loss":0},{"damage_healed":0,"gold_gain":275,"player_choice":"Desecrate","damage_taken":0,"max_hp_gain":0,"max_hp_loss":0,"event_name":"Golden Shrine","floor":37,"gold_loss":0,"cards_obtained":["Regret"]},{"damage_healed":0,"gold_gain":0,"player_choice":"Paid","damage_taken":0,"relics_obtained":["Red Mask"],"max_hp_gain":0,"max_hp_loss":0,"event_name":"Tomb of Lord Red Mask","floor":41,"gold_loss":49},{"damage_healed":0,"gold_gain":0,"player_choice":"1 cards matched","damage_taken":0,"max_hp_gain":0,"max_hp_loss":0,"event_name":"Match and Keep!","floor":45,"gold_loss":0,"cards_obtained":["Creative AI"]}],"is_beta":true,"boss_relics":[{"not_picked":["Ectoplasm","Snecko Eye"],"picked":"Orrery"},{"not_picked":["Fusion Hammer","Black Star"],"picked":"Coffee Dripper"}],"items_purged_floors":[4,28,38],"is_endless":false,"potions_floor_spawned":[1,2,7,12,23,24,25,30,39,47],"ascension_level":4}