{"gold_per_floor":[115,126,143,143,161,189,0,0,27,42,42,60,78,94,94,94],"floor_reached":16,"playtime":557,"items_purged":[],"score":127,"play_id":"87710704-80ec-4dc9-86b1-a6d42e831112","local_time":"20190131125156","is_ascension_mode":true,"campfire_choices":[{"data":"Leap","floor":8,"key":"SMITH"},{"data":"Glacier","floor":11,"key":"SMITH"},{"floor":15,"key":"REST"}],"neow_cost":"NONE","seed_source_timestamp":627885232820672,"circlet_count":0,"master_deck":["Strike_B","Strike_B","Strike_B","Strike_B","Defend_B","Defend_B","Defend_B","Defend_B","Zap+1","Dualcast","Ball Lightning","Ball Lightning","White Noise+1","Glacier+1","Leap+1","Violence","Cold Snap"],"relics":["Cracked Core","Potion Belt","Regal Pillow"],"potions_floor_usage":[12,14,16,16,16],"damage_taken":[{"damage":9,"enemies":"Jaw Worm","floor":1,"turns":3},{"damage":6,"enemies":"Cultist","floor":2,"turns":3},{"damage":1,"enemies":"2 Louse","floor":3,"turns":2},{"damage":15,"enemies":"Large Slime","floor":5,"turns":5},{"damage":5,"enemies":"Lagavulin","floor":6,"turns":6},{"damage":12,"enemies":"2 Fungi Beasts","floor":10,"turns":2},{"damage":0,"enemies":"3 Louse","floor":12,"turns":2},{"damage":6,"enemies":"Gremlin Gang","floor":13,"turns":4},{"damage":15,"enemies":"Lots of Slimes","floor":14,"turns":3},{"damage":44,"enemies":"Hexaghost","floor":16,"turns":13}],"seed_played":"1655914389123663609","potions_obtained":[{"floor":1,"key":"Weak Potion"},{"floor":3,"key":"SkillPotion"},{"floor":5,"key":"Fire Potion"},{"floor":13,"key":"EssenceOfSteel"},{"floor":14,"key":"PowerPotion"}],"is_trial":false,"path_per_floor":["M","M","M","?","M","E","$","R","T","M","R","M","M","M","R","B"],"character_chosen":"DEFECT","items_purchased":["Violence"],"campfire_rested":1,"item_purchase_floors":[7],"current_hp_per_floor":[66,60,59,59,44,39,39,39,39,27,27,27,21,6,43,0],"gold":94,"neow_bonus":"UPGRADE_CARD","is_prod":false,"is_daily":false,"chose_seed":false,"campfire_upgraded":2,"win_rate":0,"timestamp":1548960716,"path_taken":["M","M","M","?","M","E","$","R","T","M","R","M","M","M","R","BOSS"],"build_version":"2019-01-23","purchased_purges":0,"victory":false,"max_hp_per_floor":[75,75,75,75,75,75,75,75,75,75,75,75,75,75,75,75],"card_choices":[{"not_picked":["Loop","Redo"],"picked":"Ball Lightning","floor":1},{"not_picked":["Steam","Hello World"],"picked":"Ball Lightning","floor":2},{"not_picked":["Rebound","Hologram"],"picked":"White Noise","floor":3},{"not_picked":["Genetic Algorithm","Reinforced Body"],"picked":"Glacier","floor":5},{"not_picked":["Reboot","Force Field"],"picked":"Leap","floor":6},{"not_picked":["Compile Driver","Self Repair"],"picked":"Cold Snap","floor":10},{"not_picked":["Darkness","Compile Driver","Melter"],"picked":"SKIP","floor":12},{"not_picked":["Turbo","Redo","Streamline"],"picked":"SKIP","floor":13},{"not_picked":["Static Discharge","Chaos","Reprogram"],"picked":"SKIP","floor":14}],"player_experience":419112,"relics_obtained":[{"floor":6,"key":"Potion Belt"},{"floor":9,"key":"Regal Pillow"}],"event_choices":[{"damage_healed":0,"gold_gain":0,"player_choice":"Upgraded","damage_taken":0,"max_hp_gain":0,"max_hp_loss":0,"event_name":"Upgrade Shrine","floor":4,"gold_loss":0,"cards_upgraded":["White Noise"]}],"is_beta":true,"boss_relics":[],"items_purged_floors":[],"is_endless":false,"potions_floor_spawned":[1,3,5,13,14],"killed_by":"Hexaghost","ascension_level":4}