{"gold_per_floor":[111,111,36,36,50,50,63,63,63,63,75,88,122,139,139,243,243,258,269,116,116,116,141,141,156,156,167,179,179,54,154,154,154],"floor_reached":33,"playtime":1502,"items_purged":["Defend_G","Strike_G","Strike_G"],"score":292,"play_id":"e750918a-e241-430a-a75b-d0634e202635","local_time":"20190829172035","is_ascension_mode":false,"campfire_choices":[{"data":"Neutralize","floor":6,"key":"SMITH"},{"data":"Footwork","floor":8,"key":"SMITH"},{"data":"Poisoned Stab","floor":10,"key":"SMITH"},{"data":"Neutralize","floor":15,"key":"SMITH"},{"data":"Blade Dance","floor":24,"key":"SMITH"},{"floor":32,"key":"REST"}],"neow_cost":"NONE","seed_source_timestamp":1150617794203600,"circlet_count":0,"master_deck":["Strike_G","Strike_G","Defend_G","Defend_G","Defend_G","Defend_G","Survivor+1","Neutralize+1","Blade Dance+1","Neutralize+1","Poisoned Stab+1","Footwork+1","Backstab+1","PiercingWail+1","Blade Dance+1","Doppelganger+1","Poisoned Stab+1","Backflip+1","Dash+1"],"relics":["Ring of the Snake","Toxic Egg 2","Bag of Preparation","Black Star","Blue Candle","Juzu Bracelet","Matryoshka"],"potions_floor_usage":[13,23,33,33],"damage_taken":[{"damage":0,"enemies":"Small Slimes","floor":1,"turns":4},{"damage":0,"enemies":"Jaw Worm","floor":5,"turns":4},{"damage":0,"enemies":"Cultist","floor":7,"turns":3},{"damage":0,"enemies":"Blue Slaver","floor":11,"turns":4},{"damage":0,"enemies":"Exordium Thugs","floor":12,"turns":4},{"damage":0,"enemies":"Lagavulin","floor":13,"turns":5},{"damage":0,"enemies":"Lots of Slimes","floor":14,"turns":4},{"damage":46,"enemies":"Slime Boss","floor":16,"turns":18},{"damage":8,"enemies":"Shell Parasite","floor":18,"turns":5},{"damage":10,"enemies":"Spheric Guardian","floor":19,"turns":4},{"damage":19,"enemies":"Book of Stabbing","floor":23,"turns":7},{"damage":5,"enemies":"Centurion and Healer","floor":25,"turns":6},{"damage":3,"enemies":"Snecko","floor":27,"turns":6},{"damage":1,"enemies":"Snake Plant","floor":28,"turns":4},{"damage":47,"enemies":"Collector","floor":33,"turns":11}],"seed_played":"-5457615478674269294","potions_obtained":[{"floor":1,"key":"Poison Potion"},{"floor":11,"key":"Swift Potion"},{"floor":12,"key":"Ancient Potion"},{"floor":16,"key":"Explosive Potion"},{"floor":23,"key":"EssenceOfSteel"},{"floor":27,"key":"PowerPotion"}],"is_trial":false,"path_per_floor":["M","?","$","?","M","R","M","R","T","R","M","M","E","M","R","B",null,"M","M","$","?","?","E","R","M","T","M","M","?","$","?","R","B"],"character_chosen":"THE_SILENT","items_purchased":["Backflip+1"],"campfire_rested":1,"item_purchase_floors":[20],"current_hp_per_floor":[70,70,70,70,70,70,70,70,70,70,70,70,70,70,70,24,70,62,52,52,52,52,33,33,28,28,25,24,24,24,24,45,0],"gold":154,"neow_bonus":"UPGRADE_CARD","is_prod":false,"is_daily":false,"chose_seed":false,"campfire_upgraded":5,"win_rate":0,"timestamp":1567066835,"path_taken":["M","?","$","?","M","R","M","R","T","R","M","M","E","?","R","BOSS","M","M","$","?","?","E","R","M","T","M","M","?","?","?","R","BOSS"],"build_version":"2019-07-17","purchased_purges":3,"victory":false,"max_hp_per_floor":[70,70,70,70,70,70,70,70,70,70,70,70,70,70,70,70,70,70,70,70,70,70,70,70,70,70,70,70,70,70,70,70,70],"card_choices":[{"not_picked":["Calculated Gamble","Dagger Throw"],"picked":"Blade Dance","floor":1},{"not_picked":["Bouncing Flask","Infinite Blades"],"picked":"Poisoned Stab","floor":5},{"not_picked":["Prepared","PiercingWail"],"picked":"Footwork","floor":7},{"not_picked":["Predator","Outmaneuver+1"],"picked":"Backstab","floor":11},{"not_picked":["Endless Agony","Tools of the Trade"],"picked":"PiercingWail+1","floor":12},{"not_picked":["Quick Slash","Endless Agony"],"picked":"Blade Dance+1","floor":13},{"not_picked":["Quick Slash","Blade Dance+1","Poisoned Stab"],"picked":"SKIP","floor":14},{"not_picked":["Glass Knife","Night Terror+1"],"picked":"Doppelganger+1","floor":16},{"not_picked":["Prepared+1","Sucker Punch+1"],"picked":"Poisoned Stab+1","floor":18},{"not_picked":["Slice+1","Bane","Acrobatics+1"],"picked":"SKIP","floor":19},{"not_picked":["All Out Attack","Blade Dance+1","Sucker Punch+1"],"picked":"SKIP","floor":23},{"not_picked":["Crippling Poison+1","Eviscerate"],"picked":"Dash+1","floor":25},{"not_picked":["Underhanded Strike","Terror+1","Bane+1"],"picked":"SKIP","floor":27},{"not_picked":["Flying Knee","Blade Dance+1","Masterful Stab+1"],"picked":"SKIP","floor":28}],"player_experience":306132,"relics_obtained":[{"floor":9,"key":"Toxic Egg 2"},{"floor":13,"key":"Bag of Preparation"},{"floor":23,"key":"Blue Candle"},{"floor":23,"key":"Juzu Bracelet"},{"floor":26,"key":"Matryoshka"}],"event_choices":[{"cards_removed":["Strike_G"],"damage_healed":0,"gold_gain":0,"player_choice":"Forget","damage_taken":0,"max_hp_gain":0,"max_hp_loss":0,"event_name":"Living Wall","floor":2,"gold_loss":0},{"damage_healed":0,"gold_gain":0,"player_choice":"1 cards matched","damage_taken":0,"max_hp_gain":0,"max_hp_loss":0,"event_name":"Match and Keep!","floor":4,"gold_loss":0,"cards_obtained":["Neutralize"]},{"damage_healed":0,"gold_gain":0,"player_choice":"Ignored","damage_taken":0,"max_hp_gain":0,"max_hp_loss":0,"event_name":"Ghosts","floor":21,"gold_loss":0},{"damage_healed":0,"gold_gain":0,"player_choice":"Ignored","damage_taken":0,"max_hp_gain":0,"max_hp_loss":0,"event_name":"Cursed Tome","floor":22,"gold_loss":0},{"damage_healed":0,"gold_gain":0,"player_choice":"Upgraded","damage_taken":0,"max_hp_gain":0,"max_hp_loss":0,"event_name":"Upgrade Shrine","floor":29,"gold_loss":0,"cards_upgraded":["Backstab"]},{"damage_healed":0,"gold_gain":100,"player_choice":"Pray","damage_taken":0,"max_hp_gain":0,"max_hp_loss":0,"event_name":"Golden Shrine","floor":31,"gold_loss":0}],"is_beta":false,"boss_relics":[{"not_picked":["Astrolabe","Coffee Dripper"],"picked":"Black Star"}],"items_purged_floors":[3,20,30],"is_endless":false,"potions_floor_spawned":[1,11,12,16,18,23,27],"killed_by":"Collector","ascension_level":0}