{"path_per_floor":["M","?","$","?","M","E","M","E","T","R","M","M","T","M","R","B",null,"M","M","$","?","$","M","M","E","T","M","M","M","?","E","R","B",null,"M","M","$","?","?","E","?","R","T","M","E","M","?","?","R","B"],"character_chosen":"IRONCLAD","items_purchased":["Membership Card","Bandage Up","Good Instincts","Matryoshka","Flex"],"gold_per_floor":[112,112,37,37,51,85,96,121,144,144,156,167,467,479,479,578,578,594,607,236,236,52,62,82,108,155,169,184,201,201,234,234,339,339,351,361,17,64,0,34,34,34,34,49,75,88,88,88,88,88],"floor_reached":51,"campfire_rested":0,"playtime":3397,"current_hp_per_floor":[80,80,80,90,90,90,90,83,83,83,81,87,87,75,75,72,90,90,76,76,76,76,71,81,58,58,64,71,81,81,82,82,32,90,90,90,90,81,81,42,42,42,49,48,60,72,62,62,62,91],"items_purged":["Strike_R","Heavy Blade","Bash","Defend_R"],"gold":88,"play_id":"6e3ebb2d-9546-4377-8291-f209a7530a83","is_prod":false,"is_daily":false,"is_ascension_mode":false,"campfire_upgraded":5,"path_taken":["M","?","$","?","?","E","M","E","T","R","M","M","?","?","R","BOSS","M","M","$","?","$","M","M","E","T","M","M","M","?","E","R","BOSS","M","M","$","?","?","E","?","R","T","M","E","M","?","?","R","BOSS"],"build_version":"2018-01-23-BETA1","purchased_purges":4,"victory":true,"master_deck":["Strike_R","Strike_R","Strike_R","Defend_R","Defend_R","Defend_R","Clash","Sever Soul","Clash","Clash","Anger","Anger","Havoc","Bandage Up","Good Instincts","Anger","Anger","Anger","Intimidate","Flex","Clash","Madness","Madness"],"max_hp_per_floor":[80,80,80,90,90,90,90,90,90,90,90,90,90,90,90,90,90,90,90,90,90,90,90,90,90,90,90,90,90,90,90,90,90,90,90,90,90,90,90,90,90,90,97,97,97,97,97,97,97,97],"relics":["Burning Blood","NeowsBlessing","Happy Flower","Unceasing Top","Bronze Scales","Old Coin","Black Star","Membership Card","Centennial Puzzle","Letter Opener","Omamori","Whetstone","Juzu Bracelet","Lizard Tail","Matryoshka","Charon\u0027s Ashes","Red Mask","Bag of Marbles","Pen Nib","Strawberry","Gambling Chip","Pantograph","Bottled Flame"],"card_choices":[{"not_picked":["Searing Blow","Warcry"],"picked":"Heavy Blade"},{"not_picked":["Cleave","Battle Trance"],"picked":"Clash"},{"not_picked":["Immolate","Dual Wield"],"picked":"Sever Soul"},{"not_picked":["Dropkick","Clothesline"],"picked":"Clash"},{"not_picked":["Shrug It Off","Uppercut"],"picked":"Clash"},{"not_picked":["Twin Strike","Whirlwind"],"picked":"Anger"},{"not_picked":["Sword Boomerang","Warcry"],"picked":"Anger"},{"not_picked":["Wild Strike","Inflame"],"picked":"Havoc"},{"not_picked":["Corruption","Armaments"],"picked":"Anger"},{"not_picked":["Berserk","Perfected Strike"],"picked":"Anger"},{"not_picked":["Iron Wave","Clash"],"picked":"Anger"},{"not_picked":["Warcry","Twin Strike"],"picked":"Intimidate"},{"not_picked":["Second Wind","Heavy Blade"],"picked":"Clash"}],"player_experience":0,"potions_floor_usage":[7,8,8,28,31,31,38,38,40],"damage_taken":[{"damage":0,"enemies":"Jaw Worm","floor":1,"turns":1},{"damage":0,"enemies":"Blue Slaver","floor":5,"turns":1},{"damage":0,"enemies":"Gremlin Nob","floor":6,"turns":1},{"damage":0,"enemies":"Small Slimes","floor":7,"turns":1},{"damage":13,"enemies":"3 Sentries","floor":8,"turns":6},{"damage":8,"enemies":"Red Slaver","floor":11,"turns":2},{"damage":0,"enemies":"Looter","floor":12,"turns":2},{"damage":18,"enemies":"Exordium Thugs","floor":14,"turns":2},{"damage":9,"enemies":"Slime Boss","floor":16,"turns":5},{"damage":0,"enemies":"Chosen","floor":18,"turns":3},{"damage":20,"enemies":"2 Thieves","floor":19,"turns":2},{"damage":15,"enemies":"Snecko","floor":23,"turns":4},{"damage":0,"enemies":"3 Cultists","floor":24,"turns":3},{"damage":33,"enemies":"Slavers","floor":25,"turns":5},{"damage":4,"enemies":"Centurion and Healer","floor":27,"turns":3},{"damage":3,"enemies":"Slaver and Parasite","floor":28,"turns":3},{"damage":0,"enemies":"Sentry and Sphere","floor":29,"turns":3},{"damage":12,"enemies":"Book of Stabbing","floor":31,"turns":3},{"damage":60,"enemies":"Collector","floor":33,"turns":7},{"damage":3,"enemies":"3 Shapes","floor":35,"turns":3},{"damage":0,"enemies":"Flame Bruiser 1 Orb","floor":36,"turns":4},{"damage":15,"enemies":"Mysterious Sphere","floor":38,"turns":3},{"damage":58,"enemies":"2 Orb Walkers","floor":40,"turns":5},{"damage":13,"enemies":"Sphere and 2 Shapes","floor":44,"turns":3},{"damage":0,"enemies":"Giant Head","floor":45,"turns":4},{"damage":0,"enemies":"Flame Bruiser 2 Orb","floor":46,"turns":2},{"damage":8,"enemies":"Awakened One","floor":50,"turns":6}],"event_choices":[{"event_name":"Match and Keep!","player_choice":"1 cards matched","floor":2,"damage_taken":0},{"event_name":"Bonfire Elementals","player_choice":"RARE","floor":4,"damage_taken":0},{"event_name":"Back to Basics","player_choice":"Simplicity","floor":21,"damage_taken":0},{"event_name":"Vampires","player_choice":"Ignored","floor":30,"damage_taken":0},{"event_name":"Mysterious Sphere","player_choice":"Fight","floor":38,"damage_taken":0},{"event_name":"Tomb of Lord Red Mask","player_choice":"Paid","floor":39,"damage_taken":0},{"event_name":"Winding Halls","player_choice":"Embrace Madness","floor":47,"damage_taken":0},{"event_name":"Match and Keep!","player_choice":"0 cards matched","floor":48,"damage_taken":0}],"boss_relics":[{"not_picked":["Calling Bell","Ectoplasm"],"picked":"Black Star"},{"not_picked":["White Beast Statue","Black Blood"],"picked":"Lizard Tail"}],"potions_floor_spawned":[1,5,7,25,27,28,33,35,36,40],"seed_played":"-3499567709608801874","ascension_level":0,"is_trial":false}