{"gold_per_floor":[212,62,62,75,85,113,123,123,173,173,173,173,196,211,211,337,337,361,399,418,543,181,181,256,156,156,177,201,239,46,62,62,193,193,213,226,251,264,283,283,57,95,121,121,121,121,121,134,134,134],"floor_reached":51,"playtime":2994,"items_purged":["Strike_B","Strike_B","Strike_B","Defend_B"],"score":749,"play_id":"b64e32a6-4012-4044-8f3c-5dd8a5ea037f","local_time":"20190219031307","is_ascension_mode":false,"campfire_choices":[{"data":"Dualcast","floor":10.0,"key":"SMITH"},{"data":"Zap","floor":12.0,"key":"SMITH"},{"data":"Machine Learning","floor":15.0,"key":"SMITH"},{"floor":23,"key":"REST"},{"data":"Rainbow","floor":32,"key":"SMITH"},{"data":"Glacier","floor":40,"key":"SMITH"},{"data":"Glacier","floor":45,"key":"SMITH"},{"data":"Madness","floor":47,"key":"SMITH"},{"data":"Madness","floor":49,"key":"SMITH"}],"neow_cost":"NONE","seed_source_timestamp":405421153216947,"circlet_count":0,"master_deck":["Defend_B","Defend_B","Defend_B","Zap+1","Dualcast+1","Coolheaded","Conserve Battery","Glacier+1","Streamline","Injury","FTL","Machine Learning+1","Core Surge","Glacier+1","Ball Lightning","Hologram+1","Buffer+1","Heatsinks+1","Cold Snap","Rainbow+1","Capacitor+1","Electrodynamics+1","White Noise+1","FTL+1","Reprogram+1","Cold Snap+1","Madness+1","Madness+1"],"special_seed":0,"relics":["Cracked Core","DataDisk","Darkstone Periapt","Golden Idol","Omamori","Cursed Key","Red Mask","Nunchaku","Frozen Egg 2","Symbiotic Virus","Letter Opener","Happy Flower","Nuclear Battery","Mummified Hand","Oddly Smooth Stone"],"potions_floor_usage":[21,31,50],"damage_taken":[{"damage":1.0,"enemies":"Jaw Worm","floor":1.0,"turns":4.0},{"damage":0.0,"enemies":"2 Louse","floor":4.0,"turns":3.0},{"damage":0.0,"enemies":"Cultist","floor":5.0,"turns":3.0},{"damage":23.0,"enemies":"3 Sentries","floor":6.0,"turns":8.0},{"damage":0.0,"enemies":"3 Louse","floor":7.0,"turns":3.0},{"damage":0.0,"enemies":"Looter","floor":13.0,"turns":3.0},{"damage":0.0,"enemies":"Gremlin Gang","floor":14.0,"turns":1.0},{"damage":24.0,"enemies":"Slime Boss","floor":16.0,"turns":17.0},{"damage":2.0,"enemies":"Chosen","floor":18.0,"turns":5.0},{"damage":20.0,"enemies":"Masked Bandits","floor":19.0,"turns":6.0},{"damage":7.0,"enemies":"3 Byrds","floor":20.0,"turns":5.0},{"damage":2,"enemies":"Colosseum Slavers","floor":21,"turns":5},{"damage":24,"enemies":"Colosseum Nobs","floor":21,"turns":4},{"damage":0,"enemies":"Snake Plant","floor":27,"turns":5},{"damage":0,"enemies":"Centurion and Healer","floor":28,"turns":6},{"damage":0,"enemies":"Book of Stabbing","floor":29,"turns":7},{"damage":0,"enemies":"Shelled Parasite and Fungi","floor":31,"turns":5},{"damage":7,"enemies":"Automaton","floor":33,"turns":10},{"damage":0,"enemies":"3 Darklings","floor":35,"turns":5},{"damage":2,"enemies":"3 Shapes","floor":36,"turns":4},{"damage":8,"enemies":"Spire Growth","floor":37,"turns":5},{"damage":0,"enemies":"Maw","floor":38,"turns":8},{"damage":0,"enemies":"3 Darklings","floor":39,"turns":2},{"damage":0,"enemies":"Reptomancer","floor":42,"turns":5},{"damage":0,"enemies":"Sphere and 2 Shapes","floor":48,"turns":4},{"damage":31,"enemies":"Time Eater","floor":50,"turns":12}],"seed_played":"8612673403286313524","potions_obtained":[{"floor":5.0,"key":"SpeedPotion"},{"floor":7.0,"key":"Explosive Potion"},{"floor":13.0,"key":"SpeedPotion"},{"floor":20.0,"key":"LiquidBronze"},{"floor":21,"key":"Ancient Potion"},{"floor":27,"key":"Poison Potion"},{"floor":33,"key":"FearPotion"},{"floor":35,"key":"SpeedPotion"},{"floor":37,"key":"PowerPotion"}],"is_trial":false,"path_per_floor":["M","$","?","M","M","E","M","?","T","R","?","R","M","M","R","B",null,"M","?","M","?","$","R","?","$","T","M","M","E","$","M","R","B",null,"M","M","M","M","M","R","$","E","T","?","R","?","R","M","R","B",null],"character_chosen":"DEFECT","items_purchased":["DataDisk","Symbiotic Virus","Heatsinks+1","Capacitor+1","Capacitor+1"],"campfire_rested":1,"item_purchase_floors":[2,22,22,30,41],"current_hp_per_floor":[74,74,79,79,79,56,56,62,62,62,62,62,62,62,62,38,86,84,64,57,31,31,56,48,48,48,48,48,48,48,48,48,41,86,86,84,76,76,76,76,76,76,76,76,76,65,65,65,65,34],"gold":134,"neow_bonus":"HUNDRED_GOLD","is_prod":false,"is_daily":false,"chose_seed":false,"campfire_upgraded":8,"win_rate":0,"timestamp":1550513587,"path_taken":["M","$","?","M","M","E","M","?","T","R","?","R","M","M","R","BOSS","M","?","M","?","$","R","?","$","T","M","M","E","$","M","R","BOSS","M","?","M","M","M","R","$","E","T","?","R","?","R","M","R","BOSS"],"build_version":"2019-01-23","purchased_purges":4,"victory":true,"max_hp_per_floor":[75,75,80,80,80,80,80,86,86,86,86,86,86,86,86,86,86,86,86,86,86,86,86,86,86,86,86,86,86,86,86,86,86,86,86,86,86,86,86,86,86,86,86,86,86,86,86,86,86,86],"card_choices":[{"not_picked":["Consume","Doom and Gloom"],"picked":"Coolheaded","floor":1.0},{"not_picked":["Barrage","Gash","Reprogram"],"picked":"SKIP","floor":4.0},{"not_picked":["Multi-Cast","Hologram"],"picked":"Conserve Battery","floor":5.0},{"not_picked":["Turbo","Conserve Battery"],"picked":"Glacier","floor":6.0},{"not_picked":["Hologram","Barrage"],"picked":"Streamline","floor":7.0},{"not_picked":["Tempest","Doom and Gloom"],"picked":"FTL","floor":13.0},{"not_picked":["Coolheaded","Gash"],"picked":"Machine Learning","floor":14.0},{"not_picked":["Reboot","Buffer"],"picked":"Core Surge","floor":16.0},{"not_picked":["Hologram","Coolheaded"],"picked":"Glacier","floor":18.0},{"not_picked":["Leap","Sweeping Beam"],"picked":"Ball Lightning","floor":19.0},{"not_picked":["Turbo+1","Double Energy"],"picked":"Hologram+1","floor":20.0},{"not_picked":["Ball Lightning","Barrage"],"picked":"Buffer","floor":21},{"not_picked":["Streamline","Glacier","Coolheaded"],"picked":"SKIP","floor":27},{"not_picked":["Stack","Leap+1"],"picked":"Cold Snap","floor":28},{"not_picked":["Gash","Tempest"],"picked":"Rainbow","floor":29},{"not_picked":["Steam Power","Steam","Gash"],"picked":"SKIP","floor":31},{"not_picked":["Amplify","All For One"],"picked":"Electrodynamics+1","floor":33},{"not_picked":["Streamline+1","Steam"],"picked":"White Noise+1","floor":35},{"not_picked":["Coolheaded+1","Hologram","Conserve Battery"],"picked":"SKIP","floor":36},{"not_picked":["Barrage","Sweeping Beam+1"],"picked":"FTL+1","floor":37},{"not_picked":["Turbo","Redo","Consume"],"picked":"SKIP","floor":38},{"not_picked":["Gash+1","Melter"],"picked":"Reprogram+1","floor":39},{"not_picked":["Beam Cell","Sweeping Beam+1"],"picked":"Cold Snap+1","floor":42},{"not_picked":["Cold Snap","Sweeping Beam+1","Go for the Eyes+1"],"picked":"SKIP","floor":48}],"player_experience":240729,"relics_obtained":[{"floor":6.0,"key":"Darkstone Periapt"},{"floor":9.0,"key":"Omamori"},{"floor":19.0,"key":"Red Mask"},{"floor":21,"key":"Nunchaku"},{"floor":21,"key":"Frozen Egg 2"},{"floor":26,"key":"Letter Opener"},{"floor":29,"key":"Happy Flower"},{"floor":42,"key":"Mummified Hand"},{"floor":43,"key":"Oddly Smooth Stone"}],"event_choices":[{"damage_healed":0.0,"max_hp_gain":5.0,"max_hp_loss":0.0,"gold_gain":0.0,"event_name":"Big Fish","player_choice":"Donut","floor":3.0,"gold_loss":0.0,"damage_taken":0.0},{"damage_healed":0.0,"max_hp_gain":0.0,"max_hp_loss":0.0,"gold_gain":0.0,"event_name":"Golden Idol","player_choice":"Take Wound","floor":8.0,"gold_loss":0.0,"damage_taken":0.0,"relics_obtained":["Golden Idol"],"cards_obtained":["Injury"]},{"cards_removed":["Strike_B"],"damage_healed":0.0,"max_hp_gain":0.0,"max_hp_loss":0.0,"gold_gain":0.0,"event_name":"Bonfire Elementals","player_choice":"Offered Basic","floor":11.0,"gold_loss":0.0,"damage_taken":0.0},{"damage_healed":0.0,"max_hp_gain":0.0,"max_hp_loss":0.0,"gold_gain":0.0,"event_name":"Masked Bandits","player_choice":"Fought Bandits","floor":19.0,"gold_loss":0.0,"damage_taken":0.0},{"damage_healed":0,"gold_gain":0,"player_choice":"Fight","damage_taken":0,"max_hp_gain":0,"max_hp_loss":0,"event_name":"Colosseum","floor":21,"gold_loss":0},{"damage_healed":0,"gold_gain":0,"player_choice":"Fought Nobs","damage_taken":0,"max_hp_gain":0,"max_hp_loss":0,"event_name":"Colosseum","floor":21,"gold_loss":0},{"damage_healed":0,"gold_gain":75,"player_choice":"Touch","damage_taken":8,"max_hp_gain":0,"max_hp_loss":0,"event_name":"FaceTrader","floor":24,"gold_loss":0},{"cards_removed":["Capacitor"],"damage_healed":0,"gold_gain":0,"player_choice":"Removed Power","damage_taken":0,"max_hp_gain":0,"max_hp_loss":0,"event_name":"Falling","floor":44,"gold_loss":0},{"damage_healed":0,"gold_gain":0,"player_choice":"Embrace Madness","damage_taken":11,"max_hp_gain":0,"max_hp_loss":0,"event_name":"Winding Halls","floor":46,"gold_loss":0,"cards_obtained":["Madness","Madness"]}],"is_beta":false,"boss_relics":[{"not_picked":["Astrolabe","Lizard Tail"],"picked":"Cursed Key"},{"not_picked":["Coffee Dripper","Snecko Eye"],"picked":"Nuclear Battery"}],"items_purged_floors":[22,25,30,41],"is_endless":false,"potions_floor_spawned":[5,7,13,20,21,27,33,35,37,39,42,48],"ascension_level":0}