{"gold_per_floor":[18,18,31,46,56,86,86,99,99,24,39,39,70,106,106,227,227,247,147,147,157,107,107,141,56,103,103],"floor_reached":27,"playtime":1842,"items_purged":["Body Slam","Pain"],"score":354,"play_id":"792ba92c-8ce6-4d18-be65-80d1e559f4e5","local_time":"20180703231911","is_ascension_mode":true,"campfire_choices":[{"data":"Feed","floor":7,"key":"SMITH"},{"data":"Perfected Strike","floor":12,"key":"SMITH"},{"data":"True Grit","floor":15,"key":"SMITH"},{"data":"Double Tap","floor":23,"key":"SMITH"}],"neow_cost":"NO_GOLD","seed_source_timestamp":36675245810350,"circlet_count":0,"master_deck":["Strike_R","Strike_R","Strike_R","Strike_R+1","Strike_R","Defend_R","Defend_R","Defend_R","Defend_R+1","Bash","Feed+1","Shrug It Off","True Grit+1","Perfected Strike+1","Pommel Strike","Double Tap+1","Doubt","Writhe","Wild Strike","Flex","Twin Strike"],"relics":["Burning Blood","Lantern","Toolbox","Ornamental Fan","Calling Bell","Juzu Bracelet","Magic Flower","Meat on the Bone","Mummified Hand","Pear","Bag of Preparation"],"potions_floor_usage":[6,6,18,21,24,24,27],"damage_taken":[{"damage":15,"enemies":"Jaw Worm","floor":1,"turns":6},{"damage":6,"enemies":"2 Louse","floor":3,"turns":3},{"damage":0,"enemies":"Small Slimes","floor":4,"turns":4},{"damage":10,"enemies":"Looter","floor":5,"turns":5},{"damage":16,"enemies":"Gremlin Nob","floor":6,"turns":4},{"damage":1,"enemies":"Large Slime","floor":8,"turns":8},{"damage":11,"enemies":"Lots of Slimes","floor":11,"turns":7},{"damage":11,"enemies":"3 Sentries","floor":13,"turns":8},{"damage":1,"enemies":"3 Louse","floor":14,"turns":4},{"damage":42,"enemies":"Slime Boss","floor":16,"turns":13},{"damage":39,"enemies":"Shell Parasite","floor":18,"turns":7},{"damage":14,"enemies":"2 Thieves","floor":21,"turns":3},{"damage":61,"enemies":"Book of Stabbing","floor":24,"turns":5},{"damage":65,"enemies":"Slavers","floor":27,"turns":5}],"seed_played":"-7367479806070615400","potions_obtained":[{"floor":1,"key":"Weak Potion"},{"floor":4,"key":"Weak Potion"},{"floor":5,"key":"Explosive Potion"},{"floor":6,"key":"GamblersBrew"},{"floor":13,"key":"BloodPotion"},{"floor":18,"key":"Fire Potion"},{"floor":24,"key":"EssenceOfSteel"}],"is_trial":false,"path_per_floor":["M","?","M","M","M","E","R","M","T","$","M","R","E","M","R","B",null,"M","$","?","M","?","R","E","?","T"],"character_chosen":"IRONCLAD","items_purchased":[],"campfire_rested":0,"item_purchase_floors":[],"current_hp_per_floor":[74,57,60,69,65,55,55,64,64,64,63,63,62,67,67,31,84,72,72,72,67,67,67,48,58,58,0],"gold":103,"neow_bonus":"THREE_RARE_CARDS","is_prod":false,"is_daily":false,"chose_seed":false,"campfire_upgraded":4,"win_rate":0,"timestamp":1530652751,"path_taken":["M","?","M","M","M","E","R","M","T","$","M","R","E","M","R","BOSS","M","$","?","M","?","R","E","?","T","E"],"build_version":"2018-07-02","purchased_purges":2,"victory":false,"max_hp_per_floor":[83,83,86,89,89,89,89,93,93,93,97,97,101,101,101,101,101,101,101,101,101,101,101,101,111,111,115],"card_choices":[{"not_picked":["Dark Embrace","Bludgeon"],"picked":"Feed","floor":0},{"not_picked":["Ghostly Armor","Cleave"],"picked":"Shrug It Off","floor":1},{"not_picked":["Rupture","Armaments"],"picked":"True Grit","floor":3},{"not_picked":["Flame Barrier","Evolve","Cleave"],"picked":"SKIP","floor":4},{"not_picked":["Power Through","True Grit","Rage"],"picked":"SKIP","floor":5},{"not_picked":["Sentinel","Limit Break"],"picked":"Body Slam","floor":6},{"not_picked":["Headbutt","Iron Wave","Havoc"],"picked":"SKIP","floor":8},{"not_picked":["Iron Wave","Pummel"],"picked":"Perfected Strike","floor":11},{"not_picked":["Heavy Blade","Sword Boomerang"],"picked":"Pommel Strike","floor":13},{"not_picked":["Iron Wave","Entrench","Cleave"],"picked":"SKIP","floor":14},{"not_picked":["Dark Embrace","Impervious"],"picked":"Double Tap","floor":16},{"not_picked":["Entrench","Armaments+1"],"picked":"Wild Strike","floor":18},{"not_picked":["Seeing Red","Anger"],"picked":"Twin Strike","floor":21},{"not_picked":["Cleave","Headbutt","Shrug It Off+1"],"picked":"SKIP","floor":24}],"player_experience":236216,"relics_obtained":[{"floor":6,"key":"Lantern"},{"floor":9,"key":"Toolbox"},{"floor":13,"key":"Ornamental Fan"},{"floor":17,"key":"Juzu Bracelet"},{"floor":17,"key":"Magic Flower"},{"floor":17,"key":"Meat on the Bone"},{"floor":24,"key":"Mummified Hand"},{"floor":26,"key":"Bag of Preparation"}],"event_choices":[{"event_name":"Shining Light","player_choice":"Entered Light","floor":2,"damage_taken":0},{"event_name":"The Library","player_choice":"Read","floor":20,"damage_taken":0},{"event_name":"The Joust","player_choice":"Bet on Murderer","floor":22,"damage_taken":0},{"event_name":"Addict","player_choice":"Obtained Relic","floor":25,"damage_taken":0}],"boss_relics":[{"not_picked":["Astrolabe","Runic Dome"],"picked":"Calling Bell"}],"items_purged_floors":[10,19],"is_endless":false,"potions_floor_spawned":[1,4,5,6,13,18,24],"killed_by":"Slavers","ascension_level":5}