{"gold_per_floor":[115,129,145,2,102,102,121,121,121,121,72,72,90,133,133,258,258,277,293,309,334,334,334,334],"floor_reached":24,"playtime":1714,"items_purged":["Strike_B"],"score":198,"play_id":"3dc40e5b-7988-425f-b50c-9d8adbd7ab61","local_time":"20181109180433","is_ascension_mode":false,"campfire_choices":[{"data":"Zap","floor":6,"key":"SMITH"},{"data":"Genetic Algorithm","floor":8,"key":"SMITH"},{"floor":15,"key":"REST"},{"floor":23,"key":"REST"}],"neow_cost":"NONE","seed_source_timestamp":2553909218368103,"circlet_count":0,"master_deck":["Strike_B","Strike_B","Strike_B","Defend_B","Defend_B","Defend_B","Defend_B","Zap+1","Dualcast","Lockon","Genetic Algorithm+1","Rebound","Capacitor","Hologram","FTL","Leap","Rainbow","Auto Shields+1","Self Repair","Echo Form"],"relics":["Cracked Core","DataDisk","Turnip","Golden Idol","Gambling Chip","Nuclear Battery"],"potions_floor_usage":[7,21,22],"damage_taken":[{"damage":7,"enemies":"Jaw Worm","floor":1,"turns":4},{"damage":0,"enemies":"Cultist","floor":2,"turns":2},{"damage":0,"enemies":"2 Louse","floor":3,"turns":2},{"damage":8,"enemies":"Large Slime","floor":7,"turns":4},{"damage":2,"enemies":"Blue Slaver","floor":13,"turns":3},{"damage":20,"enemies":"3 Sentries","floor":14,"turns":7},{"damage":16,"enemies":"Slime Boss","floor":16,"turns":7},{"damage":0,"enemies":"Chosen","floor":18,"turns":3},{"damage":9,"enemies":"Shell Parasite","floor":19,"turns":7},{"damage":7,"enemies":"Snake Plant","floor":20,"turns":5},{"damage":34,"enemies":"Cultist and Chosen","floor":21,"turns":7},{"damage":7,"enemies":"Colosseum Slavers","floor":22,"turns":4},{"damage":65,"enemies":"3 Cultists","floor":24,"turns":6}],"seed_played":"7479554470667293949","potions_obtained":[{"floor":1,"key":"Explosive Potion"},{"floor":16,"key":"Dexterity Potion"},{"floor":21,"key":"Explosive Potion"}],"is_trial":false,"path_per_floor":["M","M","M","$","?","R","M","R","T","?","$","$","M","E","R","B",null,"M","M","M","M","?","R","M"],"character_chosen":"DEFECT","items_purchased":["Capacitor","Hologram"],"campfire_rested":2,"item_purchase_floors":[4,11],"current_hp_per_floor":[68,68,68,68,68,68,60,60,60,42,42,42,40,20,42,26,75,75,66,66,39,39,61,0],"gold":334,"neow_bonus":"RANDOM_COMMON_RELIC","is_prod":false,"is_daily":false,"chose_seed":false,"campfire_upgraded":2,"win_rate":0,"timestamp":1541808273,"path_taken":["M","M","M","$","?","R","?","R","T","?","?","$","?","E","R","BOSS","M","M","M","M","?","R","M"],"build_version":"2018-11-08","purchased_purges":1,"victory":false,"max_hp_per_floor":[75,75,75,75,75,75,75,75,75,75,75,75,75,75,75,75,75,75,75,75,75,75,75,75],"card_choices":[{"not_picked":["Consume","Gash"],"picked":"Lockon","floor":1},{"not_picked":["Glacier","Turbo"],"picked":"Genetic Algorithm","floor":2},{"not_picked":["Turbo","Steam"],"picked":"Rebound","floor":3},{"not_picked":["Go for the Eyes","Force Field","Beam Cell"],"picked":"SKIP","floor":7},{"not_picked":["Rip and Tear","Rainbow"],"picked":"FTL","floor":13},{"not_picked":["Hello World","Doom and Gloom"],"picked":"Leap","floor":14},{"not_picked":["Machine Learning","Thunder Strike"],"picked":"Rainbow","floor":16},{"not_picked":["Gash","Streamline"],"picked":"Auto Shields+1","floor":18},{"not_picked":["Aggregate","Reinforced Body"],"picked":"Self Repair","floor":19},{"not_picked":["Cold Snap","Sweeping Beam","Coolheaded"],"picked":"SKIP","floor":20},{"not_picked":["Heatsinks","Chill"],"picked":"Echo Form","floor":21}],"player_experience":226287,"relics_obtained":[{"floor":9,"key":"Turnip"},{"floor":14,"key":"Gambling Chip"}],"event_choices":[{"damage_healed":0,"gold_gain":100,"player_choice":"Pray","damage_taken":0,"max_hp_gain":0,"max_hp_loss":0,"event_name":"Golden Shrine","floor":5,"gold_loss":0},{"damage_healed":0,"gold_gain":0,"player_choice":"Take Damage","damage_taken":18,"relics_obtained":["Golden Idol"],"max_hp_gain":0,"max_hp_loss":0,"event_name":"Golden Idol","floor":10,"gold_loss":0},{"damage_healed":0,"gold_gain":0,"player_choice":"Fight","damage_taken":0,"max_hp_gain":0,"max_hp_loss":0,"event_name":"Colosseum","floor":22,"gold_loss":0},{"damage_healed":0,"gold_gain":0,"player_choice":"Fled From Nobs","damage_taken":0,"max_hp_gain":0,"max_hp_loss":0,"event_name":"Colosseum","floor":22,"gold_loss":0}],"is_beta":true,"boss_relics":[{"not_picked":["Lizard Tail","Sozu"],"picked":"Nuclear Battery"}],"items_purged_floors":[4],"is_endless":false,"potions_floor_spawned":[1,16,21,22],"killed_by":"3 Cultists","ascension_level":0}