{"gold_per_floor":[119,139,64,82,94,126,126,150,202,202,216,234,234,269,269,374,374,362,462,561,561,0,0,0],"floor_reached":24,"playtime":637,"items_purged":["Strike_B"],"score":204,"play_id":"4de705b5-6fb1-41bb-9a32-105cd15c99f1","local_time":"20190131115439","is_ascension_mode":false,"campfire_choices":[{"floor":7,"key":"REST"},{"data":"Zap","floor":13,"key":"SMITH"},{"floor":15,"key":"REST"},{"floor":23,"key":"REST"}],"neow_cost":"NONE","seed_source_timestamp":624367861547392,"circlet_count":0,"master_deck":["Strike_B","Strike_B","Defend_B","Defend_B","Defend_B","Defend_B","Zap+1","Dualcast","Cold Snap","Ball Lightning","Coolheaded","All For One","Rip and Tear","Coolheaded","Gash","Cold Snap","Thunder Strike","Loop+1","Leap+1","Reinforced Body","Gash","Steam"],"relics":["Cracked Core","NeowsBlessing","The Courier","Odd Mushroom","Bronze Scales","Potion Belt","Cursed Key","Emotion Chip","Kunai","ClockworkSouvenir","Cables","Ancient Tea Set"],"potions_floor_usage":[6,8,14,14,19,24],"damage_taken":[{"damage":0,"enemies":"Small Slimes","floor":1,"turns":1},{"damage":0,"enemies":"2 Louse","floor":2,"turns":1},{"damage":0,"enemies":"Jaw Worm","floor":4,"turns":1},{"damage":27,"enemies":"Large Slime","floor":5,"turns":4},{"damage":17,"enemies":"Gremlin Nob","floor":6,"turns":4},{"damage":20,"enemies":"The Mushroom Lair","floor":8,"turns":5},{"damage":6,"enemies":"3 Louse","floor":11,"turns":2},{"damage":6,"enemies":"Red Slaver","floor":12,"turns":2},{"damage":21,"enemies":"Lagavulin","floor":14,"turns":4},{"damage":10,"enemies":"Slime Boss","floor":16,"turns":7},{"damage":16,"enemies":"2 Thieves","floor":18,"turns":4},{"damage":19,"enemies":"Colosseum Slavers","floor":19,"turns":3},{"damage":37,"enemies":"Colosseum Nobs","floor":19,"turns":5},{"damage":21,"enemies":"Slavers","floor":24,"turns":2}],"seed_played":"-5179334827820851743","potions_obtained":[{"floor":2,"key":"SteroidPotion"},{"floor":6,"key":"PowerPotion"},{"floor":8,"key":"FocusPotion"},{"floor":11,"key":"FearPotion"},{"floor":16,"key":"Ancient Potion"},{"floor":19,"key":"Explosive Potion"}],"is_trial":false,"path_per_floor":["M","M","$","M","M","E","R","?","T","?","M","M","R","E","R","B",null,"M","?","?","?","$","R","E"],"character_chosen":"DEFECT","items_purchased":["Gash","ClockworkSouvenir","Cables","Ancient Tea Set","Steam"],"campfire_rested":3,"item_purchase_floors":[22,22,22,22,22],"current_hp_per_floor":[75,75,75,75,48,31,53,33,33,58,52,46,46,25,47,37,75,59,3,3,3,3,25,4],"gold":0,"neow_bonus":"THREE_ENEMY_KILL","is_prod":false,"is_daily":false,"chose_seed":false,"campfire_upgraded":1,"win_rate":0,"timestamp":1548957279,"path_taken":["M","M","$","M","M","E","R","?","T","?","M","M","R","E","R","BOSS","M","?","?","?","$","R","E"],"build_version":"2019-01-23","purchased_purges":1,"victory":false,"max_hp_per_floor":[75,75,75,75,75,75,75,75,75,75,75,75,75,75,75,75,75,75,75,75,75,75,75,75],"card_choices":[{"not_picked":["Turbo","Gash"],"picked":"Cold Snap","floor":1},{"not_picked":["Sweeping Beam","Tempest"],"picked":"Ball Lightning","floor":2},{"not_picked":["Rebound","Steam Power"],"picked":"Coolheaded","floor":4},{"not_picked":["Steam","BootSequence"],"picked":"All For One","floor":5},{"not_picked":["Hello World","Turbo"],"picked":"Rip and Tear","floor":6},{"not_picked":["Double Energy","Stack"],"picked":"Coolheaded","floor":8},{"not_picked":["Rebound","Barrage"],"picked":"Gash","floor":11},{"not_picked":["Doom and Gloom","Tempest","Streamline"],"picked":"SKIP","floor":12},{"not_picked":["Steam","Steam Power"],"picked":"Cold Snap","floor":14},{"not_picked":["Buffer","Fission"],"picked":"Thunder Strike","floor":16},{"not_picked":["Reprogram+1","Streamline+1"],"picked":"Loop+1","floor":18},{"not_picked":["Auto Shields","Hello World"],"picked":"Leap+1","floor":19}],"player_experience":415664,"relics_obtained":[{"floor":6,"key":"The Courier"},{"floor":8,"key":"Odd Mushroom"},{"floor":9,"key":"Bronze Scales"},{"floor":14,"key":"Potion Belt"},{"floor":19,"key":"Emotion Chip"},{"floor":19,"key":"Kunai"}],"event_choices":[{"damage_healed":0,"gold_gain":0,"player_choice":"Fought Mushrooms","damage_taken":0,"max_hp_gain":0,"max_hp_loss":0,"event_name":"Mushrooms","floor":8,"gold_loss":0},{"damage_healed":25,"gold_gain":0,"player_choice":"Banana","damage_taken":0,"max_hp_gain":0,"max_hp_loss":0,"event_name":"Big Fish","floor":10,"gold_loss":0},{"damage_healed":0,"gold_gain":0,"player_choice":"Fight","damage_taken":0,"max_hp_gain":0,"max_hp_loss":0,"event_name":"Colosseum","floor":19,"gold_loss":0},{"damage_healed":0,"gold_gain":0,"player_choice":"Fought Nobs","damage_taken":0,"max_hp_gain":0,"max_hp_loss":0,"event_name":"Colosseum","floor":19,"gold_loss":0},{"damage_healed":0,"gold_gain":99,"player_choice":"Stole From Cult","damage_taken":0,"max_hp_gain":0,"max_hp_loss":0,"event_name":"Nest","floor":20,"gold_loss":0},{"damage_healed":0,"gold_gain":0,"cards_transformed":["Strike_B"],"player_choice":"Transformed","damage_taken":0,"max_hp_gain":0,"max_hp_loss":0,"event_name":"Transmorgrifier","floor":21,"gold_loss":0,"cards_obtained":["Reinforced Body"]}],"is_beta":true,"boss_relics":[{"not_picked":["Empty Cage","Calling Bell"],"picked":"Cursed Key"}],"items_purged_floors":[3],"is_endless":false,"potions_floor_spawned":[2,6,8,11,16,19],"killed_by":"Slavers","ascension_level":0}