{"gold_per_floor":[118,43,56,56,56,56,74,84,84,84,84,104,139,154,154,249,249,259,15,15,30,30,30,58,71,71,83,102,119,119,136,136,136],"floor_reached":33,"playtime":1516,"items_purged":["Strike_B","Defend_B"],"score":271,"play_id":"6478dac9-02a4-48a8-b1b4-bbd57cdad01f","local_time":"20190909001851","is_ascension_mode":false,"campfire_choices":[{"data":"Dualcast","floor":6,"key":"SMITH"},{"data":"Coolheaded","floor":10,"key":"SMITH"},{"data":"Beam Cell","floor":15,"key":"SMITH"},{"data":"Seek","floor":23,"key":"SMITH"},{"floor":32,"key":"REST"}],"neow_cost":"NONE","seed_source_timestamp":133050173725800,"circlet_count":0,"master_deck":["Strike_B+1","Strike_B+1","Defend_B+1","Defend_B+1","Defend_B+1","Zap+1","Dualcast+1","Coolheaded+1","Beam Cell+1","Gash","FTL","Cold Snap","Gash","Seek+1","Leap","Writhe","Redo+1","Glacier","Coolheaded+1"],"relics":["Cracked Core","Juzu Bracelet","Pantograph","Bag of Marbles","Nuclear Battery","Membership Card","Emotion Chip","The Courier","Mercury Hourglass"],"potions_floor_usage":[8,13],"damage_taken":[{"damage":7,"enemies":"2 Louse","floor":1,"turns":2},{"damage":0,"enemies":"Small Slimes","floor":3,"turns":3},{"damage":0,"enemies":"Cultist","floor":7,"turns":3},{"damage":8,"enemies":"Gremlin Gang","floor":8,"turns":4},{"damage":0,"enemies":"Blue Slaver","floor":12,"turns":2},{"damage":2,"enemies":"Lagavulin","floor":13,"turns":6},{"damage":3,"enemies":"Red Slaver","floor":14,"turns":2},{"damage":5,"enemies":"The Guardian","floor":16,"turns":9},{"damage":5,"enemies":"Shell Parasite","floor":18,"turns":3},{"damage":6,"enemies":"Spheric Guardian","floor":21,"turns":4},{"damage":4,"enemies":"Slavers","floor":24,"turns":7},{"damage":0,"enemies":"3 Cultists","floor":25,"turns":6},{"damage":16,"enemies":"Shelled Parasite and Fungi","floor":27,"turns":4},{"damage":18,"enemies":"Snecko","floor":28,"turns":7},{"damage":7,"enemies":"Cultist and Chosen","floor":29,"turns":5},{"damage":2,"enemies":"3 Cultists","floor":31,"turns":5},{"damage":74,"enemies":"Automaton","floor":33,"turns":12}],"seed_played":"-4117616121671868295","potions_obtained":[{"floor":1,"key":"EssenceOfSteel"},{"floor":3,"key":"Dexterity Potion"},{"floor":8,"key":"Strength Potion"},{"floor":14,"key":"Ancient Potion"},{"floor":16,"key":"FearPotion"}],"is_trial":false,"path_per_floor":["M","$","M","?","?","R","M","M","T","R","?","M","E","M","R","B",null,"M","$","?","M","?","R","E","M","T","M","M","M","?","M","R","B"],"character_chosen":"DEFECT","items_purchased":["Membership Card"],"campfire_rested":1,"item_purchase_floors":[19],"current_hp_per_floor":[68,68,68,68,68,68,68,60,60,60,53,53,51,48,48,68,75,70,70,70,64,64,64,60,60,60,44,26,19,19,17,39,0],"gold":136,"neow_bonus":"RANDOM_COMMON_RELIC","is_prod":false,"is_daily":false,"chose_seed":false,"campfire_upgraded":4,"win_rate":0,"timestamp":1567955931,"path_taken":["M","$","M","?","?","R","M","M","T","R","?","M","E","M","R","BOSS","M","$","?","M","?","R","E","M","T","M","M","M","?","M","R","BOSS"],"build_version":"2019-07-17","purchased_purges":2,"victory":false,"max_hp_per_floor":[75,75,75,75,75,75,75,75,75,75,75,75,75,75,75,75,75,75,75,75,75,75,75,75,75,75,75,75,75,75,75,75,75],"card_choices":[{"not_picked":["Loop","Steam"],"picked":"Coolheaded","floor":1},{"not_picked":["Darkness","Barrage"],"picked":"Beam Cell","floor":3},{"not_picked":["Heatsinks","Chaos"],"picked":"Gash","floor":7},{"not_picked":["Streamline","Compile Driver"],"picked":"FTL","floor":8},{"not_picked":["Coolheaded","Rip and Tear"],"picked":"Cold Snap","floor":12},{"not_picked":["Turbo","Barrage"],"picked":"Gash","floor":13},{"not_picked":["Cold Snap","Coolheaded"],"picked":"Seek","floor":14},{"not_picked":["Fusion","Sunder"],"picked":"Leap","floor":18},{"not_picked":["Steam Power+1","Reprogram","Sweeping Beam"],"picked":"SKIP","floor":21},{"not_picked":["Barrage","Rebound+1"],"picked":"Redo+1","floor":24},{"not_picked":["Scrape","Blizzard+1","Static Discharge+1"],"picked":"SKIP","floor":25},{"not_picked":["Chaos","Darkness+1","Rebound"],"picked":"SKIP","floor":27},{"not_picked":["Redo","Turbo","Compile Driver"],"picked":"SKIP","floor":28},{"not_picked":["Ball Lightning+1","Redo"],"picked":"Glacier","floor":29},{"not_picked":["Hyperbeam","Turbo"],"picked":"Coolheaded+1","floor":31}],"player_experience":378643,"relics_obtained":[{"floor":9,"key":"Pantograph"},{"floor":13,"key":"Bag of Marbles"},{"floor":24,"key":"The Courier"},{"floor":26,"key":"Mercury Hourglass"}],"event_choices":[{"damage_healed":0,"gold_gain":0,"player_choice":"Grow","damage_taken":0,"max_hp_gain":0,"max_hp_loss":0,"event_name":"Living Wall","floor":4,"gold_loss":0,"cards_upgraded":["Zap"]},{"damage_healed":0,"gold_gain":0,"player_choice":"Ignored","damage_taken":0,"max_hp_gain":0,"max_hp_loss":0,"event_name":"Liars Game","floor":5,"gold_loss":0},{"cards_removed":["Strike_B"],"damage_healed":0,"gold_gain":0,"player_choice":"Card Removal","damage_taken":7,"max_hp_gain":0,"max_hp_loss":0,"event_name":"Golden Wing","floor":11,"gold_loss":0},{"damage_healed":0,"gold_gain":0,"player_choice":"Simplicity","damage_taken":0,"max_hp_gain":0,"max_hp_loss":0,"event_name":"Back to Basics","floor":20,"gold_loss":0,"cards_upgraded":["Strike_B","Strike_B","Defend_B","Defend_B","Defend_B"]},{"damage_healed":0,"gold_gain":0,"player_choice":"Opened","damage_taken":0,"relics_obtained":["Emotion Chip"],"max_hp_gain":0,"max_hp_loss":0,"event_name":"The Mausoleum","floor":22,"gold_loss":0,"cards_obtained":["Writhe"]},{"damage_healed":0,"gold_gain":0,"player_choice":"Ignored","damage_taken":0,"max_hp_gain":0,"max_hp_loss":0,"event_name":"Vampires","floor":30,"gold_loss":0}],"is_beta":false,"boss_relics":[{"not_picked":["Snecko Eye","Pandora\u0027s Box"],"picked":"Nuclear Battery"}],"items_purged_floors":[2,19],"is_endless":false,"potions_floor_spawned":[1,3,8,14,16,18,21,29,31],"killed_by":"Automaton","ascension_level":0}