{"gold_per_floor":[113,128,138,138,150,162,213,82,105,118,132,32,32,51,51,172,172,172,172,172,172],"floor_reached":21,"playtime":2016,"items_purged":["Strike_G","Regret"],"score":210,"play_id":"558aca74-975d-4e47-abce-02d793ac349d","local_time":"20190126211754","is_ascension_mode":true,"campfire_choices":[{"data":"Footwork","floor":6,"key":"SMITH"},{"floor":13,"key":"REST"},{"floor":15,"key":"REST"}],"neow_cost":"NONE","seed_source_timestamp":42034169926678,"circlet_count":0,"master_deck":["Defend_G","Defend_G","Defend_G","Defend_G","Defend_G","Strike_G","Strike_G","Strike_G","Strike_G","Survivor","Neutralize","Poisoned Stab","Footwork+1","Dash","Caltrops","PiercingWail","Backflip","Deflect","After Image","Dagger Throw+1","Dodge and Roll"],"relics":["Velvet Choker","MawBank","Golden Idol","Girya","Omamori","Ectoplasm"],"potions_floor_usage":[10,19],"damage_taken":[{"damage":3,"enemies":"Jaw Worm","floor":1,"turns":4},{"damage":0,"enemies":"Small Slimes","floor":2,"turns":4},{"damage":1,"enemies":"Cultist","floor":3,"turns":3},{"damage":35,"enemies":"3 Sentries","floor":7,"turns":12},{"damage":3,"enemies":"Gremlin Gang","floor":10,"turns":5},{"damage":3,"enemies":"2 Fungi Beasts","floor":11,"turns":5},{"damage":4,"enemies":"Red Slaver","floor":14,"turns":5},{"damage":19,"enemies":"Hexaghost","floor":16,"turns":12},{"damage":0,"enemies":"Chosen","floor":18,"turns":6},{"damage":8,"enemies":"Spheric Guardian","floor":19,"turns":6},{"damage":41,"enemies":"Cultist and Chosen","floor":20,"turns":13},{"damage":53,"enemies":"Chosen and Byrds","floor":21,"turns":5}],"seed_played":"-2005794690662601301","potions_obtained":[{"floor":3,"key":"GhostInAJar"},{"floor":16,"key":"SpeedPotion"},{"floor":18,"key":"FairyPotion"}],"is_trial":false,"path_per_floor":["M","M","M","?","?","R","E","$","T","M","M","$","R","M","R","B",null,"M","M","M","M"],"character_chosen":"THE_SILENT","items_purchased":["Caltrops"],"campfire_rested":2,"item_purchase_floors":[8],"current_hp_per_floor":[67,67,66,66,49,49,14,14,14,11,8,8,29,25,46,27,70,70,62,21,0],"gold":172,"neow_bonus":"BOSS_RELIC","is_prod":false,"is_daily":false,"chose_seed":false,"campfire_upgraded":1,"win_rate":0,"timestamp":1548533874,"path_taken":["M","M","M","?","?","R","E","$","T","M","M","$","R","M","R","BOSS","M","M","M","M"],"build_version":"2019-01-23","purchased_purges":2,"victory":false,"max_hp_per_floor":[70,70,70,70,70,70,70,70,70,70,70,70,70,70,70,70,70,70,70,70,70],"card_choices":[{"not_picked":["Blade Dance","Heel Hook","Outmaneuver"],"picked":"SKIP","floor":1},{"not_picked":["Flechettes","Masterful Stab"],"picked":"Poisoned Stab","floor":2},{"not_picked":["Expertise","Sucker Punch"],"picked":"Footwork","floor":3},{"not_picked":["Skewer","Expertise"],"picked":"Dash","floor":7},{"not_picked":["Dagger Spray","Calculated Gamble"],"picked":"PiercingWail","floor":10},{"not_picked":["Slice","Underhanded Strike"],"picked":"Backflip","floor":11},{"not_picked":["Endless Agony","Masterful Stab"],"picked":"Deflect","floor":14},{"not_picked":["Malaise","Storm of Steel"],"picked":"After Image","floor":16},{"not_picked":["Blade Dance","Calculated Gamble"],"picked":"Dagger Throw+1","floor":18},{"not_picked":["Tactician+1","Quick Slash"],"picked":"Dodge and Roll","floor":19},{"not_picked":["Cloak And Dagger","Calculated Gamble","Dodge and Roll"],"picked":"SKIP","floor":20}],"player_experience":312570,"relics_obtained":[{"floor":7,"key":"Girya"},{"floor":9,"key":"Omamori"}],"event_choices":[{"damage_healed":0,"gold_gain":0,"player_choice":"Box","damage_taken":0,"relics_obtained":["MawBank"],"max_hp_gain":0,"max_hp_loss":0,"event_name":"Big Fish","floor":4,"gold_loss":0,"cards_obtained":["Regret"]},{"damage_healed":0,"gold_gain":0,"player_choice":"Take Damage","damage_taken":17,"relics_obtained":["Golden Idol"],"max_hp_gain":0,"max_hp_loss":0,"event_name":"Golden Idol","floor":5,"gold_loss":0}],"is_beta":true,"boss_relics":[{"not_picked":["Black Star","Lizard Tail"],"picked":"Ectoplasm"}],"items_purged_floors":[8,12],"is_endless":false,"potions_floor_spawned":[3,16,18],"killed_by":"Chosen and Byrds","ascension_level":3}