{"gold_per_floor":[111,72,22,22,22,55,55,73,73,73,21,81,94,49,49,144,194,205,205,47,47,59,59,85,85,140,140,154,166,166,185,185,280,280,294,40,40,40,56,56],"floor_reached":40,"playtime":1856,"items_purged":["Strike_R","Strike_R"],"score":675,"play_id":"66df0cdb-204b-45e7-802c-657f81025d2b","local_time":"20190718191122","is_ascension_mode":true,"campfire_choices":[{"data":"Barricade","floor":7,"key":"SMITH"},{"data":"Shrug It Off","floor":10,"key":"SMITH"},{"data":"Flame Barrier","floor":15,"key":"SMITH"},{"data":"Limit Break","floor":23,"key":"SMITH"},{"floor":25,"key":"RECALL"},{"data":"Heavy Blade","floor":27,"key":"SMITH"},{"data":"Havoc","floor":30,"key":"SMITH"},{"floor":32,"key":"REST"}],"neow_cost":"NONE","seed_source_timestamp":23790053522115,"circlet_count":0,"master_deck":["Strike_R","Defend_R","Defend_R","Defend_R","Defend_R","Bash+1","Iron Wave+1","Flame Barrier+1","Spot Weakness","Barricade+1","Shrug It Off+1","Havoc+1","Ghostly Armor","Shrug It Off","Limit Break+1","Flex","Rage","Metallicize","Heavy Blade+1","Cleave","Juggernaut","Body Slam","Madness","Madness","Anger+1"],"relics":["Burning Blood","Gremlin Horn","FossilizedHelix","Juzu Bracelet","Tiny House","Enchiridion","Darkstone Periapt","Runic Cube","Orichalcum"],"potions_floor_usage":[12,12,16,16,24,24,24,33],"damage_taken":[{"damage":1,"enemies":"Cultist","floor":1,"turns":3},{"damage":30,"enemies":"Lagavulin","floor":6,"turns":5},{"damage":14,"enemies":"Jaw Worm","floor":8,"turns":8},{"damage":6,"enemies":"Lagavulin Event","floor":12,"turns":6},{"damage":0,"enemies":"2 Louse","floor":13,"turns":4},{"damage":0,"enemies":"Hexaghost","floor":16,"turns":13},{"damage":15,"enemies":"Shell Parasite","floor":18,"turns":8},{"damage":7,"enemies":"Spheric Guardian","floor":22,"turns":13},{"damage":0,"enemies":"Gremlin Leader","floor":24,"turns":16},{"damage":18,"enemies":"Centurion and Healer","floor":28,"turns":8},{"damage":1,"enemies":"Snecko","floor":29,"turns":6},{"damage":30,"enemies":"Snake Plant","floor":31,"turns":6},{"damage":35,"enemies":"Automaton","floor":33,"turns":12},{"damage":70,"enemies":"3 Shapes","floor":35,"turns":6},{"damage":27,"enemies":"Orb Walker","floor":39,"turns":5},{"damage":58,"enemies":"Giant Head","floor":40,"turns":7}],"seed_played":"6715209727648699338","potions_obtained":[{"floor":8,"key":"EssenceOfSteel"},{"floor":12,"key":"Strength Potion"},{"floor":13,"key":"Block Potion"},{"floor":17,"key":"Weak Potion"},{"floor":18,"key":"Fire Potion"},{"floor":24,"key":"LiquidBronze"},{"floor":33,"key":"Swift Potion"}],"is_trial":false,"path_per_floor":["M","$","?","?","?","E","R","M","T","R","$","?","M","$","R","B",null,"M","?","$","?","M","R","E","R","T","R","M","M","R","M","R","B",null,"M","$","?","?","M","E"],"character_chosen":"IRONCLAD","items_purchased":["Flame Barrier","Strength Potion","Shrug It Off","Metallicize","PowerPotion","Orichalcum"],"campfire_rested":1,"item_purchase_floors":[2,11,14,20,20,36],"current_hp_per_floor":[77,77,77,77,82,58,58,50,50,50,50,50,56,56,56,62,84,75,75,75,59,58,58,64,64,64,64,52,57,57,33,60,31,75,11,11,79,69,48,0],"gold":56,"neow_bonus":"UPGRADE_CARD","is_prod":false,"is_daily":false,"chose_seed":false,"campfire_upgraded":6,"win_rate":0,"timestamp":1563491482,"path_taken":["M","?","?","?","?","E","R","M","T","R","$","?","M","?","R","BOSS","M","?","$","?","M","R","E","R","T","R","M","M","R","M","R","BOSS","M","$","?","?","M","E"],"build_version":"2019-07-17","purchased_purges":2,"victory":false,"max_hp_per_floor":[80,80,80,80,85,85,85,85,85,85,85,85,85,85,85,85,90,90,90,90,90,90,90,90,90,90,90,90,90,90,90,90,90,90,90,90,79,79,79,79],"card_choices":[{"not_picked":["Headbutt","Wild Strike"],"picked":"Iron Wave","floor":1},{"not_picked":["Anger","Havoc"],"picked":"Barricade","floor":6},{"not_picked":["Spot Weakness","Entrench"],"picked":"Shrug It Off","floor":8},{"not_picked":["Reckless Charge","Infernal Blade"],"picked":"Havoc","floor":12},{"not_picked":["Havoc","Thunderclap"],"picked":"Ghostly Armor","floor":13},{"not_picked":["Feed","Dark Embrace"],"picked":"Limit Break","floor":16},{"not_picked":["Headbutt","Spot Weakness"],"picked":"Flex","floor":17},{"not_picked":["Inflame","Clash"],"picked":"Rage","floor":18},{"not_picked":["Heavy Blade","Flex","Bloodletting"],"picked":"SKIP","floor":22},{"not_picked":["Ghostly Armor","Shrug It Off"],"picked":"Heavy Blade","floor":24},{"not_picked":["Wild Strike","Dual Wield","Havoc+1"],"picked":"SKIP","floor":28},{"not_picked":["Anger","Havoc+1","Clash"],"picked":"SKIP","floor":29},{"not_picked":["Shrug It Off","Bloodletting"],"picked":"Cleave","floor":31},{"not_picked":["Barricade","Immolate"],"picked":"Juggernaut","floor":33},{"not_picked":["Anger","Reckless Charge"],"picked":"Body Slam","floor":35},{"not_picked":["Body Slam","Thunderclap+1"],"picked":"Anger+1","floor":39}],"player_experience":301215,"relics_obtained":[{"floor":6,"key":"Gremlin Horn"},{"floor":9,"key":"FossilizedHelix"},{"floor":12,"key":"Juzu Bracelet"},{"floor":21,"key":"Enchiridion"},{"floor":24,"key":"Darkstone Periapt"}],"event_choices":[{"cards_removed":["Strike_R"],"damage_healed":0,"gold_gain":0,"player_choice":"Card Removal","damage_taken":0,"max_hp_gain":0,"max_hp_loss":0,"event_name":"The Cleric","floor":3,"gold_loss":50},{"damage_healed":0,"gold_gain":0,"cards_transformed":["Strike_R"],"player_choice":"Change","damage_taken":0,"max_hp_gain":0,"max_hp_loss":0,"event_name":"Living Wall","floor":4,"gold_loss":0,"cards_obtained":["Spot Weakness"]},{"damage_healed":0,"gold_gain":0,"player_choice":"Donut","damage_taken":0,"max_hp_gain":5,"max_hp_loss":0,"event_name":"Big Fish","floor":5,"gold_loss":0},{"damage_healed":0,"gold_gain":0,"player_choice":"Searched \u00271\u0027 times","damage_taken":0,"max_hp_gain":0,"max_hp_loss":0,"event_name":"Dead Adventurer","floor":12,"gold_loss":0},{"damage_healed":0,"gold_gain":0,"player_choice":"Ignored","damage_taken":0,"max_hp_gain":0,"max_hp_loss":0,"event_name":"Ghosts","floor":19,"gold_loss":0},{"damage_healed":0,"gold_gain":0,"player_choice":"Obtained Book","damage_taken":16,"max_hp_gain":0,"max_hp_loss":0,"event_name":"Cursed Tome","floor":21,"gold_loss":0},{"damage_healed":79,"gold_gain":0,"player_choice":"Heal","damage_taken":0,"max_hp_gain":0,"max_hp_loss":11,"event_name":"The Moai Head","floor":37,"gold_loss":0},{"damage_healed":0,"gold_gain":0,"player_choice":"Embrace Madness","damage_taken":10,"max_hp_gain":0,"max_hp_loss":0,"event_name":"Winding Halls","floor":38,"gold_loss":0,"cards_obtained":["Madness","Madness"]}],"is_beta":false,"boss_relics":[{"not_picked":["Mark of Pain","Fusion Hammer"],"picked":"Tiny House"},{"not_picked":["Philosopher\u0027s Stone","Empty Cage"],"picked":"Runic Cube"}],"items_purged_floors":[20,36],"is_endless":false,"potions_floor_spawned":[8,12,13,18,24,33],"killed_by":"Giant Head","ascension_level":7}