{"gold_per_floor":[116,130,130,150,12,12,31,44,68,93,112,130,130,144,144,239,239,254,264,276,31,31,31,31,31,31,31,42,53,53,67,67,67],"floor_reached":33,"playtime":2295,"items_purged":[],"score":253,"play_id":"99438503-cf78-43ad-99d4-a5b82ef14e92","local_time":"20190622231006","is_ascension_mode":false,"campfire_choices":[{"data":"Slimebound:OozeBath","floor":6,"key":"SMITH"},{"floor":13,"key":"REST"},{"floor":15,"key":"REST"},{"data":"Slimebound:DuplicatedForm","floor":23,"key":"SMITH"},{"data":"Slimebound:FirmFortitude","floor":25,"key":"SMITH"},{"data":"Slimebound:CorrosiveSpit","floor":27,"key":"SMITH"},{"data":"Slimebound:WasteNot","floor":30,"key":"SMITH"},{"floor":32,"key":"REST"}],"neow_cost":"NONE","seed_source_timestamp":1074497452885787,"circlet_count":0,"master_deck":["Slimebound:Strike_Slimebound","Slimebound:Strike_Slimebound","Slimebound:Tackle","Slimebound:Defend_Slimebound","Slimebound:Defend_Slimebound","Slimebound:Defend_Slimebound","Slimebound:Defend_Slimebound","Slimebound:Split","Slimebound:CorrosiveSpit+1","Slimebound:AcidTongue","Slimebound:LeechEnergy","Slimebound:LevelUp","Slimebound:SoulSicken","Slimebound:OozeBath+1","Slimebound:FirmFortitude+1","Slimebound:ViciousTackle","Slimebound:LivingWall","Slimebound:PrepareCrush","Slimebound:AcidGelatin","Slimebound:PoisonLick","Slimebound:WasteNot+1","Slimebound:Lick+1","Slimebound:Lick","Slimebound:RejuvenatingLick","Slimebound:RejuvenatingLick","Slimebound:GoopSpray","Slimebound:DuplicatedForm+1","Writhe","Slimebound:SamplingLick"],"relics":["Slimebound:AbsorbEndCombat","Boot","Anchor","Philosopher\u0027s Stone","Lantern","Kunai"],"potions_floor_usage":[8,10,12,12,31,31,31,33],"damage_taken":[{"damage":16,"enemies":"Cultist","floor":1,"turns":5},{"damage":7,"enemies":"Jaw Worm","floor":2,"turns":4},{"damage":6,"enemies":"2 Louse","floor":4,"turns":3},{"damage":24,"enemies":"Lots of Slimes","floor":7,"turns":5},{"damage":21,"enemies":"Exordium Wildlife","floor":8,"turns":4},{"damage":30,"enemies":"3 Sentries","floor":10,"turns":7},{"damage":17,"enemies":"Looter","floor":11,"turns":3},{"damage":12,"enemies":"Exordium Thugs","floor":12,"turns":3},{"damage":7,"enemies":"Large Slime","floor":14,"turns":5},{"damage":57,"enemies":"Slime Boss","floor":16,"turns":8},{"damage":36,"enemies":"Spheric Guardian","floor":18,"turns":5},{"damage":13,"enemies":"Shell Parasite","floor":19,"turns":5},{"damage":35,"enemies":"Snake Plant","floor":20,"turns":4},{"damage":30,"enemies":"Cultist and Chosen","floor":28,"turns":6},{"damage":14,"enemies":"Snecko","floor":29,"turns":4},{"damage":10,"enemies":"Centurion and Healer","floor":31,"turns":3},{"damage":86,"enemies":"Collector","floor":33,"turns":7}],"seed_played":"7728948113365405220","potions_obtained":[{"floor":2,"key":"Fire Potion"},{"floor":4,"key":"Weak Potion"},{"floor":7,"key":"EssenceOfSteel"},{"floor":8,"key":"Slimebound:SlimedPotion"},{"floor":16,"key":"Energy Potion"},{"floor":18,"key":"Weak Potion"},{"floor":28,"key":"Weak Potion"},{"floor":31,"key":"Explosive Potion"}],"is_trial":false,"path_per_floor":["M","M","?","M","$","R","M","M","T","E","M","M","R","M","R","B",null,"M","M","M","$","?","R","?","R","T","R","M","M","R","M","R","B"],"character_chosen":"SLIMEBOUND","items_purchased":["Slimebound:OozeBath","Slimebound:RejuvenatingLick","Slimebound:GoopSpray","Slimebound:DuplicatedForm"],"campfire_rested":3,"item_purchase_floors":[5,21,21,21],"current_hp_per_floor":[62,70,70,70,70,70,55,46,46,25,14,5,26,28,49,10,70,43,48,22,22,22,22,22,22,22,22,31,28,28,29,50,0],"gold":67,"neow_bonus":"ONE_RANDOM_RARE_CARD","is_prod":false,"is_daily":false,"chose_seed":false,"campfire_upgraded":5,"win_rate":0.0,"timestamp":1561259406,"path_taken":["M","M","?","M","$","R","M","M","T","E","M","M","R","M","R","BOSS","M","M","M","$","?","R","?","R","T","R","M","M","R","?","R","BOSS"],"build_version":"2019-01-23","purchased_purges":0,"victory":false,"max_hp_per_floor":[70,70,70,70,70,70,70,70,70,70,70,70,70,70,70,70,70,70,70,70,70,70,70,70,70,70,70,70,70,70,70,70,70],"card_choices":[{"not_picked":["Slimebound:ViciousTackle","Slimebound:Prepare"],"picked":"Slimebound:LeechEnergy","floor":1},{"not_picked":["Slimebound:SplitLeeching","Slimebound:PoisonLick"],"picked":"Slimebound:LevelUp","floor":2},{"not_picked":["Slimebound:ComboTackle","Slimebound:TongueLash"],"picked":"Slimebound:SoulSicken","floor":4},{"not_picked":["Slimebound:PressTheAttack","Slimebound:ViciousTackle"],"picked":"Slimebound:FirmFortitude","floor":7},{"not_picked":["Slimebound:LeechingTouch","Slimebound:LeechEnergy"],"picked":"Slimebound:ViciousTackle","floor":8},{"not_picked":["Slimebound:DivideAndConquer","Slimebound:SamplingLick"],"picked":"Slimebound:LivingWall","floor":10},{"not_picked":["Slimebound:SplitBruiser","Slimebound:FormOfPuddle"],"picked":"Slimebound:PrepareCrush","floor":11},{"not_picked":["Slimebound:PressTheAttack","Slimebound:ViciousTackle"],"picked":"Slimebound:AcidGelatin","floor":12},{"not_picked":["Slimebound:TendrilStrike","Slimebound:SplitBruiser"],"picked":"Slimebound:PoisonLick","floor":14},{"not_picked":["Slimebound:SlimeBrawl","Slimebound:DouseInSlime"],"picked":"Slimebound:WasteNot","floor":16},{"not_picked":["Slimebound:SplitLeeching","Slimebound:ViciousTackle"],"picked":"Slimebound:Lick+1","floor":18},{"not_picked":["Slimebound:Prepare","Slimebound:DivideAndConquer+1"],"picked":"Slimebound:Lick","floor":19},{"not_picked":["Slimebound:ViciousTackle","Slimebound:ItLooksTasty+1"],"picked":"Slimebound:RejuvenatingLick","floor":20},{"not_picked":["Slimebound:LeechingTouch","Slimebound:Lick"],"picked":"Slimebound:SamplingLick","floor":28},{"not_picked":["Slimebound:SlimeBrawl","Slimebound:SplitBruiser","Slimebound:Lick"],"picked":"SKIP","floor":29},{"not_picked":["Slimebound:GoopTackle","Slimebound:SlimeBarrage","Slimebound:SelfFormingGoo"],"picked":"SKIP","floor":31}],"player_experience":543535,"relics_obtained":[{"floor":9,"key":"Boot"},{"floor":10,"key":"Anchor"},{"floor":26,"key":"Kunai"}],"event_choices":[{"cards_removed":["Slimebound:Strike_Slimebound"],"damage_healed":0,"gold_gain":0,"player_choice":"Forget","damage_taken":0,"max_hp_gain":0,"max_hp_loss":0,"event_name":"Living Wall","floor":3,"gold_loss":0},{"damage_healed":0,"gold_gain":0,"player_choice":"Opened","damage_taken":0,"relics_obtained":["Lantern"],"max_hp_gain":0,"max_hp_loss":0,"event_name":"The Mausoleum","floor":22,"gold_loss":0,"cards_obtained":["Writhe"]},{"cards_removed":["Doubt"],"damage_healed":0,"gold_gain":0,"player_choice":"Took Card","damage_taken":0,"max_hp_gain":0,"max_hp_loss":0,"event_name":"NoteForYourself","floor":24,"gold_loss":0,"cards_obtained":["Doubt"]}],"is_beta":false,"boss_relics":[{"not_picked":["White Beast Statue","Busted Crown"],"picked":"Philosopher\u0027s Stone"}],"items_purged_floors":[],"is_endless":false,"potions_floor_spawned":[2,4,7,8,16,18,28,31],"killed_by":"Collector","ascension_level":0}