{"gold_per_floor":[115,215,230,34,46,78,78,103,103,128,143,161,171,71,71,175,175,185,100,0,18,18,50,50,75,98,98,116,116,116,146,146,244,244,264,280,280,380,58,116,116,116,116,116,127,427,443,455,455,455,455,455,24,57,57],"floor_reached":55,"playtime":4248,"items_purged":["Strike_R","Strike_R","Strike_R+1"],"score":870,"play_id":"4b178ee5-51a3-428d-87d7-4a798d3ef10c","local_time":"20190605220717","is_ascension_mode":true,"campfire_choices":[{"data":"Iron Wave","floor":7,"key":"SMITH"},{"data":"Anger","floor":15,"key":"SMITH"},{"floor":24,"key":"REST"},{"data":"Offering","floor":27,"key":"SMITH"},{"floor":30,"key":"REST"},{"data":"Metallicize","floor":32,"key":"SMITH"},{"floor":42,"key":"RECALL"},{"floor":44,"key":"REST"},{"floor":46,"key":"DIG"},{"data":"Heavy Blade","floor":49,"key":"SMITH"},{"floor":52,"key":"DIG"}],"neow_cost":"NONE","seed_source_timestamp":9098973975026,"circlet_count":0,"master_deck":["Defend_R+1","Defend_R+1","Defend_R+1","Bash+1","Metallicize+1","Iron Wave+1","Flame Barrier","Rampage","Iron Wave+1","Metallicize+1","Anger+1","Juggernaut+1","Shrug It Off","Demon Form+1","True Grit+1","Shrug It Off+1","Offering+1","Second Wind+1","Fiend Fire","Cleave+1","Entrench+1","Twin Strike+1","Ghostly Armor+1","Heavy Blade+1","Uppercut","Pummel+1","Havoc+1","Clothesline+1"],"relics":["Burning Blood","Brimstone","Red Skull","Frozen Egg 2","Whetstone","Blood Vial","Black Star","Lantern","Question Card","Magic Flower","Bag of Preparation","Smiling Mask","Regal Pillow","Toxic Egg 2","Dead Branch","Empty Cage","Shovel","Medical Kit","Bronze Scales","Tiny Chest","Mummified Hand","Old Coin","Self Forming Clay","Toolbox","Art of War","Gremlin Horn"],"potions_floor_usage":[8,10,16,16,21,23,31,33,36,40,45,50,54,54,54,55],"damage_taken":[{"damage":6,"enemies":"Cultist","floor":1,"turns":3},{"damage":10,"enemies":"Jaw Worm","floor":3,"turns":4},{"damage":8,"enemies":"2 Louse","floor":5,"turns":2},{"damage":10,"enemies":"Lagavulin","floor":6,"turns":6},{"damage":6,"enemies":"Gremlin Nob","floor":8,"turns":3},{"damage":1,"enemies":"Lagavulin","floor":10,"turns":5},{"damage":3,"enemies":"Looter","floor":11,"turns":3},{"damage":10,"enemies":"Exordium Wildlife","floor":12,"turns":4},{"damage":2,"enemies":"Blue Slaver","floor":13,"turns":2},{"damage":40,"enemies":"The Guardian","floor":16,"turns":6},{"damage":36,"enemies":"2 Thieves","floor":18,"turns":5},{"damage":3,"enemies":"Spheric Guardian","floor":21,"turns":3},{"damage":17,"enemies":"Colosseum Slavers","floor":22,"turns":5},{"damage":18,"enemies":"Book of Stabbing","floor":23,"turns":4},{"damage":28,"enemies":"Slavers","floor":25,"turns":6},{"damage":24,"enemies":"Snake Plant","floor":28,"turns":3},{"damage":46,"enemies":"Gremlin Leader","floor":31,"turns":5},{"damage":43,"enemies":"Automaton","floor":33,"turns":8},{"damage":6,"enemies":"Orb Walker","floor":35,"turns":4},{"damage":30,"enemies":"3 Darklings","floor":36,"turns":2},{"damage":6,"enemies":"Mind Bloom Boss Battle","floor":38,"turns":3},{"damage":57,"enemies":"Giant Head","floor":40,"turns":8},{"damage":16,"enemies":"Maw","floor":45,"turns":6},{"damage":7,"enemies":"Spire Growth","floor":47,"turns":3},{"damage":26,"enemies":"4 Shapes","floor":48,"turns":4},{"damage":64,"enemies":"Awakened One","floor":50,"turns":7},{"damage":62,"enemies":"Shield and Spear","floor":54,"turns":6},{"damage":35,"enemies":"The Heart","floor":55,"turns":2}],"seed_played":"-4657641093014671226","potions_obtained":[{"floor":3,"key":"BloodPotion"},{"floor":6,"key":"Fire Potion"},{"floor":8,"key":"Poison Potion"},{"floor":13,"key":"FearPotion"},{"floor":16,"key":"Poison Potion"},{"floor":21,"key":"Swift Potion"},{"floor":25,"key":"Regen Potion"},{"floor":33,"key":"Fruit Juice"},{"floor":35,"key":"Explosive Potion"},{"floor":36,"key":"BloodPotion"},{"floor":40,"key":"SpeedPotion"},{"floor":48,"key":"Energy Potion"},{"floor":54,"key":"AttackPotion"}],"is_trial":false,"path_per_floor":["M","?","M","$","M","E","R","E","T","E","M","M","M","$","R","B",null,"M","?","$","M","?","E","R","E","T","R","M","?","R","E","R","B",null,"M","M","?","?","$","E","T","R","T","R","M","R","M","M","R","B",null,"R","$","E","B"],"character_chosen":"IRONCLAD","items_purchased":["Brimstone","Shrug It Off","Ghostly Armor+1","Medical Kit","Havoc+1","Toolbox","SpeedPotion","EssenceOfSteel","Swift Potion"],"campfire_rested":3,"item_purchase_floors":[4,14,39,39,53,53,53,53,53],"current_hp_per_floor":[80,80,76,76,74,70,70,70,70,75,80,76,80,80,80,54,80,50,50,50,55,46,36,60,44,44,44,32,32,71,51,51,25,85,85,64,64,70,70,37,37,37,37,77,73,73,78,64,64,12,85,85,85,32,0],"gold":57,"neow_bonus":"UPGRADE_CARD","is_prod":false,"is_daily":false,"chose_seed":false,"campfire_upgraded":5,"win_rate":0,"timestamp":1559786837,"path_taken":["M","?","M","?","M","E","R","E","T","E","M","M","?","$","R","BOSS","M","?","$","M","?","E","R","E","T","R","M","?","R","E","R","BOSS","M","M","?","?","$","E","?","R","T","R","M","R","M","?","R","BOSS","R","$","E","BOSS"],"build_version":"2019-01-23","purchased_purges":3,"victory":false,"max_hp_per_floor":[80,80,80,80,80,80,80,80,80,80,80,80,80,80,80,80,80,80,80,80,80,80,80,80,80,80,80,80,80,80,80,80,85,85,85,85,85,85,85,85,85,85,85,85,85,85,85,85,85,85,85,85,85,85,85],"card_choices":[{"not_picked":["Armaments","Clash"],"picked":"Metallicize","floor":1},{"not_picked":["Heavy Blade","Clash"],"picked":"Iron Wave","floor":3},{"not_picked":["Burning Pact","Carnage"],"picked":"Flame Barrier","floor":5},{"not_picked":["Dropkick","Flame Barrier"],"picked":"Rampage","floor":6},{"not_picked":["Brutality","True Grit"],"picked":"Iron Wave","floor":8},{"not_picked":["Wild Strike","Thunderclap"],"picked":"Metallicize+1","floor":10},{"not_picked":["Intimidate","Searing Blow"],"picked":"Anger","floor":11},{"not_picked":["Twin Strike","Headbutt"],"picked":"Juggernaut+1","floor":12},{"not_picked":["Wild Strike","Anger","Sword Boomerang"],"picked":"SKIP","floor":13},{"not_picked":["Double Tap","Brutality+1"],"picked":"Demon Form+1","floor":16},{"not_picked":["Havoc","Twin Strike"],"picked":"True Grit+1","floor":18},{"not_picked":["Fire Breathing+1","Infernal Blade"],"picked":"Shrug It Off+1","floor":21},{"not_picked":["Havoc","Intimidate+1"],"picked":"Offering","floor":23},{"not_picked":["Iron Wave","True Grit+1","Disarm","Havoc+1"],"picked":"SKIP","floor":25},{"not_picked":["Spot Weakness","Havoc","Infernal Blade+1","Wild Strike"],"picked":"SKIP","floor":28},{"not_picked":["Evolve+1","Perfected Strike","Pommel Strike"],"picked":"Second Wind","floor":31},{"not_picked":["Limit Break+1","Demon Form+1","Offering+1"],"picked":"Fiend Fire","floor":33},{"not_picked":["Iron Wave+1","Rupture+1","Shrug It Off+1"],"picked":"Cleave+1","floor":35},{"not_picked":["Flex+1","Wild Strike","Dropkick+1"],"picked":"Entrench+1","floor":36},{"not_picked":["Body Slam+1","Dropkick","Hemokinesis+1"],"picked":"Twin Strike+1","floor":38},{"not_picked":["Feed","Headbutt+1","Second Wind+1","Wild Strike"],"picked":"SKIP","floor":40},{"not_picked":["Blood for Blood+1","Rupture+1","Wild Strike+1"],"picked":"Heavy Blade","floor":45},{"not_picked":["Headbutt+1","Warcry+1","Anger"],"picked":"Uppercut","floor":47},{"not_picked":["Anger+1","Body Slam+1","Wild Strike+1"],"picked":"Pummel+1","floor":48},{"not_picked":["Inflame+1","Heavy Blade+1","Rupture+1"],"picked":"Clothesline+1","floor":54}],"player_experience":112689,"relics_obtained":[{"floor":6,"key":"Red Skull"},{"floor":8,"key":"Frozen Egg 2"},{"floor":9,"key":"Whetstone"},{"floor":10,"key":"Blood Vial"},{"floor":23,"key":"Question Card"},{"floor":23,"key":"Magic Flower"},{"floor":25,"key":"Bag of Preparation"},{"floor":25,"key":"Smiling Mask"},{"floor":26,"key":"Regal Pillow"},{"floor":31,"key":"Toxic Egg 2"},{"floor":31,"key":"Dead Branch"},{"floor":38,"key":"Shovel"},{"floor":40,"key":"Bronze Scales"},{"floor":40,"key":"Tiny Chest"},{"floor":43,"key":"Mummified Hand"},{"floor":46,"key":"Old Coin"},{"floor":52,"key":"Self Forming Clay"},{"floor":54,"key":"Art of War"},{"floor":54,"key":"Gremlin Horn"}],"event_choices":[{"damage_healed":0,"gold_gain":100,"player_choice":"Pray","damage_taken":0,"max_hp_gain":0,"max_hp_loss":0,"event_name":"Golden Shrine","floor":2,"gold_loss":0},{"damage_healed":0,"gold_gain":0,"player_choice":"Obtained Relic","damage_taken":0,"relics_obtained":["Lantern"],"max_hp_gain":0,"max_hp_loss":0,"event_name":"Addict","floor":19,"gold_loss":85},{"damage_healed":0,"gold_gain":0,"player_choice":"Fight","damage_taken":0,"max_hp_gain":0,"max_hp_loss":0,"event_name":"Colosseum","floor":22,"gold_loss":0},{"damage_healed":0,"gold_gain":0,"player_choice":"Fled From Nobs","damage_taken":0,"max_hp_gain":0,"max_hp_loss":0,"event_name":"Colosseum","floor":22,"gold_loss":0},{"damage_healed":0,"gold_gain":0,"player_choice":"Simplicity","damage_taken":0,"max_hp_gain":0,"max_hp_loss":0,"event_name":"Back to Basics","floor":29,"gold_loss":0,"cards_upgraded":["Strike_R","Strike_R","Defend_R","Defend_R","Defend_R","Defend_R"]},{"cards_removed":["Defend_R"],"damage_healed":0,"gold_gain":0,"player_choice":"Removed Skill","damage_taken":0,"max_hp_gain":0,"max_hp_loss":0,"event_name":"Falling","floor":37,"gold_loss":0},{"damage_healed":0,"gold_gain":0,"player_choice":"Fight","damage_taken":0,"max_hp_gain":0,"max_hp_loss":0,"event_name":"MindBloom","floor":38,"gold_loss":0}],"is_beta":false,"boss_relics":[{"not_picked":["Philosopher\u0027s Stone","Calling Bell"],"picked":"Black Star"},{"not_picked":["Eternal Feather","Runic Dome"],"picked":"Empty Cage"}],"items_purged_floors":[14,20,39],"is_endless":false,"potions_floor_spawned":[3,6,8,13,16,21,22,25,33,35,36,40,48,54],"killed_by":"The Heart","ascension_level":2}