{"gold_per_floor":[118,135,135,148,168,168,24,24,47,59,97,74,113,139,151,264,276,298,323,40,60,60,94,105,105,105,380,14,27,55,73,73,169,169,184,0,0,17,33,33,44,44,94,94,94,104,123,123,123,123,123,123,51,83,83],"floor_reached":56,"playtime":2403,"items_purged":["Regret","Strike_G","Regret"],"score":1254,"play_id":"8b8cdc6f-06c0-4527-afa3-df98069fd2a5","local_time":"20181129021744","is_ascension_mode":false,"campfire_choices":[{"data":"Finisher","floor":6,"key":"SMITH"},{"data":"Infinite Blades","floor":8,"key":"SMITH"},{"data":"Choke","floor":15,"key":"SMITH"},{"data":"Night Terror","floor":25,"key":"SMITH"},{"data":"Blade Dance","floor":32,"key":"SMITH"},{"data":"A Thousand Cuts","floor":40,"key":"SMITH"},{"floor":42,"key":"RECALL"},{"data":"After Image","floor":45,"key":"SMITH"},{"floor":49,"key":"REST"},{"data":"Blade Dance","floor":52,"key":"SMITH"}],"neow_cost":"NONE","seed_source_timestamp":1131135176208985,"circlet_count":0,"master_deck":["Defend_G","Defend_G","Defend_G","Defend_G","Defend_G","Strike_G","Strike_G+1","Strike_G","Strike_G","Survivor","Neutralize+1","Finisher+1","Predator","Footwork+1","Deflect","Infinite Blades+1","Endless Agony","Choke+1","Dodge and Roll","Night Terror+1","Calculated Gamble+1","Slice","Master of Strategy","Blade Dance+1","Well Laid Plans+1","Blade Dance+1","Malaise","After Image+1","Leg Sweep","Night Terror+1","Endless Agony","A Thousand Cuts+1","Deflect+1","Backflip","Slice+1","Noxious Fumes","Cloak And Dagger+1"],"relics":["Ring of the Snake","Whetstone","Orichalcum","Torii","Kunai","Philosopher\u0027s Stone","Nloth\u0027s Gift","Strawberry","Ninja Scroll","Pantograph","Oddly Smooth Stone","Sozu","Red Mask","Shuriken"],"potions_floor_usage":[5,11,16,19,30,31,33,47],"damage_taken":[{"damage":0,"enemies":"Small Slimes","floor":1,"turns":5},{"damage":0,"enemies":"2 Louse","floor":2,"turns":2},{"damage":2,"enemies":"Jaw Worm","floor":4,"turns":4},{"damage":9,"enemies":"Red Slaver","floor":5,"turns":3},{"damage":6,"enemies":"3 Sentries","floor":11,"turns":6},{"damage":19,"enemies":"Lagavulin","floor":13,"turns":5},{"damage":0,"enemies":"3 Louse","floor":14,"turns":2},{"damage":8,"enemies":"Slime Boss","floor":16,"turns":11},{"damage":0,"enemies":"Chosen","floor":18,"turns":4},{"damage":8,"enemies":"Shell Parasite","floor":19,"turns":4},{"damage":1,"enemies":"Centurion and Healer","floor":21,"turns":5},{"damage":26,"enemies":"Book of Stabbing","floor":23,"turns":6},{"damage":1,"enemies":"Snake Plant","floor":24,"turns":3},{"damage":0,"enemies":"Chosen and Byrds","floor":29,"turns":4},{"damage":8,"enemies":"Slavers","floor":30,"turns":2},{"damage":0,"enemies":"Cultist and Chosen","floor":31,"turns":5},{"damage":41,"enemies":"Champ","floor":33,"turns":10},{"damage":0,"enemies":"Orb Walker","floor":35,"turns":3},{"damage":3,"enemies":"3 Shapes","floor":38,"turns":3},{"damage":6,"enemies":"Transient","floor":39,"turns":5},{"damage":21,"enemies":"Spire Growth","floor":41,"turns":5},{"damage":0,"enemies":"Jaw Worm Horde","floor":46,"turns":5},{"damage":11,"enemies":"Writhing Mass","floor":47,"turns":5},{"damage":12,"enemies":"Donu and Deca","floor":50,"turns":11},{"damage":13,"enemies":"Shield and Spear","floor":54,"turns":11},{"damage":55,"enemies":"The Heart","floor":55,"turns":12}],"seed_played":"-2753215736458003735","potions_obtained":[{"floor":2,"key":"Poison Potion"},{"floor":4,"key":"Fire Potion"},{"floor":14,"key":"SkillPotion"},{"floor":16,"key":"GamblersBrew"},{"floor":24,"key":"Strength Potion"},{"floor":30,"key":"Poison Potion"},{"floor":31,"key":"Fire Potion"},{"floor":33,"key":"Swift Potion"}],"is_trial":false,"path_per_floor":["M","M","?","M","M","R","$","R","T","?","E","?","E","M","R","B",null,"M","M","$","M","?","E","M","R","T","?","$","M","E","M","R","B",null,"M","?","?","M","M","R","M","R","T","$","R","M","M","$","R","B",null,"R","$","E","B",null],"character_chosen":"THE_SILENT","items_purchased":["Infinite Blades","Master of Strategy","Pantograph","Noxious Fumes"],"campfire_rested":1,"item_purchase_floors":[7,20,28,53],"current_hp_per_floor":[70,70,70,68,59,59,59,59,59,59,53,70,51,51,51,43,70,70,62,62,61,61,42,41,41,41,41,41,41,33,33,33,17,77,77,77,77,74,68,68,47,47,47,47,47,47,36,36,59,65,77,77,77,64,22],"gold":83,"neow_bonus":"RANDOM_COMMON_RELIC","is_prod":false,"is_daily":false,"chose_seed":false,"campfire_upgraded":8,"win_rate":0,"timestamp":1543479464,"path_taken":["M","M","?","M","M","R","$","R","T","?","E","?","E","M","R","BOSS","M","M","$","M","?","E","?","R","T","?","$","M","E","?","R","BOSS","M","?","?","M","?","R","M","R","T","?","R","M","M","$","R","BOSS","R","$","E","BOSS"],"build_version":"2018-11-15","purchased_purges":3,"victory":true,"max_hp_per_floor":[70,70,70,70,70,70,70,70,70,70,70,70,70,70,70,70,70,70,70,70,70,70,77,77,77,77,77,77,77,77,77,77,77,77,77,77,77,77,77,77,77,77,77,77,77,77,77,77,77,77,77,77,77,77,77],"card_choices":[{"not_picked":["Quick Slash","Deflect"],"picked":"Finisher","floor":1},{"not_picked":["Skewer","Outmaneuver"],"picked":"Predator","floor":2},{"not_picked":["Prepared","Bane"],"picked":"Footwork","floor":4},{"not_picked":["Dodge and Roll","Grand Finale"],"picked":"Deflect","floor":5},{"not_picked":["Deflect","Outmaneuver"],"picked":"Endless Agony","floor":11},{"not_picked":["Poisoned Stab","Prepared"],"picked":"Choke","floor":13},{"not_picked":["Masterful Stab","PiercingWail"],"picked":"Dodge and Roll","floor":14},{"not_picked":["Tools of the Trade","Glass Knife"],"picked":"Night Terror","floor":16},{"not_picked":["Flechettes+1","Poisoned Stab"],"picked":"Calculated Gamble+1","floor":18},{"not_picked":["Dagger Spray","PiercingWail"],"picked":"Slice","floor":19},{"not_picked":["Quick Slash","PiercingWail"],"picked":"Blade Dance","floor":21},{"not_picked":["Dagger Throw+1","Corpse Explosion"],"picked":"Well Laid Plans+1","floor":23},{"not_picked":["Dagger Spray","Deflect"],"picked":"Blade Dance","floor":24},{"not_picked":["Cloak And Dagger","Escape Plan"],"picked":"Malaise","floor":29},{"not_picked":["Unload","Dagger Spray+1","PiercingWail"],"picked":"SKIP","floor":30},{"not_picked":["Reflex","Acrobatics","Bane+1"],"picked":"SKIP","floor":31},{"not_picked":["Doppelganger","Corpse Explosion"],"picked":"After Image","floor":33},{"not_picked":["Poisoned Stab+1","Bane"],"picked":"Leg Sweep","floor":35},{"not_picked":["Sucker Punch+1","Backflip"],"picked":"Endless Agony","floor":38},{"not_picked":["Concentrate","Cloak And Dagger"],"picked":"A Thousand Cuts","floor":39},{"not_picked":["Dagger Spray","Prepared+1"],"picked":"Deflect+1","floor":41},{"not_picked":["Outmaneuver+1","Glass Knife"],"picked":"Backflip","floor":46},{"not_picked":["Wraith Form v2","Venomology"],"picked":"Slice+1","floor":47},{"not_picked":["Prepared+1","Setup+1"],"picked":"Cloak And Dagger+1","floor":54}],"player_experience":273064,"relics_obtained":[{"floor":9,"key":"MawBank"},{"floor":11,"key":"Torii"},{"floor":13,"key":"Kunai"},{"floor":23,"key":"Strawberry"},{"floor":26,"key":"Ninja Scroll"},{"floor":30,"key":"Oddly Smooth Stone"},{"floor":54,"key":"Shuriken"}],"event_choices":[{"damage_healed":0,"gold_gain":0,"player_choice":"Box","damage_taken":0,"relics_obtained":["Orichalcum"],"max_hp_gain":0,"max_hp_loss":0,"event_name":"Big Fish","floor":3,"gold_loss":0,"cards_obtained":["Regret"]},{"damage_healed":0,"gold_gain":0,"player_choice":"Grow","damage_taken":0,"max_hp_gain":0,"max_hp_loss":0,"event_name":"Living Wall","floor":10,"gold_loss":0,"cards_upgraded":["Footwork"]},{"damage_healed":17,"gold_gain":0,"player_choice":"Healed","damage_taken":0,"max_hp_gain":0,"max_hp_loss":0,"event_name":"The Cleric","floor":12,"gold_loss":35},{"damage_healed":0,"gold_gain":0,"player_choice":"Traded Relic","damage_taken":0,"relics_obtained":["Nloth\u0027s Gift"],"max_hp_gain":0,"max_hp_loss":0,"event_name":"N\u0027loth","floor":22,"relics_lost":["MawBank"],"gold_loss":0},{"damage_healed":0,"gold_gain":275,"player_choice":"Desecrate","damage_taken":0,"max_hp_gain":0,"max_hp_loss":0,"event_name":"Golden Shrine","floor":27,"gold_loss":0,"cards_obtained":["Regret"]},{"damage_healed":0,"gold_gain":0,"player_choice":"Paid","damage_taken":0,"relics_obtained":["Red Mask"],"max_hp_gain":0,"max_hp_loss":0,"event_name":"Tomb of Lord Red Mask","floor":36,"gold_loss":184},{"damage_healed":0,"gold_gain":0,"player_choice":"Copied","damage_taken":0,"max_hp_gain":0,"max_hp_loss":0,"event_name":"Duplicator","floor":37,"gold_loss":0,"cards_obtained":["Night Terror"]}],"is_beta":true,"boss_relics":[{"not_picked":["White Beast Statue","Runic Pyramid"],"picked":"Philosopher\u0027s Stone"},{"not_picked":["HoveringKite","Snecko Eye"],"picked":"Sozu"}],"items_purged_floors":[7,20,28],"is_endless":false,"potions_floor_spawned":[2,4,14,16,24,30,31,33,39,46,47],"ascension_level":0}