{"gold_per_floor":[119,133,133,153,153,182,182,217,291,291,317,317,91,106,106,203,203,168,193,205,223,69,69,69,95,95,95,111,111,125,153,153,258,258,276,53,63,76,95,95,108,108,108,108,108,26,44,54,54,54],"floor_reached":50,"playtime":4009,"items_purged":["Defend_R","Strike_R"],"score":628,"play_id":"a2a9f489-6be6-43b4-853b-ec42908a6d56","local_time":"20180720010743","is_ascension_mode":true,"campfire_choices":[{"data":"True Grit","floor":7,"key":"SMITH"},{"data":"Berserk","floor":10,"key":"SMITH"},{"data":"Armaments","floor":12,"key":"SMITH"},{"floor":15,"key":"REST"},{"data":"Barricade","floor":23,"key":"SMITH"},{"data":"Reaper","floor":27,"key":"SMITH"},{"floor":29,"key":"REST"},{"floor":32,"key":"REST"},{"data":"Entrench","floor":40,"key":"SMITH"},{"data":"Body Slam","floor":42,"key":"SMITH"},{"floor":49,"key":"REST"}],"neow_cost":"TEN_PERCENT_HP_LOSS","seed_source_timestamp":35473814596852,"circlet_count":0,"master_deck":["Strike_R","Strike_R","Defend_R","Defend_R","Defend_R","Bash","Berserk+1","Shrug It Off","Discovery+1","True Grit+1","Armaments+1","Berserk+1","Anger","Barricade+1","Ghostly Armor","Armaments+1","Reaper+1","Body Slam+1","Twin Strike+1","Iron Wave+1","Juggernaut","True Grit+1","Entrench+1","Body Slam+1","Shrug It Off","Madness","Madness","Metallicize"],"relics":["Burning Blood","Calipers","Boot","Mummified Hand","Ornamental Fan","Vajra","Velvet Choker","Strawberry","Anchor","Nunchaku","Singing Bowl","Lantern","Empty Cage","Meat on the Bone"],"potions_floor_usage":[8,11,11,30,33,33,38,39,39,41,50,50],"damage_taken":[{"damage":0,"enemies":"Cultist","floor":1,"turns":3},{"damage":4,"enemies":"Jaw Worm","floor":2,"turns":3},{"damage":12,"enemies":"Small Slimes","floor":4,"turns":4},{"damage":24,"enemies":"Lagavulin","floor":6,"turns":10},{"damage":31,"enemies":"3 Sentries","floor":8,"turns":12},{"damage":15,"enemies":"Lagavulin","floor":11,"turns":7},{"damage":17,"enemies":"Exordium Thugs","floor":14,"turns":5},{"damage":37,"enemies":"Slime Boss","floor":16,"turns":11},{"damage":22,"enemies":"2 Thieves","floor":18,"turns":5},{"damage":0,"enemies":"Chosen","floor":20,"turns":7},{"damage":14,"enemies":"Centurion and Healer","floor":21,"turns":11},{"damage":47,"enemies":"Gremlin Leader","floor":25,"turns":11},{"damage":35,"enemies":"Sentry and Sphere","floor":28,"turns":8},{"damage":9,"enemies":"Snake Plant","floor":30,"turns":4},{"damage":44,"enemies":"Slavers","floor":31,"turns":8},{"damage":9,"enemies":"Champ","floor":33,"turns":11},{"damage":4,"enemies":"3 Shapes","floor":35,"turns":5},{"damage":0,"enemies":"Flame Bruiser 1 Orb","floor":37,"turns":4},{"damage":27,"enemies":"Transient","floor":38,"turns":5},{"damage":28,"enemies":"Spire Growth","floor":39,"turns":5},{"damage":0,"enemies":"Sphere and 2 Shapes","floor":41,"turns":4},{"damage":13,"enemies":"4 Shapes","floor":47,"turns":4},{"damage":28,"enemies":"Spire Growth","floor":48,"turns":5},{"damage":88,"enemies":"Awakened One","floor":50,"turns":8}],"seed_played":"5202766009935406078","potions_obtained":[{"floor":1,"key":"BloodPotion"},{"floor":6,"key":"FearPotion"},{"floor":8,"key":"Swift Potion"},{"floor":20,"key":"FearPotion"},{"floor":25,"key":"SpeedPotion"},{"floor":28,"key":"EssenceOfSteel"},{"floor":33,"key":"Fire Potion"},{"floor":38,"key":"Block Potion"},{"floor":39,"key":"Explosive Potion"},{"floor":47,"key":"PowerPotion"}],"is_trial":false,"path_per_floor":["M","M","?","M","?","E","R","E","T","R","E","R","$","M","R","B",null,"M","T","M","M","$","R","?","E","T","R","M","R","M","E","R","B",null,"M","$","M","M","M","R","M","R","T","?","?","$","M","M","R"],"character_chosen":"IRONCLAD","items_purchased":["Vajra","Anchor","Regen Potion","Block Potion","Metallicize"],"campfire_rested":4,"item_purchase_floors":[13,22,36,36,46],"current_hp_per_floor":[72,72,72,66,66,48,48,42,42,42,33,33,33,22,43,12,57,51,58,64,56,56,56,56,37,37,37,10,34,31,11,35,38,70,78,78,81,60,60,60,66,66,66,56,56,56,75,61,87,0],"gold":54,"neow_bonus":"THREE_RARE_CARDS","is_prod":false,"is_daily":false,"chose_seed":false,"campfire_upgraded":7,"win_rate":0,"timestamp":1532041663,"path_taken":["M","?","?","?","?","E","R","E","T","R","E","R","$","M","R","BOSS","M","?","M","M","?","R","?","E","T","R","M","R","M","E","R","BOSS","M","$","M","M","M","R","M","R","T","?","?","$","M","M","R","BOSS"],"build_version":"2018-07-19","purchased_purges":2,"victory":false,"max_hp_per_floor":[72,72,72,72,72,72,72,72,72,72,72,72,72,72,72,72,72,72,79,79,79,79,79,79,79,79,79,81,81,81,81,81,81,81,81,81,81,81,83,83,83,83,83,83,83,83,85,87,87,87],"card_choices":[{"not_picked":["Dark Embrace","Reaper"],"picked":"Berserk","floor":0},{"not_picked":["Rupture","Pummel"],"picked":"Shrug It Off","floor":1},{"not_picked":["Dual Wield","Ghostly Armor","Warcry"],"picked":"SKIP","floor":2},{"not_picked":["Thunderclap","Clothesline"],"picked":"True Grit","floor":4},{"not_picked":["Rampage","Sentinel"],"picked":"Armaments","floor":6},{"not_picked":["True Grit","Disarm"],"picked":"Berserk","floor":8},{"not_picked":["Reckless Charge","Exhume","Pommel Strike"],"picked":"SKIP","floor":11},{"not_picked":["Warcry","Heavy Blade"],"picked":"Anger","floor":14},{"not_picked":["Brutality","Bludgeon"],"picked":"Barricade","floor":16},{"not_picked":["Clash","Perfected Strike+1"],"picked":"Ghostly Armor","floor":18},{"not_picked":["Thunderclap","Clash+1","Headbutt"],"picked":"SKIP","floor":20},{"not_picked":["Thunderclap+1","Flex"],"picked":"Armaments+1","floor":21},{"not_picked":["Shrug It Off","Bludgeon"],"picked":"Body Slam","floor":25},{"not_picked":["Dropkick","Wild Strike","Thunderclap"],"picked":"Singing Bowl","floor":28},{"not_picked":["Dropkick","Sever Soul"],"picked":"Twin Strike+1","floor":30},{"not_picked":["Headbutt+1","Heavy Blade"],"picked":"Iron Wave+1","floor":31},{"not_picked":["Demon Form","Double Tap"],"picked":"Juggernaut","floor":33},{"not_picked":["Pommel Strike+1","Power Through"],"picked":"True Grit+1","floor":35},{"not_picked":["Intimidate","Clothesline"],"picked":"Entrench","floor":37},{"not_picked":["Twin Strike","Thunderclap+1"],"picked":"Body Slam+1","floor":38},{"not_picked":["Shrug It Off","Feed","Cleave"],"picked":"Singing Bowl","floor":39},{"not_picked":["Sword Boomerang","True Grit"],"picked":"Shrug It Off","floor":41},{"not_picked":["Ghostly Armor","Rage+1","Flex"],"picked":"Singing Bowl","floor":47},{"not_picked":["True Grit","Rampage+1","Clash"],"picked":"Singing Bowl","floor":48}],"player_experience":261039,"relics_obtained":[{"floor":6,"key":"Calipers"},{"floor":8,"key":"Boot"},{"floor":9,"key":"Mummified Hand"},{"floor":11,"key":"Ornamental Fan"},{"floor":19,"key":"Strawberry"},{"floor":25,"key":"Nunchaku"},{"floor":26,"key":"Singing Bowl"},{"floor":31,"key":"Lantern"},{"floor":43,"key":"Meat on the Bone"}],"event_choices":[{"event_name":"Match and Keep!","player_choice":"1 cards matched","floor":3,"damage_taken":0},{"event_name":"Upgrade Shrine","player_choice":"Upgraded","floor":5,"damage_taken":0},{"event_name":"The Library","player_choice":"Read","floor":24,"damage_taken":0},{"event_name":"Winding Halls","player_choice":"Embrace Madness","floor":44,"damage_taken":0},{"event_name":"Upgrade Shrine","player_choice":"Upgraded","floor":45,"damage_taken":0}],"is_beta":true,"boss_relics":[{"not_picked":["Fusion Hammer","Coffee Dripper"],"picked":"Velvet Choker"},{"not_picked":["Snecko Eye","Black Star"],"picked":"Empty Cage"}],"items_purged_floors":[13,36],"is_endless":false,"potions_floor_spawned":[1,6,8,20,25,28,33,37,38,39,47],"killed_by":"Awakened One","ascension_level":5}