{"gold_per_floor":[118,130,80,11,86,127,127,140,140,140,167,167,184,0,0,112,112,138,13,13,13,25,25,67,67],"floor_reached":25,"playtime":1540,"items_purged":[],"score":219,"play_id":"026bbcfd-17be-40c2-98cc-c95c652eafa4","local_time":"20190621010335","is_ascension_mode":false,"campfire_choices":[{"data":"UpSweep","floor":7,"key":"SMITH"},{"floor":10,"key":"REST"},{"floor":12,"key":"REST"},{"floor":15,"key":"REST"},{"floor":23,"key":"REST"}],"neow_cost":"NONE","seed_source_timestamp":987579156572003,"circlet_count":0,"master_deck":["Strike_MRS+1","Strike_MRS+1","Strike_MRS","Defend_MRS","Defend_MRS","Defend_MRS","Defend_MRS+1","MasterSpark+1","UpSweep+1","EnergyFlow","PowerUp","WitchOfGreed","SporeBomb","NonDirectionalLaser","StarlightTyphoon","StarBarrage","SuperPerseids","Mayhem","PolarisUnique","LuminesStrike","OortCloud","UnstableBomb","Shame","EventHorizon","GrandCross"],"relics":["MiniHakkero","Sundial","Gremlin Food","Busted Crown","theJungle:PaperFaux","Unceasing Top"],"potions_floor_usage":[6,16,22,24,24,25,25],"damage_taken":[{"damage":0,"enemies":"Small Slimes","floor":1,"turns":3},{"damage":1,"enemies":"Jaw Worm","floor":2,"turns":3},{"damage":40,"enemies":"Lagavulin","floor":6,"turns":7},{"damage":6,"enemies":"Cultist","floor":8,"turns":3},{"damage":15,"enemies":"Looter","floor":11,"turns":3},{"damage":0,"enemies":"Large Slime","floor":13,"turns":3},{"damage":11,"enemies":"Slime Boss","floor":16,"turns":6},{"damage":34,"enemies":"theJungle:5_Spyders","floor":18,"turns":7},{"damage":5,"enemies":"Shell Parasite","floor":22,"turns":2},{"damage":55,"enemies":"theJungle:2_Phrogs","floor":24,"turns":6},{"damage":14,"enemies":"Snake Plant","floor":25,"turns":2}],"seed_played":"1815632784094756199","potions_obtained":[{"floor":1,"key":"Reflective Coating"},{"floor":2,"key":"Energy Potion"},{"floor":16,"key":"SneckoOil"},{"floor":16,"key":"Languid Potion"},{"floor":18,"key":"Elixir"},{"floor":18,"key":"Adrenaline Potion"},{"floor":22,"key":"Poison Potion"},{"floor":24,"key":"FearPotion"}],"is_trial":false,"path_per_floor":["M","M","?","$","?","E","R","M","T","R","M","R","M","$","R","B",null,"M","$","?","$","M","R","E","M"],"character_chosen":"MARISA","items_purchased":["WitchOfGreed","SporeBomb","Mayhem","OortCloud","UnstableBomb"],"campfire_rested":4,"item_purchase_floors":[4,4,14,19,19],"current_hp_per_floor":[82,81,81,81,70,30,30,24,24,48,33,57,57,57,81,70,82,48,48,48,48,43,67,12,0],"gold":67,"neow_bonus":"TEN_PERCENT_HP_BONUS","is_prod":false,"is_daily":false,"chose_seed":false,"campfire_upgraded":1,"win_rate":0.0,"timestamp":1561093415,"path_taken":["M","M","?","$","?","E","R","M","T","R","M","R","M","$","R","BOSS","M","$","?","$","M","R","E","M"],"build_version":"2019-01-23","purchased_purges":0,"victory":false,"max_hp_per_floor":[82,82,82,82,82,82,82,82,82,82,82,82,82,82,82,82,82,82,82,82,82,82,82,82,82],"card_choices":[{"not_picked":["WitchLeyline","Orbital"],"picked":"EnergyFlow","floor":1},{"not_picked":["LuminesStrike","WitchLeyline"],"picked":"PowerUp","floor":2},{"not_picked":["Orbital","6A"],"picked":"NonDirectionalLaser","floor":6},{"not_picked":["DragonMeteor","GasGiant"],"picked":"StarlightTyphoon","floor":8},{"not_picked":["GrandCross","AsteroidBelt"],"picked":"StarBarrage","floor":11},{"not_picked":["NonDirectionalLaser","IllusionStar"],"picked":"SuperPerseids","floor":13},{"not_picked":["MaximisePower","Singularity"],"picked":"PolarisUnique","floor":16},{"not_picked":[],"picked":"LuminesStrike","floor":18},{"not_picked":[],"picked":"EventHorizon","floor":22},{"not_picked":[],"picked":"GrandCross","floor":24}],"player_experience":502315,"relics_obtained":[{"floor":6,"key":"Sundial"},{"floor":9,"key":"Gremlin Food"},{"floor":24,"key":"Unceasing Top"}],"event_choices":[{"cards_removed":["Strike_MRS"],"damage_healed":0,"gold_gain":0,"player_choice":"Card Removal","damage_taken":0,"max_hp_gain":0,"max_hp_loss":0,"event_name":"The Cleric","floor":3,"gold_loss":50},{"damage_healed":0,"gold_gain":75,"player_choice":"Gather Gold","damage_taken":11,"max_hp_gain":0,"max_hp_loss":0,"event_name":"World of Goop","floor":5,"gold_loss":0}],"is_beta":false,"boss_relics":[{"not_picked":["ReplayTheSpireMod:DimensionalGlitch","Orrery"],"picked":"Busted Crown"}],"items_purged_floors":[],"is_endless":false,"potions_floor_spawned":[1,2,16,18,22],"killed_by":"Snake Plant","ascension_level":0}