{"gold_per_floor":[119,132,207,26,26,26,41,41,41,41],"floor_reached":10,"playtime":106,"items_purged":["Strike_B"],"score":56,"play_id":"2a260a1a-0442-4923-9a49-23dd24289002","local_time":"20190909175918","is_ascension_mode":false,"campfire_choices":[{"data":"Zap","floor":6,"key":"SMITH"},{"data":"Dualcast","floor":8,"key":"SMITH"}],"neow_cost":"NONE","seed_source_timestamp":198089294913000,"circlet_count":0,"master_deck":["Strike_B","Strike_B","Strike_B","Defend_B","Defend_B","Defend_B","Defend_B","Zap+1","Dualcast+1","Streamline","Go for the Eyes","Ball Lightning","Cold Snap"],"relics":["Cracked Core","Potion Belt","Incense Burner","GremlinMask"],"potions_floor_usage":[],"damage_taken":[{"damage":0,"enemies":"Small Slimes","floor":1,"turns":3},{"damage":0,"enemies":"2 Louse","floor":2,"turns":1},{"damage":0,"enemies":"Cultist","floor":7,"turns":2}],"seed_played":"4482030014334756440","potions_obtained":[{"floor":1,"key":"LiquidBronze"},{"floor":7,"key":"SteroidPotion"}],"is_trial":false,"path_per_floor":["M","M","?","$","?","R","M","R","T","?"],"character_chosen":"DEFECT","items_purchased":["Go for the Eyes","Ball Lightning"],"campfire_rested":0,"item_purchase_floors":[4,4],"current_hp_per_floor":[75,75,64,64,69,69,69,69,69,69],"gold":41,"neow_bonus":"RANDOM_COMMON_RELIC","is_prod":false,"is_daily":false,"chose_seed":false,"campfire_upgraded":2,"win_rate":0,"timestamp":1568019558,"path_taken":["M","M","?","$","?","R","M","R","T","?"],"build_version":"2019-07-17","purchased_purges":1,"victory":false,"max_hp_per_floor":[75,75,75,75,80,80,80,80,80,80],"card_choices":[{"not_picked":["Blizzard","Turbo"],"picked":"Streamline","floor":1},{"not_picked":["Heatsinks","Force Field","Sweeping Beam"],"picked":"SKIP","floor":2},{"not_picked":["Redo","Ball Lightning"],"picked":"Cold Snap","floor":7}],"player_experience":393062,"relics_obtained":[{"floor":9,"key":"Incense Burner"}],"event_choices":[{"damage_healed":0,"gold_gain":75,"player_choice":"Gather Gold","damage_taken":11,"max_hp_gain":0,"max_hp_loss":0,"event_name":"World of Goop","floor":3,"gold_loss":0},{"damage_healed":0,"gold_gain":0,"player_choice":"Donut","damage_taken":0,"max_hp_gain":5,"max_hp_loss":0,"event_name":"Big Fish","floor":5,"gold_loss":0},{"damage_healed":0,"gold_gain":0,"player_choice":"Trade","damage_taken":0,"relics_obtained":["GremlinMask"],"max_hp_gain":0,"max_hp_loss":0,"event_name":"FaceTrader","floor":10,"gold_loss":0}],"is_beta":false,"boss_relics":[],"items_purged_floors":[4],"is_endless":false,"potions_floor_spawned":[1,7],"ascension_level":0}