{"gold_per_floor":[117,117,147,171,192,192,192],"floor_reached":7,"playtime":228,"items_purged":[],"score":55,"play_id":"cdadf6b4-378f-4551-b5dc-35d2260a2b98","local_time":"20190722203917","is_ascension_mode":true,"campfire_choices":[{"data":"Bash","floor":6,"key":"SMITH"}],"neow_cost":"PERCENT_DAMAGE","seed_source_timestamp":13085402508384,"circlet_count":0,"master_deck":["Strike_R","Strike_R","Strike_R","Strike_R","Strike_R","Defend_R","Defend_R","Defend_R","Defend_R","Bash+1","Hemokinesis","Shrug It Off","Pommel Strike","Armaments","Cleave","Iron Wave"],"relics":["Burning Blood","Prayer Wheel","Golden Idol","Tiny Chest"],"potions_floor_usage":[],"damage_taken":[{"damage":15,"enemies":"2 Louse","floor":1,"turns":3},{"damage":6,"enemies":"Small Slimes","floor":4,"turns":4},{"damage":4,"enemies":"Cultist","floor":5,"turns":4},{"damage":56,"enemies":"Lagavulin","floor":7,"turns":8}],"seed_played":"1184600785632649689","potions_obtained":[{"floor":1,"key":"Weak Potion"}],"is_trial":false,"path_per_floor":["M","?","?","M","M","R","E"],"character_chosen":"IRONCLAD","items_purchased":[],"campfire_rested":0,"item_purchase_floors":[],"current_hp_per_floor":[42,42,42,42,44,44,0],"gold":192,"neow_bonus":"ONE_RARE_RELIC","is_prod":false,"is_daily":false,"chose_seed":false,"campfire_upgraded":1,"win_rate":0,"timestamp":1563842357,"path_taken":["M","?","?","?","M","R","E"],"build_version":"2019-07-17","purchased_purges":0,"victory":false,"max_hp_per_floor":[80,74,74,74,74,74,74],"card_choices":[{"not_picked":["Perfected Strike","Thunderclap"],"picked":"Hemokinesis","floor":1},{"not_picked":["Spot Weakness","Intimidate"],"picked":"Shrug It Off","floor":1},{"not_picked":["Heavy Blade","Carnage"],"picked":"Pommel Strike","floor":4},{"not_picked":["Anger","Flex"],"picked":"Armaments","floor":4},{"not_picked":["Wild Strike","Clash"],"picked":"Cleave","floor":5},{"not_picked":["Rage","Carnage"],"picked":"Iron Wave","floor":5}],"player_experience":312693,"relics_obtained":[],"event_choices":[{"damage_healed":0,"gold_gain":0,"player_choice":"Lose Max HP","damage_taken":0,"relics_obtained":["Golden Idol"],"max_hp_gain":0,"max_hp_loss":6,"event_name":"Golden Idol","floor":2,"gold_loss":0},{"damage_healed":0,"gold_gain":0,"player_choice":"Gave Potion","damage_taken":0,"relics_obtained":["Tiny Chest"],"max_hp_gain":0,"max_hp_loss":0,"event_name":"WeMeetAgain","floor":3,"gold_loss":0}],"is_beta":false,"boss_relics":[],"items_purged_floors":[],"is_endless":false,"potions_floor_spawned":[1],"killed_by":"Lagavulin","ascension_level":7}