{"gold_per_floor":[110,130,150,161,20,20,50,64,112,112,122,140,169,195,195,298,298,315,335,196,111,71,71,96,96,96,195,195,230,230,249,249,354,354,366,366,384,395,395,429,429,31,31,76,76,76,76,111,111,111],"floor_reached":51,"playtime":4531,"items_purged":[],"score":836,"play_id":"5e46672c-af0d-4566-8636-57b7898e59e4","local_time":"20190701122101","daily_mods":["SealedDeck","Allstar","Colorless Cards","Heirloom","Time Dilation","Flight"],"is_ascension_mode":false,"campfire_choices":[{"data":"animator:Cocytus","floor":6,"key":"SMITH"},{"data":"animator:Aqua","floor":10,"key":"SMITH"},{"data":"animator:NarberalGamma","floor":15,"key":"SMITH"},{"data":"Madness","floor":23,"key":"SMITH"},{"data":"animator:Kuroyukihime","floor":25,"key":"SMITH"},{"data":"animator:Benimaru","floor":28,"key":"SMITH"},{"data":"animator:Saber","floor":32,"key":"SMITH"},{"floor":45,"key":"REST"},{"data":"animator:Tyuule","floor":47,"key":"SMITH"},{"data":"animator:Kyubey","floor":49,"key":"SMITH"}],"neow_cost":"","seed_source_timestamp":1422916833829825,"circlet_count":0,"master_deck":["Madness+1","animator:Benimaru+1","animator:MaesHughes","animator:Cocytus","animator:Entoma+16","animator:PandorasActor","animator:Cocytus+1","animator:CowGirl","animator:Kuroyukihime+1","animator:Demiurge","animator:Saber+1","animator:Aqua+1","animator:Ara","animator:NarberalGamma+1","animator:QuestionMark","animator:Sebas","animator:Ainz","animator:MisaKurobane","animator:Envy","animator:NivaLada","animator:Kyubey+1","animator:NarberalGamma","animator:Demiurge","animator:Cocytus","animator:Evileye","animator:Tyuule+1","Finesse+1"],"relics":["animator:LivingPicture","animator:PurgingStone_Cards","animator:TheMissingPiece","Ice Cream","Dodecahedron","Anchor","Ginger","Lantern","Eternal Feather","Juzu Bracelet","Kunai","Shuriken","Strawberry","Regal Pillow","animator:CursedGlyph","animator:RacePiece","animator:AlchemistGlove","Letter Opener","animator:CerealBox","Smiling Mask","Bird Faced Urn","Orichalcum"],"potions_floor_usage":[16,18,35,35,40,50],"damage_taken":[{"damage":0,"enemies":"Cultist","floor":1,"turns":3},{"damage":0,"enemies":"Small Slimes","floor":2,"turns":2},{"damage":0,"enemies":"Jaw Worm","floor":3,"turns":3},{"damage":0,"enemies":"Gremlin Gang","floor":4,"turns":2},{"damage":8,"enemies":"Gremlin Nob","floor":7,"turns":4},{"damage":0,"enemies":"Large Slime","floor":8,"turns":4},{"damage":0,"enemies":"Exordium Wildlife","floor":11,"turns":2},{"damage":0,"enemies":"3 Louse","floor":12,"turns":2},{"damage":0,"enemies":"3 Sentries","floor":13,"turns":5},{"damage":0,"enemies":"Lagavulin","floor":14,"turns":4},{"damage":13,"enemies":"Hexaghost","floor":16,"turns":5},{"damage":0,"enemies":"Spheric Guardian","floor":18,"turns":2},{"damage":0,"enemies":"Shell Parasite","floor":19,"turns":4},{"damage":26,"enemies":"Slavers","floor":24,"turns":4},{"damage":44,"enemies":"Gremlin Leader","floor":29,"turns":6},{"damage":0,"enemies":"Cultist and Chosen","floor":31,"turns":4},{"damage":63,"enemies":"Collector","floor":33,"turns":10},{"damage":0,"enemies":"3 Darklings","floor":35,"turns":6},{"damage":2,"enemies":"Orb Walker","floor":37,"turns":2},{"damage":37,"enemies":"Sphere and 2 Shapes","floor":38,"turns":6},{"damage":46,"enemies":"Nemesis","floor":40,"turns":7},{"damage":65,"enemies":"2 Orb Walkers","floor":44,"turns":4},{"damage":23,"enemies":"Giant Head","floor":48,"turns":6},{"damage":102,"enemies":"Time Eater","floor":50,"turns":10}],"seed_played":"-2329937694586929328","potions_obtained":[{"floor":4,"key":"Ancient Potion"},{"floor":8,"key":"SkillPotion"},{"floor":11,"key":"SpeedPotion"},{"floor":16,"key":"Fruit Juice"},{"floor":29,"key":"FearPotion"},{"floor":33,"key":"Explosive Potion"},{"floor":37,"key":"GamblersBrew"},{"floor":48,"key":"Weak Potion"}],"is_trial":true,"path_per_floor":["M","M","M","M","$","R","E","M","T","R","M","M","E","E","R","B",null,"M","M","$","?","?","R","E","R","T","?","R","E","?","M","R","B",null,"M","$","M","M","$","E","?","$","T","?","R","?","R","E","R","B",null],"character_chosen":"THE_ANIMATOR","items_purchased":["animator:Saber","animator:Ainz","Letter Opener","animator:CerealBox"],"campfire_rested":1,"item_purchase_floors":[5,20,42,42],"current_hp_per_floor":[73,75,77,81,81,81,75,82,82,82,84,86,93,95,95,84,97,102,102,102,102,102,102,81,93,93,93,102,70,70,82,94,42,105,107,107,105,82,82,50,50,50,50,5,68,68,83,75,90,8],"gold":111,"neow_bonus":"","is_prod":false,"is_daily":false,"chose_seed":false,"campfire_upgraded":9,"win_rate":0,"timestamp":1562008861,"path_taken":["M","M","M","?","$","R","E","M","T","R","M","M","E","E","R","BOSS","M","M","$","?","?","R","E","R","T","?","R","E","?","M","R","BOSS","M","$","M","M","$","E","?","$","T","?","R","?","R","E","R","BOSS"],"build_version":"2019-01-23","purchased_purges":0,"victory":true,"max_hp_per_floor":[73,75,77,81,81,81,83,85,85,85,87,89,93,95,95,97,97,102,102,102,102,102,102,102,102,102,102,102,109,109,105,105,105,105,107,107,107,111,111,111,111,111,111,111,111,111,111,111,111,111],"card_choices":[{"not_picked":["Trip","animator:Genos","animator:Geryuganshoop"],"picked":"SKIP","floor":1},{"not_picked":["animator:DolaCouronne","animator:Caster"],"picked":"animator:CowGirl","floor":2},{"not_picked":["animator:Kuribayashi","animator:Darkness"],"picked":"animator:Kuroyukihime","floor":3},{"not_picked":["animator:Sebas","animator:Evileye"],"picked":"animator:Demiurge","floor":4},{"not_picked":["Mind Blast","Panacea"],"picked":"animator:Aqua","floor":7},{"not_picked":["animator:Tet","animator:Evileye"],"picked":"animator:Ara","floor":8},{"not_picked":["animator:Kazuma","animator:Berserker","Discovery"],"picked":"SKIP","floor":11},{"not_picked":["animator:Evileye","animator:Entoma"],"picked":"animator:NarberalGamma","floor":12},{"not_picked":["animator:Raven","animator:Fredrika","animator:DolaCouronne"],"picked":"SKIP","floor":13},{"not_picked":["animator:Demiurge","Dark Shackles"],"picked":"animator:QuestionMark","floor":14},{"not_picked":["HandOfGreed","animator:FeridBathory"],"picked":"animator:Biyorigo","floor":16},{"not_picked":["animator:Hitei","animator:Darkness+1"],"picked":"animator:Sebas","floor":19},{"not_picked":["animator:TukaLunaMarceau","animator:DolaCouronne"],"picked":"animator:MisaKurobane","floor":24},{"not_picked":["animator:Spearman","Trip"],"picked":"animator:Envy","floor":29},{"not_picked":["animator:AcuraTooru+1","animator:AcuraShin"],"picked":"animator:NivaLada","floor":31},{"not_picked":["animator:GoblinSlayer","Violence"],"picked":"animator:Kyubey","floor":33},{"not_picked":["animator:Sloth","animator:Mitsurugi","animator:Darkness+1"],"picked":"SKIP","floor":35},{"not_picked":["animator:Viivi","animator:DolaCouronne","animator:CrowleyEusford"],"picked":"SKIP","floor":37},{"not_picked":["animator:ZankiKiguchi","Blind"],"picked":"animator:Evileye","floor":40},{"not_picked":["animator:Benimaru","animator:HighElfArcher+1"],"picked":"animator:Tyuule","floor":44},{"not_picked":["Jack Of All Trades","animator:Fredrika+1"],"picked":"Finesse+1","floor":48}],"player_experience":583155,"relics_obtained":[{"floor":7,"key":"Dodecahedron"},{"floor":9,"key":"Anchor"},{"floor":13,"key":"Ginger"},{"floor":14,"key":"Lantern"},{"floor":24,"key":"Kunai"},{"floor":26,"key":"Shuriken"},{"floor":29,"key":"Strawberry"},{"floor":31,"key":"animator:CursedGlyph"},{"floor":40,"key":"animator:AlchemistGlove"},{"floor":43,"key":"Smiling Mask"},{"floor":44,"key":"Bird Faced Urn"},{"floor":48,"key":"Orichalcum"}],"event_choices":[{"damage_healed":0,"gold_gain":0,"player_choice":"Obtained Relic","damage_taken":0,"relics_obtained":["Juzu Bracelet"],"max_hp_gain":0,"max_hp_loss":0,"event_name":"Addict","floor":21,"gold_loss":85},{"damage_healed":0,"gold_gain":0,"player_choice":"Upgrade","damage_taken":0,"max_hp_gain":0,"max_hp_loss":0,"event_name":"Designer","floor":22,"gold_loss":40,"cards_upgraded":["animator:Biyorigo"]},{"damage_healed":0,"gold_gain":99,"player_choice":"Stole From Cult","damage_taken":0,"max_hp_gain":0,"max_hp_loss":0,"event_name":"Nest","floor":27,"gold_loss":0},{"damage_healed":0,"gold_gain":0,"player_choice":"Gave Potion","damage_taken":0,"relics_obtained":["Regal Pillow"],"max_hp_gain":0,"max_hp_loss":0,"event_name":"WeMeetAgain","floor":30,"gold_loss":0},{"damage_healed":0,"gold_gain":0,"player_choice":"Ignored","damage_taken":0,"max_hp_gain":0,"max_hp_loss":0,"event_name":"SecretPortal","floor":41,"gold_loss":0},{"damage_healed":0,"gold_gain":0,"player_choice":"Fight","damage_taken":0,"max_hp_gain":0,"max_hp_loss":0,"event_name":"Mysterious Sphere","floor":44,"gold_loss":0},{"cards_removed":["animator:Biyorigo"],"damage_healed":0,"gold_gain":0,"player_choice":"Removed Power","damage_taken":0,"max_hp_gain":0,"max_hp_loss":0,"event_name":"Falling","floor":46,"gold_loss":0}],"is_beta":false,"boss_relics":[{"not_picked":["Empty Cage","Cursed Key"],"picked":"Eternal Feather"},{"not_picked":["Velvet Choker","Tiny House"],"picked":"animator:RacePiece"}],"items_purged_floors":[],"is_endless":false,"potions_floor_spawned":[4,8,11,12,14,16,29,33,37,48],"ascension_level":0}