{"gold_per_floor":[117,136,9,24,35,35,35,66,66,101,116,133,133,151,151,251,251,265,265,285,302,227,256,256,266,292,325,325,350,360,371,371,474,474,484,394,407,425,425,425,445,445,445,445],"floor_reached":44,"playtime":3261,"items_purged":["Strike_P"],"score":509,"play_id":"94c677da-04d1-4322-a6a5-8a5bbb963ba1","local_time":"20190909161821","is_ascension_mode":false,"campfire_choices":[{"data":"JustLucky","floor":7,"key":"SMITH"},{"data":"Protect","floor":13,"key":"SMITH"},{"data":"Judgement","floor":15,"key":"SMITH"},{"data":"ForeignInfluence","floor":24,"key":"SMITH"},{"data":"JustLucky","floor":28,"key":"SMITH"},{"data":"Collect","floor":32,"key":"SMITH"},{"floor":40,"key":"RECALL"},{"floor":42,"key":"REST"}],"neow_cost":"NONE","seed_source_timestamp":441698650831200,"circlet_count":0,"master_deck":["Strike_P","Strike_P","Defend_P","Defend_P+1","Defend_P","Defend_P","Eruption","Vigilance","Weave","FearNoEvil+1","Protect+1","Conclude","JustLucky+1","Judgement+1","Halt","SandsOfTime","JustLucky+1","Vault","FearNoEvil+1","ForeignInfluence+1","Evaluate+1","CutThroughFate","EmptyMind+1","Evaluate","Collect+1","LessonLearned+1","Crescendo+1","Protect","TalkToTheHand+1","FollowUp","Doubt"],"relics":["PureWater","Potion Belt","Gambling Chip","The Courier","Cursed Key","MealTicket","Oddly Smooth Stone","StoneCalendar","Melange","Sozu","Blue Candle"],"potions_floor_usage":[8,16,27,30,35,37,38],"damage_taken":[{"damage":16,"enemies":"Jaw Worm","floor":1,"turns":6},{"damage":2,"enemies":"Cultist","floor":2,"turns":3},{"damage":0,"enemies":"2 Louse","floor":4,"turns":1},{"damage":0,"enemies":"Lots of Slimes","floor":5,"turns":2},{"damage":25,"enemies":"Lagavulin","floor":8,"turns":11},{"damage":0,"enemies":"Gremlin Nob","floor":10,"turns":2},{"damage":0,"enemies":"Gremlin Gang","floor":11,"turns":1},{"damage":0,"enemies":"3 Louse","floor":12,"turns":2},{"damage":0,"enemies":"2 Fungi Beasts","floor":14,"turns":1},{"damage":12,"enemies":"Hexaghost","floor":16,"turns":9},{"damage":0,"enemies":"3 Byrds","floor":18,"turns":3},{"damage":2,"enemies":"Chosen","floor":20,"turns":3},{"damage":0,"enemies":"Snecko","floor":21,"turns":4},{"damage":5,"enemies":"Gremlin Leader","floor":23,"turns":8},{"damage":5,"enemies":"Centurion and Healer","floor":25,"turns":3},{"damage":7,"enemies":"Slavers","floor":27,"turns":12},{"damage":7,"enemies":"Gremlin Leader","floor":29,"turns":6},{"damage":1,"enemies":"Snake Plant","floor":30,"turns":5},{"damage":0,"enemies":"3 Cultists","floor":31,"turns":3},{"damage":4,"enemies":"Champ","floor":33,"turns":11},{"damage":26,"enemies":"3 Darklings","floor":35,"turns":6},{"damage":0,"enemies":"Orb Walker","floor":37,"turns":3},{"damage":1,"enemies":"Transient","floor":38,"turns":5},{"damage":9,"enemies":"Writhing Mass","floor":41,"turns":7},{"damage":63,"enemies":"Giant Head","floor":44,"turns":8}],"seed_played":"-6747003936696851727","potions_obtained":[{"floor":2,"key":"AttackPotion"},{"floor":5,"key":"SkillPotion"},{"floor":10,"key":"Explosive Potion"},{"floor":14,"key":"LiquidBronze"},{"floor":16,"key":"Poison Potion"},{"floor":19,"key":"GamblersBrew"},{"floor":19,"key":"DuplicationPotion"},{"floor":19,"key":"SpeedPotion"},{"floor":20,"key":"FearPotion"},{"floor":25,"key":"Block Potion"},{"floor":27,"key":"Energy Potion"},{"floor":33,"key":"StancePotion"}],"is_trial":false,"path_per_floor":["M","M","$","M","M","?","R","E","T","E","M","M","R","M","R","B",null,"M","?","M","M","?","E","R","M","T","E","R","E","M","M","R","B",null,"M","?","M","M","?","R","M","R","T","E"],"character_chosen":"WATCHER","items_purchased":["Protect"],"campfire_rested":1,"item_purchase_floors":[3],"current_hp_per_floor":[49,47,47,47,47,65,65,40,40,40,40,40,40,40,40,28,65,65,65,63,63,63,58,58,53,53,50,50,43,42,42,42,38,69,43,43,43,42,42,42,33,53,53,0],"gold":445,"neow_bonus":"RANDOM_COMMON_RELIC","is_prod":false,"is_daily":false,"chose_seed":false,"campfire_upgraded":6,"win_rate":0.0,"timestamp":1568060301,"path_taken":["M","M","$","M","M","?","R","E","T","E","M","?","R","M","R","BOSS","M","?","?","?","?","E","R","M","T","E","R","E","M","M","R","BOSS","M","?","?","M","?","R","?","R","T","E"],"build_version":"2019-09-09","purchased_purges":1,"victory":false,"max_hp_per_floor":[65,65,65,65,65,65,65,65,65,65,65,65,65,65,65,65,65,65,65,65,65,65,65,65,65,65,69,69,69,69,69,69,69,69,69,69,69,69,69,69,69,69,69,69],"card_choices":[{"not_picked":["Sanctity","JustLucky"],"picked":"Weave","floor":1},{"not_picked":["Sanctity","FollowUp"],"picked":"FearNoEvil","floor":2},{"not_picked":["ClearTheMind","Protect"],"picked":"Conclude","floor":4},{"not_picked":["FlurryOfBlows","Meditate"],"picked":"JustLucky","floor":5},{"not_picked":["EmptyFist","FlurryOfBlows"],"picked":"Judgement","floor":8},{"not_picked":["Perseverance","Protect"],"picked":"Halt","floor":10},{"not_picked":["Collect","Adaptation"],"picked":"SandsOfTime","floor":11},{"not_picked":["Tantrum","Adaptation","ClearTheMind"],"picked":"SKIP","floor":12},{"not_picked":["Consecrate","ClearTheMind"],"picked":"JustLucky","floor":14},{"not_picked":["Wallop","Omniscience"],"picked":"Vault","floor":16},{"not_picked":["Consecrate","CrushJoints"],"picked":"FearNoEvil+1","floor":18},{"not_picked":["CrushJoints","Consecrate"],"picked":"ForeignInfluence","floor":20},{"not_picked":["Consecrate","EmptyMind","InnerPeace"],"picked":"SKIP","floor":21},{"not_picked":["Ragnarok","Vengeance+1"],"picked":"Evaluate+1","floor":23},{"not_picked":["EmptyFist","WreathOfFlame","WindmillStrike"],"picked":"SKIP","floor":25},{"not_picked":["Consecrate","SandsOfTime"],"picked":"CutThroughFate","floor":27},{"not_picked":["ClearTheMind+1","WindmillStrike"],"picked":"EmptyMind+1","floor":29},{"not_picked":["ClearTheMind","EmptyMind"],"picked":"Evaluate","floor":30},{"not_picked":["WreathOfFlame+1","Crescendo"],"picked":"Collect","floor":31},{"not_picked":["Judgement","Ragnarok"],"picked":"LessonLearned","floor":33},{"not_picked":["CrushJoints","Tantrum+1"],"picked":"Crescendo+1","floor":35},{"not_picked":["FlyingSleeves+1","Halt"],"picked":"Protect","floor":37},{"not_picked":["EmptyBody","Sanctity"],"picked":"TalkToTheHand+1","floor":38},{"not_picked":["WindmillStrike","EmptyBody","FollowUp"],"picked":"SKIP","floor":41}],"player_experience":1898428,"relics_obtained":[{"floor":8,"key":"Gambling Chip"},{"floor":10,"key":"The Courier"},{"floor":23,"key":"MealTicket"},{"floor":26,"key":"Oddly Smooth Stone"},{"floor":27,"key":"StoneCalendar"},{"floor":29,"key":"Melange"},{"floor":43,"key":"Blue Candle"}],"event_choices":[{"damage_healed":18,"gold_gain":0,"player_choice":"Full Heal","damage_taken":0,"max_hp_gain":0,"max_hp_loss":0,"event_name":"Wheel of Change","floor":6,"gold_loss":0},{"damage_healed":0,"gold_gain":0,"player_choice":"Got Potions","damage_taken":0,"max_hp_gain":0,"max_hp_loss":0,"event_name":"Lab","floor":19,"gold_loss":0},{"cards_removed":["Strike_P"],"damage_healed":0,"gold_gain":0,"player_choice":"Gave Gold","damage_taken":0,"max_hp_gain":0,"max_hp_loss":0,"event_name":"Beggar","floor":22,"gold_loss":75},{"cards_removed":["Doubt"],"damage_healed":0,"gold_gain":0,"player_choice":"Upgrade and Remove","damage_taken":0,"max_hp_gain":0,"max_hp_loss":0,"event_name":"Designer","floor":36,"gold_loss":90,"cards_upgraded":["LessonLearned"]},{"damage_healed":0,"gold_gain":0,"player_choice":"1 cards matched","damage_taken":0,"max_hp_gain":0,"max_hp_loss":0,"event_name":"Match and Keep!","floor":39,"gold_loss":0,"cards_obtained":["FollowUp"]}],"is_beta":true,"boss_relics":[{"not_picked":["Ectoplasm","Black Star"],"picked":"Cursed Key"},{"not_picked":["Velvet Choker","Empty Cage"],"picked":"Sozu"}],"items_purged_floors":[3],"is_endless":false,"potions_floor_spawned":[2,5,10,14,16,20,25,27,29,33,35],"killed_by":"Giant Head","ascension_level":0}