{"path_per_floor":["M","$","M","M","M","R","E","R","T","?","?","E","?","E","R","B",null,"M","$","M","?","M","M","M","R","T","E","R","M","R","$","R","B",null,"M","M","?","$","?","E","R","?","T","T","E","M","M","M","R"],"character_chosen":"DEFECT","items_purchased":["Flash of Steel","Dodecahedron","Fruit Juice","Pen Nib","FTL","Reboot","Singing Bowl"],"gold_per_floor":[219,127,146,164,178,178,204,204,204,204,204,234,234,263,263,368,368,379,100,119,119,130,148,168,168,168,223,223,239,239,0,0,102,102,122,141,141,16,16,51,51,0,0,0,35,46,62,73,73,73],"floor_reached":50,"campfire_rested":5,"playtime":2221,"item_purchase_floors":[2,19,19,31,31,31,38],"current_hp_per_floor":[75,75,75,73,73,73,53,53,53,53,46,32,20,11,33,10,75,75,75,75,75,60,65,65,85,85,78,85,85,85,85,85,75,85,85,84,84,84,84,62,87,87,87,87,44,65,69,73,95,0],"items_purged":[],"gold":73,"score":565,"play_id":"537dca43-d3d1-47b5-b271-7e75459dc3a1","local_time":"20180519153016","is_prod":false,"is_daily":false,"chose_seed":false,"is_ascension_mode":false,"campfire_upgraded":4,"timestamp":1526761816,"campfire_choices":[{"data":"Sunder","floor":6,"key":"SMITH"},{"data":"Sunder","floor":8,"key":"SMITH"},{"floor":15,"key":"REST"},{"floor":25,"key":"REST"},{"floor":28,"key":"REST"},{"data":"Self Repair","floor":30,"key":"SMITH"},{"data":"Reboot","floor":32,"key":"SMITH"},{"floor":41,"key":"REST"},{"floor":49,"key":"REST"}],"path_taken":["M","$","M","M","M","R","E","R","T","?","?","E","?","E","R","BOSS","M","$","M","?","M","M","M","R","T","E","R","M","R","$","R","BOSS","M","M","?","$","?","E","R","?","T","?","E","M","?","M","R","BOSS"],"build_version":"2018-05-18","seed_source_timestamp":248672297742787,"purchased_purges":0,"victory":false,"master_deck":["Defend_B","Defend_B","Defend_B","Zap","Dualcast","Sunder+1","Flash of Steel","Self Repair+1","Sunder+1","Leap","Ball Lightning","Go for the Eyes","Echo Form","Hyperbeam+1","Hyperbeam+1","Turbo+1","BootSequence+1","FTL+1","FTL","Reboot+1","Echo Form"],"max_hp_per_floor":[75,75,75,75,75,75,75,75,75,75,75,75,75,75,75,75,75,75,75,75,75,85,85,85,85,85,85,85,85,85,85,85,85,85,85,85,85,85,85,87,87,87,87,87,89,91,93,95,95,95],"relics":["Cracked Core","Ancient Tea Set","Anchor","Mummified Hand","Omamori","The Courier","Astrolabe","Dodecahedron","Calipers","Tiny Chest","Pen Nib","Nuclear Battery","Singing Bowl","Symbiotic Virus","Bag of Preparation","Red Mask","Question Card","Bottled Flame","Blood Vial"],"card_choices":[{"not_picked":["Heatsinks","Hologram"],"picked":"Sunder","floor":1},{"not_picked":["Skim","Steam"],"picked":"Self Repair","floor":3},{"not_picked":["Skim","Turbo"],"picked":"Sunder","floor":4},{"not_picked":["Tempest","Hologram"],"picked":"Leap","floor":5},{"not_picked":["Turbo","Thunder Strike","Skim"],"picked":"SKIP","floor":7},{"not_picked":["Reinforced Body","Leap"],"picked":"Ball Lightning","floor":12},{"not_picked":["Ball Lightning","Doom and Gloom"],"picked":"Go for the Eyes","floor":14},{"not_picked":["Electrodynamics","Meteor Strike"],"picked":"Echo Form","floor":16},{"not_picked":["Coolheaded","Barrage","Capacitor"],"picked":"SKIP","floor":18},{"not_picked":["Go for the Eyes","Barrage","Coolheaded+1"],"picked":"SKIP","floor":20},{"not_picked":["Stack+1","Coolheaded","Skim"],"picked":"SKIP","floor":22},{"not_picked":["Go for the Eyes","Sweeping Beam+1"],"picked":"BootSequence+1","floor":23},{"not_picked":["Loop","Stack","Skim"],"picked":"SKIP","floor":24},{"not_picked":["Capacitor","Cold Snap","All For One"],"picked":"SKIP","floor":27},{"not_picked":["Capacitor","Cold Snap","All For One"],"picked":"SKIP","floor":27},{"not_picked":["Recycle+1","Sunder"],"picked":"FTL+1","floor":29},{"not_picked":["Biased Cognition","Creative AI"],"picked":"Echo Form","floor":33},{"not_picked":["Streamline","Axe Kick+1","Rip and Tear"],"picked":"SKIP","floor":35},{"not_picked":["Barrage+1","Leap+1","Beam Cell+1"],"picked":"SKIP","floor":36},{"not_picked":["Turbo+1","Cold Snap","Steam"],"picked":"Singing Bowl","floor":40},{"not_picked":["Glacier+1","Streamline","Skim+1","Stack+1"],"picked":"Singing Bowl","floor":45},{"not_picked":["Turbo+1","Sweeping Beam","Cold Snap","Skim+1"],"picked":"Singing Bowl","floor":46},{"not_picked":["Ball Lightning+1","Recycle","Sweeping Beam","Glacier+1"],"picked":"Singing Bowl","floor":47},{"not_picked":["Rip and Tear+1","Axe Kick","Fission","Leap+1"],"picked":"Singing Bowl","floor":48}],"player_experience":151085,"potions_floor_usage":[7,14,22,22,22,24,27,27,33,40,50,50],"damage_taken":[{"damage":0,"enemies":"2 Louse","floor":1,"turns":2},{"damage":0,"enemies":"Cultist","floor":3,"turns":2},{"damage":2,"enemies":"Small Slimes","floor":4,"turns":3},{"damage":0,"enemies":"3 Louse","floor":5,"turns":3},{"damage":27,"enemies":"Lagavulin","floor":7,"turns":5},{"damage":14,"enemies":"Gremlin Nob","floor":12,"turns":3},{"damage":9,"enemies":"Lagavulin","floor":14,"turns":3},{"damage":30,"enemies":"The Guardian","floor":16,"turns":10},{"damage":0,"enemies":"3 Byrds","floor":18,"turns":2},{"damage":0,"enemies":"2 Thieves","floor":20,"turns":2},{"damage":32,"enemies":"3 Cultists","floor":22,"turns":4},{"damage":2,"enemies":"Slaver and Parasite","floor":23,"turns":2},{"damage":0,"enemies":"Snake Plant","floor":24,"turns":3},{"damage":7,"enemies":"Book of Stabbing","floor":27,"turns":3},{"damage":5,"enemies":"Chosen and Byrds","floor":29,"turns":3},{"damage":20,"enemies":"Automaton","floor":33,"turns":8},{"damage":0,"enemies":"3 Shapes","floor":35,"turns":3},{"damage":11,"enemies":"3 Darklings","floor":36,"turns":3},{"damage":44,"enemies":"Giant Head","floor":40,"turns":8},{"damage":55,"enemies":"Nemesis","floor":45,"turns":5},{"damage":3,"enemies":"Spire Growth","floor":46,"turns":3},{"damage":0,"enemies":"Flame Bruiser 2 Orb","floor":47,"turns":2},{"damage":0,"enemies":"3 Darklings","floor":48,"turns":2},{"damage":100,"enemies":"Time Eater","floor":50,"turns":6}],"relics_obtained":[{"floor":7,"key":"Ancient Tea Set"},{"floor":9,"key":"Anchor"},{"floor":12,"key":"Mummified Hand"},{"floor":14,"key":"The Courier"},{"floor":26,"key":"Calipers"},{"floor":27,"key":"Tiny Chest"},{"floor":40,"key":"Bag of Preparation"},{"floor":43,"key":"Question Card"},{"floor":44,"key":"Bottled Flame"},{"floor":45,"key":"Blood Vial"}],"event_choices":[{"event_name":"Bonfire Elementals","player_choice":"BASIC","floor":10,"damage_taken":0},{"event_name":"Golden Wing","player_choice":"Card Removal","floor":11,"damage_taken":0},{"event_name":"Scrap Ooze","player_choice":"success","floor":13,"damage_taken":12},{"event_name":"The Lab","player_choice":"Got Potions","floor":21,"damage_taken":0},{"event_name":"SensoryStone","player_choice":"Memory 1","floor":37,"damage_taken":0},{"event_name":"Wheel of Change","player_choice":"Relic","floor":39,"damage_taken":0},{"event_name":"Tomb of Lord Red Mask","player_choice":"Paid","floor":42,"damage_taken":0}],"boss_relics":[{"not_picked":["Lizard Tail","Snecko Eye"],"picked":"Astrolabe"},{"not_picked":["Black Star","White Beast Statue"],"picked":"Nuclear Battery"}],"items_purged_floors":[],"potions_floor_spawned":[1,4,12,18,22,23,24,29,35,40,45],"seed_played":"-2763605725118324840","killed_by":"Time Eater","ascension_level":0,"potions_obtained":[{"floor":1,"key":"Ancient Potion"},{"floor":4,"key":"Poison Potion"},{"floor":12,"key":"FearPotion"},{"floor":18,"key":"LiquidBronze"},{"floor":21,"key":"Fruit Juice"},{"floor":21,"key":"EssenceOfSteel"},{"floor":22,"key":"Weak Potion"},{"floor":23,"key":"Weak Potion"},{"floor":24,"key":"GamblersBrew"},{"floor":29,"key":"Dexterity Potion"},{"floor":35,"key":"SpeedPotion"},{"floor":40,"key":"Energy Potion"},{"floor":45,"key":"FearPotion"}],"is_trial":false}