{"gold_per_floor":[118,193,293,304,322,354,354,367,367,367,402,402,413,427,427,522,522,538,463,463,321,321,355,368,59,59,75,90,108,125,125,125,220,220,235,246,106,106,125,153,165,225,248,41,59,109,121,140,140,140],"floor_reached":51,"playtime":2965,"items_purged":["Defend_B","Defend_B","Doubt"],"score":790,"play_id":"eedf5903-9ecf-48f4-8d77-33b9135ecd4a","local_time":"20190203182423","is_ascension_mode":false,"campfire_choices":[{"data":"Zap","floor":7.0,"key":"SMITH"},{"data":"Dualcast","floor":10.0,"key":"SMITH"},{"data":"Conserve Battery","floor":15.0,"key":"SMITH"},{"floor":32,"key":"REST"},{"floor":49,"key":"RECALL"}],"neow_cost":"NONE","seed_source_timestamp":547628503433318,"circlet_count":0,"master_deck":["Defend_B","Zap+1","Dualcast+1","Conserve Battery+1","Rip and Tear","Steam","Storm","Skim","Go for the Eyes+1","Self Repair+1","Creative AI+1","Go for the Eyes+1","Bite+1","Bite+1","Bite+1","Bite+1","Bite+1","Defragment+1","Defragment+1","Coolheaded","Cold Snap+1","Lockon+1","Core Surge+1","Buffer+1","Static Discharge+1","Storm+1","Conserve Battery+1","Buffer+1","Static Discharge+1","Amplify","Heatsinks+1"],"special_seed":0,"relics":["Cracked Core","Bird Faced Urn","Frozen Egg 2","Molten Egg 2","Fusion Hammer","Regal Pillow","Bag of Preparation","Anchor","PreservedInsect","Cursed Key","SsserpentHead","Bag of Marbles","Lantern"],"potions_floor_usage":[30,39,50,50],"damage_taken":[{"damage":1.0,"enemies":"Jaw Worm","floor":1.0,"turns":4.0},{"damage":0.0,"enemies":"2 Louse","floor":4.0,"turns":2.0},{"damage":1.0,"enemies":"Cultist","floor":5.0,"turns":3.0},{"damage":13.0,"enemies":"3 Sentries","floor":6.0,"turns":8.0},{"damage":0.0,"enemies":"Large Slime","floor":8.0,"turns":4.0},{"damage":25.0,"enemies":"Lagavulin","floor":11.0,"turns":8.0},{"damage":0.0,"enemies":"Gremlin Gang","floor":13.0,"turns":4.0},{"damage":0.0,"enemies":"Looter","floor":14.0,"turns":3.0},{"damage":28.0,"enemies":"The Guardian","floor":16.0,"turns":11.0},{"damage":24,"enemies":"2 Thieves","floor":18,"turns":3},{"damage":48,"enemies":"Book of Stabbing","floor":23,"turns":6},{"damage":25,"enemies":"3 Byrds","floor":24,"turns":5},{"damage":6,"enemies":"Snake Plant","floor":27,"turns":3},{"damage":0,"enemies":"Cultist and Chosen","floor":28,"turns":6},{"damage":7,"enemies":"Shelled Parasite and Fungi","floor":29,"turns":5},{"damage":6,"enemies":"Snake Plant","floor":30,"turns":4},{"damage":35,"enemies":"Collector","floor":33,"turns":6},{"damage":0,"enemies":"3 Shapes","floor":35,"turns":5},{"damage":25,"enemies":"3 Darklings","floor":36,"turns":6},{"damage":0,"enemies":"Transient","floor":39,"turns":5},{"damage":0,"enemies":"Giant Head","floor":40,"turns":6},{"damage":3,"enemies":"Jaw Worm Horde","floor":41,"turns":3},{"damage":0,"enemies":"Spire Growth","floor":42,"turns":4},{"damage":16,"enemies":"3 Darklings","floor":45,"turns":4},{"damage":0,"enemies":"4 Shapes","floor":47,"turns":4},{"damage":4,"enemies":"Maw","floor":48,"turns":5},{"damage":16,"enemies":"Donu and Deca","floor":50,"turns":6}],"seed_played":"5814007250234322142","potions_obtained":[{"floor":4.0,"key":"SteroidPotion"},{"floor":5.0,"key":"Regen Potion"},{"floor":8.0,"key":"PowerPotion"},{"floor":11.0,"key":"FocusPotion"},{"floor":13.0,"key":"LiquidBronze"},{"floor":27,"key":"Energy Potion"},{"floor":30,"key":"LiquidBronze"},{"floor":33,"key":"Explosive Potion"},{"floor":35,"key":"Ancient Potion"},{"floor":39,"key":"AttackPotion"}],"is_trial":false,"path_per_floor":["M","?","?","M","M","E","R","M","T","R","E","?","M","M","R","B",null,"M","?","?","$","?","E","M","$","T","M","M","M","M","?","R","B",null,"M","M","$","?","M","E","M","M","T","$","M","?","M","M","R","B",null],"character_chosen":"DEFECT","items_purchased":["Defragment+1","Bag of Preparation","Anchor","Storm+1","Static Discharge+1"],"campfire_rested":1,"item_purchase_floors":[21,25,25,37,44],"current_hp_per_floor":[81,70,70,70,69,56,56,58,58,58,49,49,51,53,53,39,82,76,76,57,57,57,33,48,48,48,57,57,57,57,57,57,40,57,57,57,57,57,57,57,57,57,57,57,57,57,57,57,57,57],"gold":140,"neow_bonus":"TEN_PERCENT_HP_BONUS","is_prod":false,"is_daily":false,"chose_seed":false,"campfire_upgraded":3,"win_rate":0,"timestamp":1549185863,"path_taken":["M","?","?","M","?","E","R","M","T","R","E","?","?","M","R","BOSS","M","?","?","$","?","E","M","$","T","M","M","?","M","?","R","BOSS","M","?","?","?","M","E","M","?","T","$","M","?","M","M","R","BOSS"],"build_version":"2019-01-23","purchased_purges":3,"victory":true,"max_hp_per_floor":[82,82,82,82,82,82,82,82,82,82,82,82,82,82,82,82,82,82,82,57,57,57,57,57,57,57,57,57,57,57,57,57,57,57,57,57,57,57,57,57,57,57,57,57,57,57,57,57,57,57],"card_choices":[{"not_picked":["Streamline","Blizzard"],"picked":"Conserve Battery","floor":1.0},{"not_picked":["Hello World","Heatsinks"],"picked":"Rip and Tear","floor":4.0},{"not_picked":["Blizzard","Hello World"],"picked":"Steam","floor":5.0},{"not_picked":["Force Field","Chill"],"picked":"Storm","floor":6.0},{"not_picked":["Rebound","Sunder"],"picked":"Skim","floor":8.0},{"not_picked":["Sweeping Beam","Steam","Gash"],"picked":"SKIP","floor":11.0},{"not_picked":["Glacier","Multi-Cast"],"picked":"Go for the Eyes+1","floor":13.0},{"not_picked":["Conserve Battery","Cold Snap+1"],"picked":"Self Repair+1","floor":14.0},{"not_picked":["Core Surge+1","Meteor Strike+1"],"picked":"Creative AI+1","floor":16.0},{"not_picked":["Hologram","Gash+1"],"picked":"Go for the Eyes+1","floor":18},{"not_picked":["Redo","Hologram"],"picked":"Coolheaded","floor":23},{"not_picked":["Sweeping Beam+1","Ball Lightning+1","Gash+1"],"picked":"SKIP","floor":24},{"not_picked":["Undo","Go for the Eyes+1"],"picked":"Cold Snap+1","floor":27},{"not_picked":["Stack","Consume","Double Energy"],"picked":"SKIP","floor":28},{"not_picked":["Stack","Rebound+1"],"picked":"Lockon+1","floor":29},{"not_picked":["Conserve Battery","Darkness"],"picked":"Core Surge+1","floor":30},{"not_picked":["Hyperbeam+1","Rainbow"],"picked":"Buffer+1","floor":33},{"not_picked":["Reinforced Body","Go for the Eyes+1","Turbo"],"picked":"SKIP","floor":35},{"not_picked":["Gash+1","Compile Driver+1"],"picked":"Static Discharge+1","floor":36},{"not_picked":["Sweeping Beam+1","Streamline+1"],"picked":"Conserve Battery+1","floor":39},{"not_picked":["Turbo+1","Doom and Gloom+1","Streamline+1"],"picked":"SKIP","floor":40},{"not_picked":["Beam Cell+1","Gash+1"],"picked":"Buffer+1","floor":41},{"not_picked":["Barrage+1","Auto Shields+1","Self Repair+1"],"picked":"SKIP","floor":42},{"not_picked":["Streamline+1","Barrage+1"],"picked":"Amplify","floor":45},{"not_picked":["Reprogram","Chaos"],"picked":"Heatsinks+1","floor":47},{"not_picked":["Go for the Eyes+1","Conserve Battery","Genetic Algorithm"],"picked":"SKIP","floor":48}],"player_experience":108679,"relics_obtained":[{"floor":6.0,"key":"Bird Faced Urn"},{"floor":9.0,"key":"Frozen Egg 2"},{"floor":11.0,"key":"Molten Egg 2"},{"floor":23,"key":"Regal Pillow"},{"floor":26,"key":"PreservedInsect"},{"floor":40,"key":"Bag of Marbles"},{"floor":43,"key":"Lantern"}],"event_choices":[{"damage_healed":0.0,"max_hp_gain":0.0,"max_hp_loss":0.0,"gold_gain":75.0,"event_name":"World of Goop","player_choice":"Gather Gold","floor":2.0,"gold_loss":0.0,"damage_taken":11.0},{"damage_healed":0.0,"max_hp_gain":0.0,"max_hp_loss":0.0,"gold_gain":100.0,"event_name":"Golden Shrine","player_choice":"Pray","floor":3.0,"gold_loss":0.0,"damage_taken":0.0},{"damage_healed":0.0,"max_hp_gain":0.0,"max_hp_loss":0.0,"gold_gain":0.0,"event_name":"NoteForYourself","player_choice":"Ignored","floor":12.0,"gold_loss":0.0,"damage_taken":0.0},{"cards_removed":["Strike_B"],"damage_healed":0,"gold_gain":0,"player_choice":"Gave Gold","damage_taken":0,"max_hp_gain":0,"max_hp_loss":0,"event_name":"Beggar","floor":19,"gold_loss":75},{"damage_healed":0,"gold_gain":0,"player_choice":"Became a vampire","damage_taken":0,"max_hp_gain":0,"max_hp_loss":25,"event_name":"Vampires","floor":20,"gold_loss":0,"cards_obtained":["Bite","Bite","Bite","Bite","Bite"]},{"damage_healed":0,"gold_gain":0,"player_choice":"Copied","damage_taken":0,"max_hp_gain":0,"max_hp_loss":0,"event_name":"Duplicator","floor":22,"gold_loss":0,"cards_obtained":["Defragment"]},{"cards_removed":["Defend_B"],"damage_healed":0,"gold_gain":0,"player_choice":"Purged","damage_taken":0,"max_hp_gain":0,"max_hp_loss":0,"event_name":"Purifier","floor":31,"gold_loss":0},{"damage_healed":0,"gold_gain":0,"player_choice":"Trade","damage_taken":0,"relics_obtained":["SsserpentHead"],"max_hp_gain":0,"max_hp_loss":0,"event_name":"FaceTrader","floor":38,"gold_loss":0},{"damage_healed":0,"gold_gain":0,"player_choice":"Bought 0 Potions","damage_taken":0,"max_hp_gain":0,"max_hp_loss":0,"event_name":"The Woman in Blue","floor":46,"gold_loss":0}],"is_beta":false,"boss_relics":[{"not_picked":["White Beast Statue","Velvet Choker"],"picked":"Fusion Hammer"},{"not_picked":["Sozu","Nuclear Battery"],"picked":"Cursed Key"}],"items_purged_floors":[21,37,44],"is_endless":false,"potions_floor_spawned":[4,5,8,11,13,14,27,30,33,35,39,41,42],"ascension_level":0}