{"path_per_floor":["M","?","?","M","M","R","T","R","T","E","?","R","M","M","R","B",null,"M","$","M","M","M","R","$","R","T","?","M","R","M","M","R","B",null,"M","$","M","M","?","R","?","R","T","R","M","M","?","M","R"],"character_chosen":"DEFECT","items_purchased":["Creative AI","Heatsinks","Biased Cognition","Hello World"],"gold_per_floor":[112,187,187,201,212,212,212,212,212,238,238,238,248,263,263,363,363,377,16,28,38,52,52,52,52,52,151,168,168,182,196,196,292,292,302,222,235,255,255,255,255,255,280,280,295,315,370,387,387,387],"floor_reached":50,"campfire_rested":1,"playtime":8942,"item_purchase_floors":[19,19,19,19],"current_hp_per_floor":[75,64,64,60,60,60,60,60,60,60,60,60,60,60,60,12,75,75,75,69,66,66,66,66,66,66,66,66,66,61,58,58,13,75,75,75,75,75,65,65,65,65,65,65,48,49,49,49,71,0],"items_purged":["Strike_B","Strike_B"],"gold":387,"score":565,"play_id":"070c3754-14ea-4664-b099-e99f9195c776","local_time":"20180621023802","is_prod":false,"is_daily":false,"chose_seed":false,"is_ascension_mode":true,"campfire_upgraded":11,"win_rate":0,"timestamp":1529541482,"campfire_choices":[{"data":"Zap","floor":6,"key":"SMITH"},{"data":"Dualcast","floor":8,"key":"SMITH"},{"data":"BootSequence","floor":12,"key":"SMITH"},{"data":"Conserve Battery","floor":15,"key":"SMITH"},{"data":"Creative AI","floor":23,"key":"SMITH"},{"data":"Rainbow","floor":25,"key":"SMITH"},{"data":"Self Repair","floor":29,"key":"SMITH"},{"data":"Seek","floor":32,"key":"SMITH"},{"data":"Thunder Strike","floor":40,"key":"SMITH"},{"data":"Secret Technique","floor":42,"key":"SMITH"},{"data":"Defragment","floor":44,"key":"SMITH"},{"floor":49,"key":"REST"}],"path_taken":["M","?","?","M","M","R","?","R","T","E","?","R","M","M","R","BOSS","M","$","M","M","?","R","$","R","T","?","M","R","M","M","R","BOSS","M","$","M","M","?","R","?","R","T","R","M","M","?","M","R","BOSS"],"build_version":"2018-06-19v2","seed_source_timestamp":39081547908385,"purchased_purges":2,"circlet_count":0,"victory":false,"master_deck":["Defend_B","Defend_B","Zap+1","Dualcast+1","Reboot","Conserve Battery+1","BootSequence+1","Rainbow+1","Chaos+1","Coolheaded+1","FTL+1","Tempest+1","Creative AI+1","Heatsinks","Biased Cognition","Hello World","Heatsinks","Storm+1","Self Repair+1","Seek+1","Thunder Strike+1","Go for the Eyes","Defragment+1","Master of Strategy","Secret Technique+1","Decay"],"max_hp_per_floor":[75,75,75,75,75,75,75,75,75,75,75,75,75,75,75,75,75,75,75,75,75,75,75,75,75,75,75,75,75,75,75,75,75,75,75,75,75,75,75,75,75,75,75,75,75,75,75,75,75,75],"relics":["Cracked Core","Thread and Needle","Cables","The Courier","Astrolabe","Bag of Preparation","Cursed Key","Oddly Smooth Stone","Unceasing Top"],"card_choices":[{"not_picked":["Static Discharge","Stack"],"picked":"Conserve Battery","floor":1},{"not_picked":["Melter","Skim"],"picked":"BootSequence","floor":4},{"not_picked":["Conserve Battery","Barrage","Streamline"],"picked":"SKIP","floor":5},{"not_picked":["Streamline","Meteor Strike","Barrage"],"picked":"SKIP","floor":10},{"not_picked":["Doom and Gloom","Blizzard","Rip and Tear"],"picked":"SKIP","floor":13},{"not_picked":["Compile Driver","Redo","Sweeping Beam"],"picked":"SKIP","floor":14},{"not_picked":["Seek","Machine Learning"],"picked":"Rainbow","floor":16},{"not_picked":["Force Field","Gash"],"picked":"Tempest+1","floor":18},{"not_picked":["Rebound","Hologram","Steam+1"],"picked":"SKIP","floor":20},{"not_picked":["Hologram+1","Sweeping Beam"],"picked":"Heatsinks","floor":21},{"not_picked":["Fusion","Redo"],"picked":"Storm+1","floor":22},{"not_picked":["Stack","Creative AI"],"picked":"Self Repair","floor":28},{"not_picked":["Melter","Turbo+1","Sweeping Beam"],"picked":"SKIP","floor":30},{"not_picked":["Ball Lightning","Gash"],"picked":"Seek","floor":31},{"not_picked":["Hyperbeam","Reboot"],"picked":"Thunder Strike","floor":33},{"not_picked":["Conserve Battery","Beam Cell+1","Chaos+1"],"picked":"SKIP","floor":35},{"not_picked":["Leap+1","Static Discharge"],"picked":"Go for the Eyes","floor":37},{"not_picked":["Genetic Algorithm","Sweeping Beam"],"picked":"Defragment","floor":38},{"not_picked":["Bandage Up","Blind"],"picked":"Master of Strategy","floor":39},{"not_picked":["Flash of Steel","Master of Strategy"],"picked":"Secret Technique","floor":39},{"not_picked":["Finesse","Madness"],"picked":"Jack Of All Trades","floor":39},{"not_picked":["Streamline","Ball Lightning+1","Blizzard+1"],"picked":"SKIP","floor":45},{"not_picked":["Cold Snap+1","Stack","Heatsinks"],"picked":"SKIP","floor":46},{"not_picked":["Melter","Conserve Battery","Recycle"],"picked":"SKIP","floor":48}],"player_experience":213193,"potions_floor_usage":[16,16,21,21,33,33,46,47,50],"damage_taken":[{"damage":0,"enemies":"Cultist","floor":1,"turns":3},{"damage":4,"enemies":"Small Slimes","floor":4,"turns":5},{"damage":0,"enemies":"Jaw Worm","floor":5,"turns":3},{"damage":0,"enemies":"3 Sentries","floor":10,"turns":7},{"damage":0,"enemies":"Looter","floor":13,"turns":2},{"damage":0,"enemies":"Exordium Wildlife","floor":14,"turns":3},{"damage":48,"enemies":"Hexaghost","floor":16,"turns":10},{"damage":0,"enemies":"2 Thieves","floor":18,"turns":4},{"damage":6,"enemies":"Spheric Guardian","floor":20,"turns":3},{"damage":3,"enemies":"Centurion and Healer","floor":21,"turns":4},{"damage":0,"enemies":"Chosen and Byrds","floor":22,"turns":5},{"damage":0,"enemies":"Snake Plant","floor":28,"turns":2},{"damage":15,"enemies":"Centurion and Healer","floor":30,"turns":3},{"damage":13,"enemies":"Cultist and Chosen","floor":31,"turns":5},{"damage":55,"enemies":"Champ","floor":33,"turns":7},{"damage":0,"enemies":"3 Darklings","floor":35,"turns":2},{"damage":5,"enemies":"3 Shapes","floor":37,"turns":2},{"damage":0,"enemies":"Transient","floor":38,"turns":5},{"damage":17,"enemies":"Flame Bruiser 2 Orb","floor":45,"turns":3},{"damage":9,"enemies":"Maw","floor":46,"turns":5},{"damage":0,"floor":47,"turns":3},{"damage":0,"enemies":"4 Shapes","floor":48,"turns":2},{"damage":77,"enemies":"Time Eater","floor":50,"turns":8}],"relics_obtained":[{"floor":7,"key":"Thread and Needle"},{"floor":9,"key":"Cables"},{"floor":10,"key":"The Courier"},{"floor":26,"key":"Bag of Preparation"},{"floor":43,"key":"Oddly Smooth Stone"},{"floor":47,"key":"Unceasing Top"}],"event_choices":[{"event_name":"World of Goop","player_choice":"Gather Gold","floor":2,"damage_taken":0},{"event_name":"Liars Game","player_choice":"disagreed","floor":3,"damage_taken":0},{"event_name":"Living Wall","player_choice":"Forget","floor":11,"damage_taken":0},{"event_name":"Nest","player_choice":"Stole From Cult","floor":27,"damage_taken":0},{"event_name":"SensoryStone","player_choice":"Memory 3","floor":39,"damage_taken":0},{"event_name":"Falling","player_choice":"Removed Skill","floor":41,"damage_taken":0},{"event_name":"Mysterious Sphere","player_choice":"Fight","floor":47,"damage_taken":0}],"boss_relics":[{"not_picked":["Black Star","Eternal Feather"],"picked":"Astrolabe"},{"not_picked":["Busted Crown","Coffee Dripper"],"picked":"Cursed Key"}],"items_purged_floors":[19,36],"is_endless":false,"potions_floor_spawned":[1,14,18,20,28,30,37,38,45],"seed_played":"3111859027928428274","killed_by":"Time Eater","ascension_level":4,"potions_obtained":[{"floor":1,"key":"SteroidPotion"},{"floor":14,"key":"PowerPotion"},{"floor":18,"key":"Energy Potion"},{"floor":20,"key":"Explosive Potion"},{"floor":28,"key":"EssenceOfSteel"},{"floor":30,"key":"SteroidPotion"},{"floor":37,"key":"Fire Potion"},{"floor":38,"key":"PowerPotion"},{"floor":45,"key":"Swift Potion"}],"is_trial":false}