{"gold_per_floor":[118,130,150,166,241,268,22,52,100,112,126,139,139,92,92,195,195,212,90,106,218,239,245],"floor_reached":23,"playtime":3272,"items_purged":["Decay"],"score":245,"play_id":"c7a7538d-7eed-4ac3-92a4-a6fbcc2b4fc7","local_time":"20190621200054","is_ascension_mode":false,"campfire_choices":[{"floor":13,"key":"DIG"},{"floor":15,"key":"REST"}],"neow_cost":"CURSE","seed_source_timestamp":1017015172592050,"circlet_count":0,"master_deck":["animator:Strike_TenSura","animator:Defend_TenSura","animator:Defend","animator:Defend","animator:Defend","animator:Benimaru","animator:Shuna","animator:YunYun","animator:Spearman","animator:Alexander","animator:Millim+2","animator:Add","animator:Saber","animator:YunYun","animator:Tyuule","animator:HigakiRinne","animator:ZankiKiguchi+1","animator:Layla+1","animator:Chris+1","animator:SilverFang+1","animator:Hitei","animator:PandorasActor","animator:DolaStephanie","animator:Archer","animator:AcuraAkari+1"],"relics":["animator:LivingPicture","animator:PurgingStone_Cards","animator:TheMissingPiece","Shovel","Sundial","Incense Burner","Omamori","Centennial Puzzle","Astrolabe","Girya","Meat on the Bone"],"potions_floor_usage":[6,12,16,21,22,22],"damage_taken":[{"damage":0,"enemies":"Cultist","floor":1,"turns":5},{"damage":5,"enemies":"Jaw Worm","floor":2,"turns":3},{"damage":0,"enemies":"Small Slimes","floor":3,"turns":3},{"damage":6,"enemies":"3 Louse","floor":4,"turns":4},{"damage":32,"enemies":"Lagavulin","floor":6,"turns":6},{"damage":8,"enemies":"Looter","floor":10,"turns":3},{"damage":13,"enemies":"Gremlin Gang","floor":11,"turns":2},{"damage":0,"enemies":"Exordium Wildlife","floor":12,"turns":2},{"damage":0,"enemies":"Slime Boss","floor":16,"turns":6},{"damage":10,"enemies":"Chosen","floor":18,"turns":3},{"damage":8,"enemies":"Shell Parasite","floor":20,"turns":4},{"damage":21,"enemies":"Colosseum Slavers","floor":21,"turns":3},{"damage":12,"enemies":"Colosseum Nobs","floor":21,"turns":4},{"damage":14,"enemies":"Snake Plant","floor":22,"turns":4},{"damage":26,"enemies":"Book of Stabbing","floor":23,"turns":3}],"seed_played":"536753392171181417","potions_obtained":[{"floor":2,"key":"Weak Potion"},{"floor":4,"key":"Regen Potion"},{"floor":6,"key":"Strength Potion"},{"floor":11,"key":"Explosive Potion"},{"floor":12,"key":"Weak Potion"},{"floor":16,"key":"FearPotion"}],"is_trial":false,"path_per_floor":["M","M","M","M","?","E","$","?","T","M","M","M","R","$","R","B",null,"M","$","M","?","M","E"],"character_chosen":"THE_ANIMATOR","items_purchased":["animator:Saber","animator:YunYun","animator:Tyuule","animator:Hitei","animator:PandorasActor"],"campfire_rested":1,"item_purchase_floors":[7,7,14,19,19],"current_hp_per_floor":[72,67,67,61,50,30,30,30,30,22,9,9,9,9,30,30,72,62,62,54,21,19,0],"gold":245,"neow_bonus":"ONE_RARE_RELIC","is_prod":false,"is_daily":false,"chose_seed":false,"campfire_upgraded":0,"win_rate":0.0,"timestamp":1561161654,"path_taken":["M","M","M","?","?","E","$","?","T","M","M","M","R","$","R","BOSS","M","$","M","?","M","E"],"build_version":"2019-01-23","purchased_purges":1,"victory":false,"max_hp_per_floor":[72,72,72,72,72,72,72,72,72,72,72,72,72,72,72,72,72,72,72,72,72,72,72],"card_choices":[{"not_picked":["animator:MaesHughes","animator:ElricAlphonse"],"picked":"animator:YunYun","floor":1},{"not_picked":["animator:Mitsuba","animator:DwarfShaman"],"picked":"animator:Spearman","floor":2},{"not_picked":["animator:ChaikaBohdan","animator:Fredrika"],"picked":"animator:Alexander","floor":3},{"not_picked":["animator:Kaijin","animator:Hakurou"],"picked":"animator:Millim","floor":4},{"not_picked":["animator:Emonzaemon","animator:ChaikaBohdan"],"picked":"animator:Add","floor":6},{"not_picked":["animator:Priestess","animator:Alexander"],"picked":"animator:Millim","floor":10},{"not_picked":["animator:Benimaru","animator:Hakurou","animator:Demiurge"],"picked":"SKIP","floor":11},{"not_picked":["animator:Hakurou","animator:GazelDwargon"],"picked":"animator:Millim","floor":12},{"not_picked":["animator:PinaCoLada","animator:Guren"],"picked":"animator:HigakiRinne","floor":16},{"not_picked":["animator:Aisha","animator:Konayuki"],"picked":"animator:SilverFang+1","floor":18},{"not_picked":["animator:Caster","animator:GuildGirl+1"],"picked":"animator:DolaStephanie","floor":20},{"not_picked":["animator:Lancer","animator:EmiyaShirou"],"picked":"animator:Archer","floor":21},{"not_picked":["animator:Tatsumaki","animator:Yuuichirou"],"picked":"animator:AcuraAkari+1","floor":22}],"player_experience":518039,"relics_obtained":[{"floor":6,"key":"Sundial"},{"floor":9,"key":"Omamori"},{"floor":13,"key":"Centennial Puzzle"},{"floor":21,"key":"Girya"},{"floor":21,"key":"Meat on the Bone"}],"event_choices":[{"damage_healed":0,"gold_gain":75,"player_choice":"Gather Gold","damage_taken":11,"max_hp_gain":0,"max_hp_loss":0,"event_name":"World of Goop","floor":5,"gold_loss":0},{"damage_healed":0,"gold_gain":30,"player_choice":"Searched \u00272\u0027 times","damage_taken":0,"relics_obtained":["Incense Burner"],"max_hp_gain":0,"max_hp_loss":0,"event_name":"Dead Adventurer","floor":8,"gold_loss":0},{"damage_healed":0,"gold_gain":0,"player_choice":"Fight","damage_taken":0,"max_hp_gain":0,"max_hp_loss":0,"event_name":"Colosseum","floor":21,"gold_loss":0},{"damage_healed":0,"gold_gain":0,"player_choice":"Fought Nobs","damage_taken":0,"max_hp_gain":0,"max_hp_loss":0,"event_name":"Colosseum","floor":21,"gold_loss":0}],"is_beta":false,"boss_relics":[{"not_picked":["Lizard Tail","Fusion Hammer"],"picked":"Astrolabe"}],"items_purged_floors":[7],"is_endless":false,"potions_floor_spawned":[2,4,6,11,12,16,20,21],"killed_by":"Book of Stabbing","ascension_level":0}