{"gold_per_floor":[112,124,144,157,157,157,188,200,235,247,274,286,298,326,338,451,463,458,487,514,526],"floor_reached":21,"playtime":855,"items_purged":[],"score":183,"play_id":"1c5621d0-3360-430d-8a74-d40089662325","local_time":"20190213095336","is_ascension_mode":false,"campfire_choices":[{"data":"Uppercut","floor":6,"key":"SMITH"},{"data":"Armaments","floor":10,"key":"SMITH"},{"data":"Flame Barrier","floor":12,"key":"SMITH"},{"floor":15,"key":"REST"}],"neow_cost":"NONE","seed_source_timestamp":491623725857487,"circlet_count":0,"master_deck":["Strike_R","Strike_R","Strike_R","Strike_R","Defend_R","Defend_R+1","Defend_R","Bash","Flame Barrier+1","Inflame+1","Clothesline","Uppercut+1","Armaments+1","Impervious","Perfected Strike+1","Whirlwind"],"relics":["Black Blood","MawBank","Smiling Mask"],"potions_floor_usage":[],"damage_taken":[{"damage":1,"enemies":"Cultist","floor":1,"turns":4},{"damage":2,"enemies":"2 Louse","floor":2,"turns":3},{"damage":0,"enemies":"Small Slimes","floor":3,"turns":3},{"damage":6,"enemies":"Exordium Wildlife","floor":4,"turns":6},{"damage":31,"enemies":"Lagavulin","floor":7,"turns":7},{"damage":15,"enemies":"Lots of Slimes","floor":11,"turns":7},{"damage":2,"enemies":"Blue Slaver","floor":14,"turns":4},{"damage":35,"enemies":"Slime Boss","floor":16,"turns":11},{"damage":0,"enemies":"2 Thieves","floor":18,"turns":4},{"damage":18,"enemies":"Shell Parasite","floor":19,"turns":9},{"damage":9,"enemies":"Snecko","floor":20,"turns":4},{"damage":19,"enemies":"Sentry and Sphere","floor":21,"turns":3}],"seed_played":"1061786486216349972","potions_obtained":[{"floor":2,"key":"Energy Potion"},{"floor":3,"key":"Block Potion"},{"floor":14,"key":"SkillPotion"},{"floor":19,"key":"Explosive Potion"}],"is_trial":false,"path_per_floor":["M","M","M","M","?","R","E","?","T","R","M","R","?","M","R","B",null,"M","M","M","M"],"character_chosen":"IRONCLAD","items_purchased":[],"campfire_rested":1,"item_purchase_floors":[],"current_hp_per_floor":[80,80,80,80,80,80,55,39,39,39,30,30,23,27,51,22,80,80,72,73,54],"gold":526,"neow_bonus":"THREE_CARDS","is_prod":false,"is_daily":false,"chose_seed":false,"campfire_upgraded":3,"win_rate":0,"timestamp":1550019216,"path_taken":["M","M","M","M","?","R","E","?","T","R","M","R","?","M","R","BOSS","M","M","M","M"],"build_version":"2019-01-23","purchased_purges":0,"victory":false,"max_hp_per_floor":[80,80,80,80,80,80,80,80,80,80,80,80,80,80,80,80,80,80,80,80,80],"card_choices":[{"not_picked":["Cleave","Power Through"],"picked":"Flame Barrier","floor":0},{"not_picked":["Flex","Reckless Charge"],"picked":"Inflame","floor":1},{"not_picked":["Power Through","Burning Pact"],"picked":"Clothesline","floor":2},{"not_picked":["Inflame","Headbutt","Iron Wave"],"picked":"SKIP","floor":3},{"not_picked":["Corruption","Heavy Blade"],"picked":"Uppercut","floor":4},{"not_picked":["Iron Wave","Thunderclap"],"picked":"Armaments","floor":7},{"not_picked":["Thunderclap","Corruption","Perfected Strike"],"picked":"SKIP","floor":11},{"not_picked":["Iron Wave","Dual Wield","Wild Strike"],"picked":"SKIP","floor":14},{"not_picked":["Fiend Fire","Brutality"],"picked":"Impervious","floor":16},{"not_picked":["Havoc","Body Slam"],"picked":"Perfected Strike+1","floor":18},{"not_picked":["Second Wind+1","Warcry","Heavy Blade+1"],"picked":"SKIP","floor":19},{"not_picked":["Warcry","Intimidate+1"],"picked":"Whirlwind","floor":20}],"player_experience":198281,"relics_obtained":[{"floor":7,"key":"MawBank"},{"floor":9,"key":"Smiling Mask"}],"event_choices":[{"cards_removed":["Strike_R"],"damage_healed":0,"gold_gain":0,"player_choice":"Forget","damage_taken":0,"max_hp_gain":0,"max_hp_loss":0,"event_name":"Living Wall","floor":5,"gold_loss":0},{"damage_healed":0,"gold_gain":0,"player_choice":"Entered Light","damage_taken":16,"max_hp_gain":0,"max_hp_loss":0,"event_name":"Shining Light","floor":8,"gold_loss":0,"cards_upgraded":["Defend_R","Inflame"]},{"cards_removed":["Defend_R"],"damage_healed":0,"gold_gain":0,"player_choice":"Card Removal","damage_taken":7,"max_hp_gain":0,"max_hp_loss":0,"event_name":"Golden Wing","floor":13,"gold_loss":0}],"is_beta":false,"boss_relics":[{"not_picked":["Pandora\u0027s Box","Tiny House"],"picked":"Black Blood"}],"items_purged_floors":[],"is_endless":false,"potions_floor_spawned":[2,3,14,19],"killed_by":"Sentry and Sphere","ascension_level":0}