{"gold_per_floor":[112,127,147,72,85,113,113,113,113,113,131,147,147,204,204,308,308,327,327,327,327,338,338,368,387,387,248,248,248,265,140,140,240,240],"floor_reached":34,"playtime":1417,"items_purged":["Strike_G","Strike_G","Strike_G"],"score":370,"play_id":"3fb5dca6-55a6-4294-ada2-b7277f8ddc6d","local_time":"20190824130812","is_ascension_mode":false,"campfire_choices":[{"data":"Deflect","floor":7.0,"key":"SMITH"},{"data":"Neutralize","floor":10.0,"key":"SMITH"},{"data":"Deadly Poison","floor":13.0,"key":"SMITH"},{"data":"Poisoned Stab","floor":15.0,"key":"SMITH"},{"data":"Footwork","floor":23.0,"key":"SMITH"},{"data":"Noxious Fumes","floor":28.0,"key":"SMITH"},{"data":"Cloak And Dagger","floor":32.0,"key":"SMITH"}],"neow_cost":"NONE","seed_source_timestamp":0,"circlet_count":0,"master_deck":["Strike_G","Strike_G+1","Defend_G","Defend_G","Defend_G","Defend_G","Defend_G","Survivor+1","Neutralize+1","Dagger Spray","Poisoned Stab+1","Backstab","Deflect+1","Deadly Poison+1","Cloak And Dagger+1","Footwork+1","Blade Dance+1","Noxious Fumes+1","Corpse Explosion+1"],"special_seed":0,"relics":["Ring of the Snake","Oddly Smooth Stone","Meat on the Bone","Paper Crane","Singing Bowl","Toxic Egg 2","Ornamental Fan","Gambling Chip","Incense Burner"],"potions_floor_usage":[],"damage_taken":[{"damage":7.0,"enemies":"Jaw Worm","floor":1.0,"turns":6.0},{"damage":0.0,"enemies":"Small Slimes","floor":2.0,"turns":6.0},{"damage":0.0,"enemies":"2 Louse","floor":3.0,"turns":2.0},{"damage":0.0,"enemies":"Looter","floor":5.0,"turns":3.0},{"damage":14.0,"enemies":"3 Sentries","floor":6.0,"turns":9.0},{"damage":0.0,"enemies":"Red Slaver","floor":11.0,"turns":4.0},{"damage":0.0,"enemies":"Blue Slaver","floor":12.0,"turns":3.0},{"damage":21.0,"enemies":"3 Sentries","floor":14.0,"turns":9.0},{"damage":10.0,"enemies":"Hexaghost","floor":16.0,"turns":9.0},{"damage":17.0,"enemies":"3 Byrds","floor":18.0,"turns":6.0},{"damage":0.0,"enemies":"2 Thieves","floor":22.0,"turns":3.0},{"damage":49.0,"enemies":"Gremlin Leader","floor":24.0,"turns":7.0},{"damage":0.0,"enemies":"Snecko","floor":25.0,"turns":7.0},{"damage":1.0,"enemies":"3 Cultists","floor":30.0,"turns":7.0},{"damage":29.0,"enemies":"Automaton","floor":33.0,"turns":11.0}],"seed_played":"-1319269295310194218","potions_obtained":[{"floor":1.0,"key":"FearPotion"},{"floor":5.0,"key":"Dexterity Potion"},{"floor":12.0,"key":"Strength Potion"},{"floor":14.0,"key":"GhostInAJar"},{"floor":22.0,"key":"Explosive Potion"},{"floor":25.0,"key":"Fire Potion"},{"floor":30.0,"key":"FearPotion"}],"is_trial":false,"path_per_floor":["M","M","M","$","M","E","R","?","T","R","M","M","R","?","R","B",null,"M","?","T","?","M","R","E","M","T","$","R","T","M","$","R","B",null],"character_chosen":"THE_SILENT","items_purchased":["Noxious Fumes"],"campfire_rested":0,"item_purchase_floors":[27],"current_hp_per_floor":[63,63,63,63,63,49,49,35,35,35,47,47,47,40,40,44,74,57,57,57,57,57,57,22,36,36,36,36,36,49,49,49,32,32],"gold":240,"neow_bonus":"RANDOM_COMMON_RELIC","is_prod":false,"is_daily":false,"chose_seed":false,"campfire_upgraded":7,"win_rate":0,"timestamp":1566619692,"path_taken":["M","M","M","$","M","E","R","?","T","R","M","M","R","?","R","BOSS","M","?","?","?","M","R","E","M","T","?","R","?","M","$","R","BOSS"],"build_version":"2019-07-17","purchased_purges":3,"victory":false,"max_hp_per_floor":[70,70,70,70,70,70,70,70,70,70,70,70,70,72,72,74,74,74,74,74,74,74,74,76,78,78,78,78,78,80,80,80,80,80],"card_choices":[{"not_picked":["Masterful Stab","Finisher"],"picked":"Dagger Spray","floor":1.0},{"not_picked":["Dodge and Roll","Bane"],"picked":"Poisoned Stab","floor":2.0},{"not_picked":["Underhanded Strike","Slice"],"picked":"Backstab","floor":3.0},{"not_picked":["Choke","Blade Dance"],"picked":"Deflect","floor":5.0},{"not_picked":["Heel Hook","Poisoned Stab","Night Terror"],"picked":"SKIP","floor":6.0},{"not_picked":["Cloak And Dagger","Bane"],"picked":"Deadly Poison","floor":11.0},{"not_picked":["Underhanded Strike","Deflect","Endless Agony"],"picked":"SKIP","floor":12.0},{"not_picked":["Distraction","Eviscerate","Prepared"],"picked":"Singing Bowl","floor":14.0},{"not_picked":["Grand Finale","Storm of Steel","A Thousand Cuts"],"picked":"Singing Bowl","floor":16.0},{"not_picked":["Setup","Underhanded Strike"],"picked":"Cloak And Dagger","floor":18.0},{"not_picked":["Deflect+1","Dodge and Roll+1"],"picked":"Blade Dance+1","floor":22.0},{"not_picked":["A Thousand Cuts","Leg Sweep+1","Bullet Time+1"],"picked":"Singing Bowl","floor":24.0},{"not_picked":["Choke","Prepared+1","Poisoned Stab+1"],"picked":"Singing Bowl","floor":25.0},{"not_picked":["Bouncing Flask+1","Dagger Throw","Blade Dance+1"],"picked":"Singing Bowl","floor":30.0},{"not_picked":["Doppelganger+1","Phantasmal Killer+1"],"picked":"Corpse Explosion+1","floor":33.0}],"player_experience":279676,"relics_obtained":[{"floor":6.0,"key":"Meat on the Bone"},{"floor":9.0,"key":"Paper Crane"},{"floor":14.0,"key":"Singing Bowl"},{"floor":20.0,"key":"Toxic Egg 2"},{"floor":24.0,"key":"Ornamental Fan"},{"floor":26.0,"key":"Gambling Chip"},{"floor":29.0,"key":"Incense Burner"}],"event_choices":[{"damage_healed":0.0,"max_hp_gain":0.0,"max_hp_loss":0.0,"gold_gain":0.0,"event_name":"Shining Light","player_choice":"Entered Light","floor":8.0,"gold_loss":0.0,"damage_taken":14.0,"cards_upgraded":["Survivor","Strike_G"]},{"damage_healed":0.0,"max_hp_gain":0.0,"max_hp_loss":0.0,"gold_gain":0.0,"event_name":"Dead Adventurer","player_choice":"Searched \u00271\u0027 times","floor":14.0,"gold_loss":0.0,"damage_taken":0.0},{"damage_healed":0.0,"max_hp_gain":0.0,"max_hp_loss":0.0,"gold_gain":0.0,"event_name":"The Library","player_choice":"Read","floor":19.0,"gold_loss":0.0,"damage_taken":0.0,"cards_obtained":["Footwork"]},{"damage_healed":0.0,"max_hp_gain":0.0,"max_hp_loss":0.0,"gold_gain":0.0,"event_name":"Ghosts","player_choice":"Ignored","floor":21.0,"gold_loss":0.0,"damage_taken":0.0}],"is_beta":false,"boss_relics":[{"not_picked":["Runic Pyramid","Snecko Eye","Velvet Choker"]}],"items_purged_floors":[4,27,31],"is_endless":false,"potions_floor_spawned":[1,5,12,14,22,25,30],"ascension_level":0}