{"gold_per_floor":[115,115,136,151,151,151,186,186,186,186,209,227,262,262,262,387,387,410,410,434,533,549,549],"floor_reached":23,"playtime":1170,"items_purged":[],"score":231,"play_id":"9260deb6-e919-4876-9257-c0a80ee97162","local_time":"20190910221331","is_ascension_mode":true,"campfire_choices":[{"data":"Conclude","floor":6,"key":"SMITH"},{"data":"SpiritShield","floor":8,"key":"SMITH"},{"data":"JustLucky","floor":10,"key":"SMITH"},{"data":"SandsOfTime","floor":15,"key":"SMITH"}],"neow_cost":"NONE","seed_source_timestamp":551504600992299,"circlet_count":0,"master_deck":["Strike_P","Strike_P","Strike_P","Strike_P","Defend_P","Defend_P+1","Defend_P+1","Defend_P","Eruption+1","Vigilance","Worship","Conclude+1","JustLucky+1","SpiritShield+1","SandsOfTime+1","LessonLearned","ClearTheMind","FearNoEvil"],"relics":["HolyWater","Golden Idol","Shuriken","Ornamental Fan"],"potions_floor_usage":[7,7,7,11,11,16,22,23],"damage_taken":[{"damage":0,"enemies":"Cultist","floor":1,"turns":2},{"damage":16,"enemies":"Small Slimes","floor":3,"turns":5},{"damage":7,"enemies":"Jaw Worm","floor":4,"turns":3},{"damage":11,"enemies":"Lagavulin","floor":7,"turns":7},{"damage":10,"enemies":"3 Louse","floor":11,"turns":10},{"damage":1,"enemies":"Looter","floor":12,"turns":4},{"damage":11,"enemies":"3 Sentries","floor":13,"turns":7},{"damage":2,"enemies":"Hexaghost","floor":16,"turns":8},{"damage":7,"enemies":"2 Thieves","floor":18,"turns":3},{"damage":18,"enemies":"Spheric Guardian","floor":20,"turns":5},{"damage":10,"enemies":"Cultist and Chosen","floor":22,"turns":6},{"damage":32,"enemies":"Book of Stabbing","floor":23,"turns":4}],"seed_played":"6483385038949762828","potions_obtained":[{"floor":0,"key":"SpeedPotion"},{"floor":0,"key":"EntropicBrew"},{"floor":0,"key":"Dexterity Potion"},{"floor":7,"key":"Regen Potion"},{"floor":13,"key":"Weak Potion"},{"floor":16,"key":"LiquidBronze"},{"floor":20,"key":"DuplicationPotion"}],"is_trial":false,"path_per_floor":["M","?","M","M","?","R","E","R","T","R","M","M","E","?","R","B",null,"M","?","M","?","M","E"],"character_chosen":"WATCHER","items_purchased":[],"campfire_rested":0,"item_purchase_floors":[],"current_hp_per_floor":[65,49,33,26,26,26,15,15,15,15,59,58,47,34,34,32,65,58,58,40,40,30,0],"gold":549,"neow_bonus":"THREE_SMALL_POTIONS","is_prod":false,"is_daily":false,"chose_seed":false,"campfire_upgraded":4,"win_rate":0,"timestamp":1568168011,"path_taken":["M","?","M","M","?","R","E","R","T","R","M","M","E","?","R","BOSS","M","?","M","?","M","E"],"build_version":"2019-09-10","purchased_purges":0,"victory":false,"max_hp_per_floor":[65,65,65,65,65,65,65,65,65,65,65,65,65,65,65,65,65,65,65,65,65,65,65],"card_choices":[{"not_picked":["Weave","ClearTheMind"],"picked":"Worship","floor":1},{"not_picked":["Halt","FollowUp"],"picked":"Conclude","floor":3},{"not_picked":["FlyingSleeves","Weave"],"picked":"JustLucky","floor":4},{"not_picked":["ForeignInfluence","Conclude"],"picked":"SpiritShield","floor":7},{"not_picked":["EmptyBody","WaveOfTheHand","WreathOfFlame"],"picked":"SKIP","floor":11},{"not_picked":["Prostrate","Worship"],"picked":"SandsOfTime","floor":12},{"not_picked":["Weave","CleanseEvil","Collect"],"picked":"SKIP","floor":13},{"not_picked":["Omniscience","Brilliance"],"picked":"LessonLearned","floor":16},{"not_picked":["Tantrum","Consecrate"],"picked":"ClearTheMind","floor":18},{"not_picked":["Perseverance","Halt"],"picked":"FearNoEvil","floor":20},{"not_picked":["Worship","StepAndStrike","BowlingBash"],"picked":"SKIP","floor":22}],"player_experience":1935781,"relics_obtained":[{"floor":7,"key":"Shuriken"},{"floor":13,"key":"Ornamental Fan"}],"event_choices":[{"damage_healed":0,"gold_gain":0,"player_choice":"Take Damage","damage_taken":16,"relics_obtained":["Golden Idol"],"max_hp_gain":0,"max_hp_loss":0,"event_name":"Golden Idol","floor":2,"gold_loss":0},{"damage_healed":0,"gold_gain":0,"player_choice":"Grow","damage_taken":0,"max_hp_gain":0,"max_hp_loss":0,"event_name":"Living Wall","floor":5,"gold_loss":0,"cards_upgraded":["Eruption"]},{"damage_healed":0,"gold_gain":0,"player_choice":"Entered Light","damage_taken":13,"max_hp_gain":0,"max_hp_loss":0,"event_name":"Shining Light","floor":14,"gold_loss":0,"cards_upgraded":["Defend_P","Defend_P"]},{"damage_healed":0,"gold_gain":0,"player_choice":"Ignored","damage_taken":0,"max_hp_gain":0,"max_hp_loss":0,"event_name":"The Mausoleum","floor":19,"gold_loss":0},{"damage_healed":0,"gold_gain":99,"player_choice":"Stole From Cult","damage_taken":0,"max_hp_gain":0,"max_hp_loss":0,"event_name":"Nest","floor":21,"gold_loss":0}],"is_beta":true,"boss_relics":[{"not_picked":["Busted Crown","Tiny House"],"picked":"HolyWater"}],"items_purged_floors":[],"is_endless":false,"potions_floor_spawned":[7,13,16,20],"killed_by":"Book of Stabbing","ascension_level":3}