{"gold_per_floor":[113,125,139,158,174,174,190,210,258,268,268,300,300,375,375,474,474,488,488,22,22,40,71,71,71,94,94,13,44,59,75,75,179,179,193,153,164,264,264,295,295,17,42,59,59,9,9,28,28,28],"floor_reached":51,"playtime":2420,"items_purged":["Grand Finale+1","Pain","Strike_G"],"score":965,"play_id":"0c0ec44f-5ea9-4d06-80c2-d9b2c339f91f","local_time":"20190212000531","is_ascension_mode":true,"campfire_choices":[{"data":"Cloak And Dagger","floor":6,"key":"SMITH"},{"data":"Infinite Blades","floor":11,"key":"SMITH"},{"floor":15,"key":"REST"},{"data":"Terror","floor":25,"key":"SMITH"},{"data":"After Image","floor":27,"key":"SMITH"},{"floor":32,"key":"REST"},{"data":"Choke","floor":41,"key":"SMITH"},{"data":"Neutralize","floor":45,"key":"SMITH"},{"data":"Leg Sweep","floor":47,"key":"SMITH"},{"data":"Blade Dance","floor":49,"key":"SMITH"}],"neow_cost":"NONE","seed_source_timestamp":1616848375122892,"circlet_count":0,"master_deck":["Defend_G","Defend_G","Defend_G","Defend_G","Strike_G","Strike_G","Survivor","Neutralize+1","Escape Plan","Cloak And Dagger+1","Choke+1","Blade Dance+1","Infinite Blades+1","Leg Sweep+1","Backstab","After Image+1","Backstab+1","Deadly Poison+1","Blade Dance","Escape Plan","PiercingWail","Terror+1","Infinite Blades+1","Prepared+1","Deadly Poison+1","Cloak And Dagger+1","Backstab","Backstab"],"relics":["Cursed Key","Orichalcum","Ornamental Fan","Astrolabe","WingedGreaves","Nilry\u0027s Codex","Frozen Egg 2","Omamori","Bottled Flame","WristBlade","Ginger","Thread and Needle","Smiling Mask","Vajra","Bronze Scales"],"potions_floor_usage":[5,7,10,12,23,23,23,31,48,48,50,50],"damage_taken":[{"damage":0,"enemies":"Small Slimes","floor":1,"turns":3},{"damage":0,"enemies":"Jaw Worm","floor":2,"turns":4},{"damage":0,"enemies":"2 Louse","floor":3,"turns":3},{"damage":0,"enemies":"Blue Slaver","floor":4,"turns":2},{"damage":0,"enemies":"Exordium Wildlife","floor":5,"turns":3},{"damage":7,"enemies":"Gremlin Gang","floor":7,"turns":4},{"damage":0,"enemies":"Large Slime","floor":8,"turns":4},{"damage":14,"enemies":"Exordium Wildlife","floor":10,"turns":5},{"damage":12,"enemies":"3 Sentries","floor":12,"turns":7},{"damage":16,"enemies":"Hexaghost","floor":16,"turns":11},{"damage":0,"enemies":"Spheric Guardian","floor":18,"turns":3},{"damage":7,"enemies":"3 Byrds","floor":22,"turns":5},{"damage":0,"enemies":"Slavers","floor":23,"turns":5},{"damage":0,"enemies":"Gremlin Leader","floor":29,"turns":7},{"damage":16,"enemies":"Centurion and Healer","floor":30,"turns":4},{"damage":0,"enemies":"Snecko","floor":31,"turns":3},{"damage":5,"enemies":"Automaton","floor":33,"turns":12},{"damage":15,"enemies":"3 Darklings","floor":35,"turns":6},{"damage":4,"enemies":"Orb Walker","floor":37,"turns":3},{"damage":1,"enemies":"Mind Bloom Boss Battle","floor":38,"turns":5},{"damage":0,"enemies":"Reptomancer","floor":40,"turns":6},{"damage":0,"enemies":"4 Shapes","floor":44,"turns":3},{"damage":0,"enemies":"Writhing Mass","floor":48,"turns":4},{"damage":30,"enemies":"Awakened One","floor":50,"turns":10}],"seed_played":"3248180698314271807","potions_obtained":[{"floor":1,"key":"Swift Potion"},{"floor":3,"key":"SteroidPotion"},{"floor":5,"key":"PowerPotion"},{"floor":10,"key":"SteroidPotion"},{"floor":12,"key":"Explosive Potion"},{"floor":18,"key":"GhostInAJar"},{"floor":22,"key":"SkillPotion"},{"floor":30,"key":"AttackPotion"},{"floor":36,"key":"Block Potion"},{"floor":36,"key":"Weak Potion"},{"floor":36,"key":"FearPotion"},{"floor":44,"key":"Swift Potion"},{"floor":48,"key":"PowerPotion"}],"is_trial":false,"path_per_floor":["M","M","M","M","M","R","M","M","T","M","R","E","?","?","R","B",null,"M","?","$","?","M","E","?","R","T","R","$","E","M","M","R","B",null,"M","?","M","?","T","E","R","$","T","M","R","$","R","M","R","B",null],"character_chosen":"THE_SILENT","items_purchased":["WingedGreaves","Escape Plan","PiercingWail","Infinite Blades+1","Vajra","Backstab"],"campfire_rested":2,"item_purchase_floors":[20,20,20,28,42,42],"current_hp_per_floor":[70,70,70,70,70,70,63,63,63,49,49,37,30,19,40,24,70,70,57,57,41,34,34,34,34,34,34,34,34,18,18,40,35,75,60,60,56,55,55,55,55,55,55,55,55,55,55,55,55,25],"gold":28,"neow_bonus":"BOSS_RELIC","is_prod":false,"is_daily":false,"chose_seed":false,"campfire_upgraded":8,"win_rate":0,"timestamp":1549951531,"path_taken":["M","M","M","M","M","R","M","M","T","M","R","E","?","?","R","BOSS","M","?","$","?","M","E","?","R","T","R","?","E","M","M","R","BOSS","M","?","?","?","?","E","R","$","T","M","R","$","R","M","R","BOSS"],"build_version":"2019-02-06","purchased_purges":3,"victory":true,"max_hp_per_floor":[70,70,70,70,70,70,70,70,70,70,70,70,70,70,70,70,70,70,75,75,75,75,75,75,75,75,75,75,75,75,75,75,75,75,75,75,75,75,75,75,75,75,75,75,75,75,75,75,75,75],"card_choices":[{"not_picked":["Reflex","Accuracy"],"picked":"Escape Plan","floor":1},{"not_picked":["Backflip","Slice"],"picked":"Cloak And Dagger","floor":2},{"not_picked":["Slice","Expertise"],"picked":"Choke","floor":3},{"not_picked":["Calculated Gamble","Dagger Throw"],"picked":"Blade Dance","floor":4},{"not_picked":["Poisoned Stab","Terror"],"picked":"Infinite Blades","floor":5},{"not_picked":["Flying Knee","Deflect","Concentrate"],"picked":"SKIP","floor":7},{"not_picked":["Sucker Punch","Dagger Throw"],"picked":"Leg Sweep","floor":8},{"not_picked":["Dagger Throw","Flying Knee","Tactician"],"picked":"SKIP","floor":10},{"not_picked":["Bane","Phantasmal Killer"],"picked":"Backstab","floor":12},{"not_picked":["Corpse Explosion","Grand Finale"],"picked":"After Image","floor":16},{"not_picked":["Outmaneuver","Deflect+1"],"picked":"Blade Dance","floor":18},{"not_picked":["Setup","Poisoned Stab","Flying Knee"],"picked":"SKIP","floor":22},{"not_picked":["Poisoned Stab","Quick Slash+1"],"picked":"Terror","floor":23},{"not_picked":["Noxious Fumes+1","Well Laid Plans+1"],"picked":"Prepared+1","floor":29},{"not_picked":["Riddle With Holes","Expertise"],"picked":"Deadly Poison+1","floor":30},{"not_picked":["Masterful Stab","Prepared","Deflect+1"],"picked":"SKIP","floor":31},{"not_picked":["Distraction","Finisher+1"],"picked":"Cloak And Dagger+1","floor":35},{"not_picked":["Slice","All Out Attack"],"picked":"Backstab","floor":37},{"not_picked":["Catalyst","Outmaneuver","Venomology"],"picked":"SKIP","floor":40},{"not_picked":["Endless Agony","Dodge and Roll","Bane"],"picked":"SKIP","floor":44},{"not_picked":["PiercingWail+1","Prepared","Poisoned Stab"],"picked":"SKIP","floor":48}],"player_experience":441099,"relics_obtained":[{"floor":9,"key":"Orichalcum"},{"floor":12,"key":"Ornamental Fan"},{"floor":21,"key":"Nilry\u0027s Codex"},{"floor":23,"key":"Frozen Egg 2"},{"floor":26,"key":"Omamori"},{"floor":29,"key":"Bottled Flame"},{"floor":38,"key":"Ginger"},{"floor":39,"key":"Thread and Needle"},{"floor":40,"key":"Smiling Mask"},{"floor":43,"key":"Bronze Scales"}],"event_choices":[{"cards_removed":["Doubt"],"damage_healed":0,"gold_gain":0,"player_choice":"Card Removal","damage_taken":7,"max_hp_gain":0,"max_hp_loss":0,"event_name":"Golden Wing","floor":13,"gold_loss":0},{"damage_healed":0,"gold_gain":75,"player_choice":"Gather Gold","damage_taken":11,"max_hp_gain":0,"max_hp_loss":0,"event_name":"World of Goop","floor":14,"gold_loss":0},{"damage_healed":0,"gold_gain":0,"player_choice":"Shed Blood","damage_taken":18,"max_hp_gain":5,"max_hp_loss":0,"event_name":"Forgotten Altar","floor":19,"gold_loss":0},{"damage_healed":0,"gold_gain":0,"player_choice":"Obtained Book","damage_taken":16,"max_hp_gain":0,"max_hp_loss":0,"event_name":"Cursed Tome","floor":21,"gold_loss":0},{"damage_healed":0,"gold_gain":0,"player_choice":"Ignored","damage_taken":0,"max_hp_gain":0,"max_hp_loss":0,"event_name":"Vampires","floor":24,"gold_loss":0},{"damage_healed":0,"gold_gain":0,"player_choice":"Bought 3 Potions","damage_taken":0,"max_hp_gain":0,"max_hp_loss":0,"event_name":"The Woman in Blue","floor":36,"gold_loss":0},{"damage_healed":0,"gold_gain":0,"player_choice":"Fight","damage_taken":0,"max_hp_gain":0,"max_hp_loss":0,"event_name":"MindBloom","floor":38,"gold_loss":0}],"is_beta":true,"boss_relics":[{"not_picked":["Tiny House","Ectoplasm"],"picked":"Astrolabe"},{"not_picked":["Fusion Hammer","Runic Dome"],"picked":"WristBlade"}],"items_purged_floors":[20,42,46],"is_endless":false,"potions_floor_spawned":[1,3,5,10,12,18,22,30,37,44,48],"ascension_level":4}