{"gold_per_floor":[360,360,377,396,271,271,300,300,323,355,355,355,355,387,387,490,490,507,507,782,222,241,241,257,257,280,308,308,308,335,353,353,353],"floor_reached":33,"playtime":1774,"items_purged":["Doubt","Regret"],"score":429,"play_id":"212ae2ae-33b5-4d7c-ae90-1ab4fafeeaf7","local_time":"20190504193626","is_ascension_mode":true,"campfire_choices":[{"data":"Armaments","floor":6,"key":"SMITH"},{"data":"True Grit","floor":8,"key":"SMITH"},{"data":"Inflame","floor":11,"key":"SMITH"},{"floor":15,"key":"REST"},{"data":"Reaper","floor":23,"key":"SMITH"},{"data":"Feed","floor":25,"key":"SMITH"},{"data":"Battle Trance","floor":29,"key":"SMITH"},{"data":"Rage","floor":32,"key":"SMITH"}],"neow_cost":"CURSE","seed_source_timestamp":29402287308663,"circlet_count":0,"master_deck":["Defend_R","Defend_R+1","Defend_R+1","Defend_R","Bash","Cleave","True Grit+1","Inflame+1","Armaments+1","Cleave","Battle Trance+1","Feed+1","Reaper+1","Necronomicurse","Ghostly Armor","Spot Weakness+1","Heavy Blade+1","Bite","Bite","Bite","Bite","Bite","Rage+1"],"relics":["Burning Blood","Juzu Bracelet","Centennial Puzzle","Dream Catcher","War Paint","Singing Bowl","Coffee Dripper","Necronomicon","Paper Frog","Bag of Marbles","Ancient Tea Set","Bronze Scales","Mummified Hand"],"potions_floor_usage":[4,10,14,27,30],"damage_taken":[{"damage":13,"enemies":"Small Slimes","floor":1,"turns":7},{"damage":6,"enemies":"Cultist","floor":3,"turns":4},{"damage":9,"enemies":"2 Louse","floor":4,"turns":3},{"damage":35,"enemies":"Lagavulin","floor":7,"turns":6},{"damage":32,"enemies":"Gremlin Nob","floor":10,"turns":4},{"damage":17,"enemies":"Lagavulin","floor":14,"turns":8},{"damage":29,"enemies":"Slime Boss","floor":16,"turns":7},{"damage":20,"enemies":"Shell Parasite","floor":18,"turns":5},{"damage":17,"enemies":"Spheric Guardian","floor":22,"turns":6},{"damage":10,"enemies":"Centurion and Healer","floor":24,"turns":6},{"damage":10,"enemies":"Slavers","floor":27,"turns":4},{"damage":4,"enemies":"Book of Stabbing","floor":30,"turns":2},{"damage":24,"enemies":"Shelled Parasite and Fungi","floor":31,"turns":4},{"damage":129,"enemies":"Collector","floor":33,"turns":9}],"seed_played":"1493945180701239581","potions_obtained":[{"floor":1,"key":"FearPotion"},{"floor":2,"key":"FairyPotion"},{"floor":2,"key":"BloodPotion"},{"floor":7,"key":"SkillPotion"},{"floor":16,"key":"AttackPotion"},{"floor":22,"key":"Energy Potion"},{"floor":30,"key":"LiquidBronze"}],"is_trial":false,"path_per_floor":["M","?","M","M","$","R","E","R","T","E","R","T","?","E","R","B",null,"M","?","?","$","M","R","M","R","T","E","?","R","E","M","R","B"],"character_chosen":"IRONCLAD","items_purchased":["Armaments","Ghostly Armor","Paper Frog","Bag of Marbles"],"campfire_rested":1,"item_purchase_floors":[5,21,21,21],"current_hp_per_floor":[65,65,65,70,70,70,41,41,41,15,15,15,20,9,34,11,67,55,39,39,39,37,37,63,63,63,93,67,67,67,57,57,0],"gold":353,"neow_bonus":"TWO_FIFTY_GOLD","is_prod":false,"is_daily":false,"chose_seed":false,"campfire_upgraded":7,"win_rate":0,"timestamp":1556991386,"path_taken":["M","?","M","?","$","R","E","R","T","E","R","?","?","E","R","BOSS","M","?","?","$","M","R","M","R","T","E","?","R","E","M","R","BOSS"],"build_version":"2019-04-23","purchased_purges":2,"victory":false,"max_hp_per_floor":[80,80,80,80,80,80,80,80,80,80,80,80,85,85,85,85,85,87,87,87,87,87,87,91,91,91,97,67,67,67,69,69,69],"card_choices":[{"not_picked":["Warcry","Power Through"],"picked":"Cleave","floor":1},{"not_picked":["Warcry","Iron Wave"],"picked":"True Grit","floor":3},{"not_picked":["Pommel Strike","Bloodletting"],"picked":"Inflame","floor":4},{"not_picked":["Feel No Pain","Pommel Strike","Hemokinesis"],"picked":"SKIP","floor":7},{"not_picked":["Corruption","Perfected Strike"],"picked":"Cleave","floor":10},{"not_picked":["Sever Soul","Twin Strike"],"picked":"Battle Trance","floor":14},{"not_picked":["Body Slam","Second Wind"],"picked":"Feed","floor":15},{"not_picked":["Exhume","Bludgeon"],"picked":"Reaper","floor":16},{"not_picked":["Shockwave","Clash+1","Sever Soul+1"],"picked":"Singing Bowl","floor":18},{"not_picked":["Iron Wave+1","Armaments"],"picked":"Spot Weakness+1","floor":22},{"not_picked":["Flex","Pommel Strike"],"picked":"Heavy Blade+1","floor":24},{"not_picked":["Warcry","Flame Barrier","Rampage"],"picked":"Singing Bowl","floor":27},{"not_picked":["Intimidate+1","Feel No Pain"],"picked":"Rage","floor":30},{"not_picked":["Ghostly Armor","Flex","Sentinel"],"picked":"Singing Bowl","floor":31}],"player_experience":337439,"relics_obtained":[{"floor":7,"key":"Juzu Bracelet"},{"floor":9,"key":"Centennial Puzzle"},{"floor":10,"key":"Dream Catcher"},{"floor":12,"key":"War Paint"},{"floor":14,"key":"Singing Bowl"},{"floor":19,"key":"Necronomicon"},{"floor":26,"key":"Ancient Tea Set"},{"floor":27,"key":"Bronze Scales"},{"floor":30,"key":"Mummified Hand"}],"event_choices":[{"damage_healed":0,"gold_gain":0,"player_choice":"Got Potions","damage_taken":0,"max_hp_gain":0,"max_hp_loss":0,"event_name":"Lab","floor":2,"gold_loss":0},{"damage_healed":0,"gold_gain":0,"player_choice":"Donut","damage_taken":0,"max_hp_gain":5,"max_hp_loss":0,"event_name":"Big Fish","floor":13,"gold_loss":0},{"damage_healed":0,"gold_gain":0,"player_choice":"Obtained Book","damage_taken":16,"max_hp_gain":0,"max_hp_loss":0,"event_name":"Cursed Tome","floor":19,"gold_loss":0},{"damage_healed":0,"gold_gain":275,"player_choice":"Desecrate","damage_taken":0,"max_hp_gain":0,"max_hp_loss":0,"event_name":"Golden Shrine","floor":20,"gold_loss":0,"cards_obtained":["Regret"]},{"damage_healed":0,"gold_gain":0,"player_choice":"Became a vampire","damage_taken":0,"max_hp_gain":0,"max_hp_loss":30,"event_name":"Vampires","floor":28,"gold_loss":0,"cards_obtained":["Bite","Bite","Bite","Bite","Bite"]}],"is_beta":true,"boss_relics":[{"not_picked":["Eternal Feather","Ectoplasm"],"picked":"Coffee Dripper"}],"items_purged_floors":[5,21],"is_endless":false,"potions_floor_spawned":[1,3,7,16,22,30],"killed_by":"Collector","ascension_level":7}