{"gold_per_floor":[110,110,110,34,34,75,75,34,34,34],"floor_reached":10,"playtime":759,"items_purged":[],"score":62,"play_id":"7136d4ba-3dfc-4696-8cba-ea53aa6028c5","local_time":"20181109032922","is_ascension_mode":false,"campfire_choices":[{"data":"Deflect","floor":7,"key":"SMITH"}],"neow_cost":"NONE","seed_source_timestamp":2502350541599361,"circlet_count":0,"master_deck":["Defend_G","Defend_G","Defend_G","Defend_G","Defend_G","Strike_G","Strike_G","Strike_G","Strike_G","Strike_G","Survivor","Neutralize+1","Poisoned Stab","Backflip","Dagger Throw","Regret","Deflect+1"],"relics":["Ring of the Snake","Golden Idol","Darkstone Periapt","Potion Belt","Meat on the Bone"],"potions_floor_usage":[6],"damage_taken":[{"damage":0,"enemies":"Small Slimes","floor":1,"turns":3},{"damage":37,"enemies":"Gremlin Nob","floor":6,"turns":5},{"damage":38,"enemies":"Lagavulin","floor":10,"turns":9}],"seed_played":"-6575958939374626508","potions_obtained":[{"floor":1,"key":"Poison Potion"}],"is_trial":false,"path_per_floor":["M","?","?","$","?","E","R","?","T","E"],"character_chosen":"THE_SILENT","items_purchased":["Backflip","Dagger Throw"],"campfire_rested":0,"item_purchase_floors":[4,4],"current_hp_per_floor":[70,70,63,63,69,32,32,32,32,0],"gold":34,"neow_bonus":"UPGRADE_CARD","is_prod":false,"is_daily":false,"chose_seed":false,"campfire_upgraded":1,"win_rate":0,"timestamp":1541755762,"path_taken":["M","?","?","$","?","E","R","?","T","E"],"build_version":"2018-11-08","purchased_purges":0,"victory":false,"max_hp_per_floor":[70,70,70,70,76,76,76,76,76,76],"card_choices":[{"not_picked":["Underhanded Strike","Backflip"],"picked":"Poisoned Stab","floor":1},{"not_picked":["Prepared","Infinite Blades"],"picked":"Deflect","floor":6}],"player_experience":214309,"relics_obtained":[{"floor":6,"key":"Potion Belt"},{"floor":9,"key":"Meat on the Bone"}],"event_choices":[{"damage_healed":0,"gold_gain":0,"player_choice":"Take Wound","damage_taken":0,"relics_obtained":["Golden Idol"],"max_hp_gain":0,"max_hp_loss":0,"event_name":"Golden Idol","floor":2,"gold_loss":0,"cards_obtained":["Injury"]},{"cards_removed":["Injury"],"damage_healed":0,"gold_gain":0,"player_choice":"Card Removal","damage_taken":7,"max_hp_gain":0,"max_hp_loss":0,"event_name":"Golden Wing","floor":3,"gold_loss":0},{"damage_healed":0,"gold_gain":0,"player_choice":"Box","damage_taken":0,"relics_obtained":["Darkstone Periapt"],"max_hp_gain":0,"max_hp_loss":0,"event_name":"Big Fish","floor":5,"gold_loss":0,"cards_obtained":["Regret"]},{"damage_healed":0,"gold_gain":0,"player_choice":"Left Gold","damage_taken":0,"max_hp_gain":0,"max_hp_loss":0,"event_name":"World of Goop","floor":8,"gold_loss":41}],"is_beta":true,"boss_relics":[],"items_purged_floors":[],"is_endless":false,"potions_floor_spawned":[1],"killed_by":"Lagavulin","ascension_level":0}