{"path_per_floor":["M","?","?","M","M","R","?","T","T","M","?","R","M","M","R"],"character_chosen":"IRONCLAD","items_purchased":[],"gold_per_floor":[14,14,14,26,45,45,45,72,72,86,86,86,105,122,122,122],"floor_reached":16,"campfire_rested":0,"playtime":774,"item_purchase_floors":[],"current_hp_per_floor":[83,76,59,66,69,69,69,69,69,71,71,71,74,82,82,0],"items_purged":[],"gold":122,"score":117,"play_id":"466d88e4-e803-4701-a5e5-c06409d67d5d","local_time":"20180614213749","is_prod":false,"is_daily":false,"chose_seed":false,"is_ascension_mode":false,"campfire_upgraded":3,"win_rate":0,"timestamp":1529005069,"campfire_choices":[{"data":"Feed","floor":6,"key":"SMITH"},{"data":"Bash","floor":12,"key":"SMITH"},{"data":"Entrench","floor":15,"key":"SMITH"}],"path_taken":["M","?","?","?","M","R","?","?","T","M","?","R","M","M","R","BOSS"],"build_version":"2018-06-13v3","seed_source_timestamp":20674537830888,"purchased_purges":0,"victory":false,"master_deck":["Strike_R","Strike_R","Strike_R+1","Strike_R","Defend_R","Defend_R+1","Defend_R","Defend_R","Bash+1","Feed+1","True Grit+1","Entrench","Entrench+1"],"max_hp_per_floor":[83,83,83,86,89,89,89,89,89,93,93,93,97,101,101,101],"relics":["Burning Blood"],"card_choices":[{"not_picked":["Double Tap","Reaper"],"picked":"Feed","floor":0},{"not_picked":["Havoc","Heavy Blade","Rupture"],"picked":"SKIP","floor":1},{"not_picked":["Iron Wave","Anger"],"picked":"True Grit","floor":4},{"not_picked":["Thunderclap","Clothesline","Pommel Strike"],"picked":"SKIP","floor":5},{"not_picked":["Pommel Strike","Anger","Seeing Red"],"picked":"SKIP","floor":10},{"not_picked":["Thunderclap","Clothesline"],"picked":"Entrench","floor":13},{"not_picked":["Thunderclap","Limit Break"],"picked":"Entrench","floor":14}],"player_experience":187558,"potions_floor_usage":[13],"damage_taken":[{"damage":0,"enemies":"2 Louse","floor":1,"turns":3},{"damage":2,"enemies":"Small Slimes","floor":4,"turns":4},{"damage":6,"enemies":"Jaw Worm","floor":5,"turns":4},{"damage":8,"enemies":"3 Louse","floor":10,"turns":4},{"damage":7,"enemies":"Lots of Slimes","floor":13,"turns":5},{"damage":2,"enemies":"Exordium Thugs","floor":14,"turns":8},{"damage":83,"enemies":"Hexaghost","floor":16,"turns":12}],"relics_obtained":[],"event_choices":[{"event_name":"Golden Wing","player_choice":"Card Removal","floor":2,"damage_taken":0},{"event_name":"Shining Light","player_choice":"Entered Light","floor":3,"damage_taken":0},{"event_name":"Dead Adventurer","player_choice":"Searched \u00270\u0027 times","floor":7,"damage_taken":0},{"event_name":"Upgrade Shrine","player_choice":"Upgraded","floor":11,"damage_taken":0}],"boss_relics":[],"items_purged_floors":[],"potions_floor_spawned":[4,10],"seed_played":"6470570727687162581","killed_by":"Hexaghost","ascension_level":0,"potions_obtained":[{"floor":4,"key":"BloodPotion"},{"floor":10,"key":"Poison Potion"}],"is_trial":false}