{"path_per_floor":["M","M","M","?","M","R","?","$","T","M","R","M","M","M","R","B",null,"M","?","M","M","M","R","M","R","T","M","R","$","?","$","R","B",null,"M","?","M","$","?","E","M","M","T","R","M","R","$","M","R","B"],"character_chosen":"IRONCLAD","items_purchased":["Metallicize","Flex","Flex","Strawberry","Weak Potion","SpeedPotion","Strength Potion"],"gold_per_floor":[109,120,130,80,100,100,120,45,68,83,83,103,123,138,138,236,236,248,248,261,279,295,295,312,312,365,381,381,199,124,124,124,227,227,247,247,263,19,19,46,57,77,123,123,134,134,30,46,46,46],"floor_reached":51,"campfire_rested":3,"playtime":4950,"item_purchase_floors":[29,29,38,38,38,47,47],"current_hp_per_floor":[80,80,80,80,80,80,80,80,80,80,80,80,75,80,80,38,83,73,73,74,61,60,60,54,54,54,54,54,54,54,54,82,39,95,89,89,58,65,65,36,19,65,65,65,63,112,112,66,116,21],"items_purged":["Strike_R","Defend_R"],"gold":46,"score":769,"play_id":"7490e251-ac48-43fc-b196-26850c8dc28b","local_time":"20180606143149","is_prod":false,"is_daily":false,"chose_seed":false,"is_ascension_mode":true,"campfire_upgraded":7,"win_rate":0,"timestamp":1528288309,"campfire_choices":[{"data":"Cleave","floor":6,"key":"SMITH"},{"data":"Metallicize","floor":11,"key":"SMITH"},{"data":"Battle Trance","floor":15,"key":"SMITH"},{"data":"Anger","floor":23,"key":"SMITH"},{"data":"Fiend Fire","floor":25,"key":"SMITH"},{"data":"Bash","floor":28,"key":"SMITH"},{"floor":32,"key":"REST"},{"data":"Metallicize","floor":44,"key":"SMITH"},{"floor":46,"key":"REST"},{"floor":49,"key":"REST"}],"path_taken":["M","M","M","?","M","R","?","$","T","M","R","M","?","M","R","BOSS","M","?","?","?","M","R","M","R","T","M","R","$","?","$","R","BOSS","M","?","M","$","?","E","M","?","T","R","M","R","?","M","R","BOSS"],"build_version":"2018-06-05","seed_source_timestamp":3338443766493,"purchased_purges":2,"victory":true,"master_deck":["Strike_R","Defend_R","Defend_R","Bash+1","Battle Trance+1","Cleave+1","Anger+1","Metallicize+1","Thunderclap","Feed","Shrug It Off","Fiend Fire+1","Writhe","Armaments+1","Metallicize+1","Flex","Cleave+1","Feed","Flex","Thunderclap","Battle Trance+1"],"max_hp_per_floor":[80,80,80,80,80,80,80,80,80,80,80,80,80,80,80,83,83,86,86,86,89,92,92,92,92,92,95,95,95,95,95,95,95,95,95,95,95,102,102,107,111,115,115,115,115,115,115,118,118,118],"relics":["Burning Blood","Odd Mushroom","Pen Nib","Lizard Tail","Orichalcum","Tiny Chest","Mark of Pain","Strawberry","Dream Catcher","Regal Pillow"],"card_choices":[{"not_picked":["Dual Wield","Disarm"],"picked":"Battle Trance","floor":1},{"not_picked":["Rage","Perfected Strike"],"picked":"Cleave","floor":2},{"not_picked":["Pommel Strike","Seeing Red","Heavy Blade"],"picked":"SKIP","floor":3},{"not_picked":["Reckless Charge","Pommel Strike","Clothesline"],"picked":"SKIP","floor":5},{"not_picked":["Reckless Charge","Pommel Strike","Clothesline"],"picked":"SKIP","floor":5},{"not_picked":["Hemokinesis","Clothesline"],"picked":"Anger","floor":7},{"not_picked":["Carnage","Perfected Strike"],"picked":"Metallicize","floor":10},{"not_picked":["Cleave","Wild Strike"],"picked":"Thunderclap","floor":12},{"not_picked":["Uppercut","Twin Strike"],"picked":"Feed","floor":13},{"not_picked":["Perfected Strike","Cleave"],"picked":"Shrug It Off","floor":14},{"not_picked":["Bludgeon","Limit Break"],"picked":"Fiend Fire","floor":16},{"not_picked":["Clash+1","Warcry","Anger"],"picked":"SKIP","floor":18},{"not_picked":["Intimidate","Berserk","Warcry"],"picked":"SKIP","floor":20},{"not_picked":["Thunderclap","Reckless Charge+1","Heavy Blade"],"picked":"SKIP","floor":21},{"not_picked":["Perfected Strike","Clothesline","Heavy Blade"],"picked":"SKIP","floor":22},{"not_picked":["Headbutt+1","Cleave"],"picked":"Armaments+1","floor":24},{"not_picked":["Wild Strike+1","Metallicize","Berserk"],"picked":"SKIP","floor":27},{"not_picked":["Battle Trance+1","Headbutt+1"],"picked":"Cleave+1","floor":35},{"not_picked":["Power Through","Wild Strike+1","Entrench"],"picked":"SKIP","floor":37},{"not_picked":["Twin Strike","Heavy Blade","Pommel Strike+1"],"picked":"SKIP","floor":40},{"not_picked":["Twin Strike+1","Searing Blow+1","Rupture+1"],"picked":"SKIP","floor":41},{"not_picked":["Flame Barrier+1","Anger+1","Seeing Red"],"picked":"SKIP","floor":42},{"not_picked":["Twin Strike+1","Cleave+1","Shrug It Off"],"picked":"SKIP","floor":45},{"not_picked":["Pommel Strike+1","Sentinel","Blood for Blood+1"],"picked":"SKIP","floor":48},{"not_picked":["Corruption","True Grit+1"],"picked":"Battle Trance+1","floor":49}],"player_experience":134291,"potions_floor_usage":[2,5,7,13,20,21,22,27,40,40,41,42,50,50,50],"damage_taken":[{"damage":6,"enemies":"Jaw Worm","floor":1,"turns":7},{"damage":4,"enemies":"2 Louse","floor":2,"turns":3},{"damage":0,"enemies":"Small Slimes","floor":3,"turns":2},{"damage":0,"enemies":"2 Fungi Beasts","floor":5,"turns":2},{"damage":4,"floor":7,"turns":3},{"damage":2,"enemies":"Looter","floor":10,"turns":3},{"damage":1,"enemies":"Lots of Slimes","floor":12,"turns":2},{"damage":11,"enemies":"Exordium Thugs","floor":13,"turns":5},{"damage":0,"enemies":"2 Fungi Beasts","floor":14,"turns":3},{"damage":51,"enemies":"The Guardian","floor":16,"turns":10},{"damage":19,"enemies":"3 Byrds","floor":18,"turns":5},{"damage":5,"enemies":"Chosen","floor":20,"turns":4},{"damage":22,"enemies":"Centurion and Healer","floor":21,"turns":10},{"damage":10,"enemies":"Chosen and Byrds","floor":22,"turns":6},{"damage":12,"enemies":"Snecko","floor":24,"turns":5},{"damage":9,"enemies":"Cultist and Chosen","floor":27,"turns":6},{"damage":49,"enemies":"Automaton","floor":33,"turns":8},{"damage":12,"enemies":"Flame Bruiser 1 Orb","floor":35,"turns":6},{"damage":37,"enemies":"3 Darklings","floor":37,"turns":6},{"damage":40,"enemies":"Nemesis","floor":40,"turns":7},{"damage":27,"enemies":"Sphere and 2 Shapes","floor":41,"turns":8},{"damage":41,"enemies":"Spire Growth","floor":42,"turns":5},{"damage":8,"enemies":"Flame Bruiser 2 Orb","floor":45,"turns":5},{"damage":55,"enemies":"3 Darklings","floor":48,"turns":4},{"damage":101,"enemies":"Time Eater","floor":50,"turns":12}],"relics_obtained":[{"floor":7,"key":"Odd Mushroom"},{"floor":9,"key":"Pen Nib"},{"floor":26,"key":"Tiny Chest"},{"floor":40,"key":"Dream Catcher"},{"floor":43,"key":"Regal Pillow"}],"event_choices":[{"event_name":"The Cleric","player_choice":"Card Removal","floor":4,"damage_taken":0},{"event_name":"Mushrooms","player_choice":"Fought Mushrooms","floor":7,"damage_taken":0},{"event_name":"The Mausoleum","player_choice":"Yes","floor":19,"damage_taken":0},{"event_name":"Beggar","player_choice":"Gave Gold","floor":30,"damage_taken":0},{"event_name":"Match and Keep!","player_choice":"1 cards matched","floor":36,"damage_taken":0},{"event_name":"Transmorgrifier","player_choice":"Transform","floor":39,"damage_taken":0}],"boss_relics":[{"not_picked":["Philosopher\u0027s Stone","Snecko Eye"],"picked":"Lizard Tail"},{"not_picked":["Black Star","Runic Cube"],"picked":"Mark of Pain"}],"items_purged_floors":[8,29],"potions_floor_spawned":[1,2,5,7,12,16,20,21,37,40,45],"seed_played":"5229908475946051484","ascension_level":3,"potions_obtained":[{"floor":1,"key":"EntropicBrew"},{"floor":2,"key":"SteroidPotion"},{"floor":5,"key":"BloodPotion"},{"floor":7,"key":"Swift Potion"},{"floor":12,"key":"FearPotion"},{"floor":16,"key":"GamblersBrew"},{"floor":20,"key":"EssenceOfSteel"},{"floor":21,"key":"Weak Potion"},{"floor":37,"key":"Fruit Juice"},{"floor":40,"key":"GamblersBrew"},{"floor":45,"key":"Ancient Potion"}],"is_trial":false}