{"gold_per_floor":[111,131,141,154,170,170,170,170,239,239,268,283,311,331,331,428,428,445,464,464,464,483,483,483,483,483,496,510,510,528,545,545,643,643],"floor_reached":34,"playtime":3297,"items_purged":[],"score":368,"play_id":"0b4a0140-4780-4fbd-bcde-c1e48aeb3b2f","local_time":"20190215194037","is_ascension_mode":false,"campfire_choices":[{"data":"Bash","floor":6.0,"key":"SMITH"},{"data":"Second Wind","floor":8.0,"key":"SMITH"},{"data":"Cleave","floor":10.0,"key":"SMITH"},{"data":"Dropkick","floor":15.0,"key":"SMITH"},{"data":"True Grit","floor":23.0,"key":"SMITH"},{"data":"Immolate","floor":24.0,"key":"SMITH"},{"data":"Bludgeon","floor":25.0,"key":"SMITH"},{"data":"Inflame","floor":32.0,"key":"SMITH"}],"neow_cost":"NONE","seed_source_timestamp":0,"circlet_count":0,"master_deck":["Strike_R+1","Strike_R+1","Strike_R+1","Strike_R+1","Strike_R+1","Defend_R+1","Defend_R+1","Defend_R+1","Defend_R+1","Bash+1","Inflame+1","Second Wind+1","Cleave+1","Dropkick+1","Pommel Strike","Reaper","Intimidate","Burning Pact","Bludgeon+1","Iron Wave+1","Spot Weakness","Immolate+1","True Grit+1","Rage+1","Dual Wield","Flame Barrier","Exhume"],"special_seed":0,"relics":["Burning Blood","NeowsBlessing","Ornamental Fan","WingedGreaves","Regal Pillow","Runic Pyramid","Bottled Tornado"],"potions_floor_usage":[],"damage_taken":[{"damage":0.0,"enemies":"Jaw Worm","floor":1.0,"turns":1.0},{"damage":0.0,"enemies":"2 Louse","floor":2.0,"turns":1.0},{"damage":0.0,"enemies":"Cultist","floor":3.0,"turns":1.0},{"damage":6.0,"enemies":"Blue Slaver","floor":4.0,"turns":5.0},{"damage":1.0,"enemies":"2 Fungi Beasts","floor":5.0,"turns":3.0},{"damage":16.0,"enemies":"Lagavulin","floor":11.0,"turns":5.0},{"damage":8.0,"enemies":"Exordium Wildlife","floor":12.0,"turns":4.0},{"damage":23.0,"enemies":"Gremlin Nob","floor":13.0,"turns":4.0},{"damage":15.0,"enemies":"Lots of Slimes","floor":14.0,"turns":4.0},{"damage":49.0,"enemies":"Slime Boss","floor":16.0,"turns":10.0},{"damage":6.0,"enemies":"Chosen","floor":18.0,"turns":5.0},{"damage":15.0,"enemies":"Spheric Guardian","floor":19.0,"turns":5.0},{"damage":13.0,"enemies":"Colosseum Slavers","floor":20.0,"turns":5.0},{"damage":47.0,"enemies":"Shelled Parasite and Fungi","floor":22.0,"turns":5.0},{"damage":2.0,"enemies":"Snecko","floor":27.0,"turns":4.0},{"damage":10.0,"enemies":"Cultist and Chosen","floor":28.0,"turns":5.0},{"damage":2.0,"enemies":"Snake Plant","floor":30.0,"turns":4.0},{"damage":8.0,"enemies":"Sentry and Sphere","floor":31.0,"turns":8.0},{"damage":96.0,"enemies":"Automaton","floor":33.0,"turns":14.0}],"seed_played":"-4675592862635118737","potions_obtained":[{"floor":1.0,"key":"SkillPotion"},{"floor":2.0,"key":"PowerPotion"},{"floor":3.0,"key":"Dexterity Potion"},{"floor":13.0,"key":"Ancient Potion"},{"floor":16.0,"key":"Strength Potion"},{"floor":30.0,"key":"AttackPotion"},{"floor":33,"key":"Strength Potion"}],"is_trial":false,"path_per_floor":["M","M","M","M","M","R","?","R","T","R","E","M","E","M","R","B",null,"M","M","?","?","M","R","R","R","T","M","M","?","M","M","R","B",null],"character_chosen":"IRONCLAD","items_purchased":[],"campfire_rested":0,"item_purchase_floors":[],"current_hp_per_floor":[80,80,80,80,80,80,85,85,85,85,75,73,56,63,63,20,85,85,76,77,77,40,40,40,40,40,53,54,54,62,60,60,10,10],"gold":643,"neow_bonus":"THREE_ENEMY_KILL","is_prod":false,"is_daily":false,"chose_seed":false,"campfire_upgraded":8,"win_rate":0,"timestamp":1550227237,"path_taken":["M","M","M","M","M","R","?","R","T","R","E","M","E","M","R","BOSS","M","M","?","?","?","R","R","R","T","M","M","?","M","M","R","BOSS","BOSS"],"build_version":"2019-01-23","purchased_purges":0,"victory":false,"max_hp_per_floor":[80,80,80,80,80,80,85,85,85,85,85,85,85,85,85,85,85,85,85,85,85,85,85,85,85,85,85,85,85,85,85,85,85,85],"card_choices":[{"not_picked":["Bloodletting","Shockwave"],"picked":"Inflame","floor":1.0},{"not_picked":["Clash","Wild Strike"],"picked":"Second Wind","floor":2.0},{"not_picked":["Clash","Sentinel"],"picked":"Cleave","floor":3.0},{"not_picked":["Feel No Pain","Hemokinesis"],"picked":"Dropkick","floor":4.0},{"not_picked":["Thunderclap","Perfected Strike","Second Wind"],"picked":"SKIP","floor":5.0},{"not_picked":["Armaments","Bloodletting"],"picked":"Pommel Strike","floor":11.0},{"not_picked":["Twin Strike","Warcry"],"picked":"Reaper","floor":12.0},{"not_picked":["Rampage","Anger"],"picked":"Intimidate","floor":13.0},{"not_picked":["Heavy Blade","True Grit"],"picked":"Burning Pact","floor":14.0},{"not_picked":["Fiend Fire","Barricade"],"picked":"Bludgeon","floor":16.0},{"not_picked":["Shrug It Off","Anger"],"picked":"Iron Wave+1","floor":18.0},{"not_picked":["Armaments","Clothesline"],"picked":"Spot Weakness","floor":19.0},{"not_picked":["Thunderclap","Flex"],"picked":"True Grit","floor":22.0},{"not_picked":["Uppercut","Clash"],"picked":"Rage+1","floor":27.0},{"not_picked":["Dropkick","Reckless Charge"],"picked":"Dual Wield","floor":28.0},{"not_picked":["Offering","Pommel Strike"],"picked":"Flame Barrier","floor":30.0},{"not_picked":["Blood for Blood","Rupture","Heavy Blade+1"],"picked":"SKIP","floor":31.0},{"not_picked":["Demon Form","Immolate"],"picked":"Exhume","floor":33}],"player_experience":250898,"relics_obtained":[{"floor":9.0,"key":"Ornamental Fan"},{"floor":11.0,"key":"WingedGreaves"},{"floor":13.0,"key":"Regal Pillow"},{"floor":26.0,"key":"Bottled Tornado"}],"event_choices":[{"damage_healed":0.0,"max_hp_gain":5.0,"max_hp_loss":0.0,"gold_gain":0.0,"event_name":"Big Fish","player_choice":"Donut","floor":7.0,"gold_loss":0.0,"damage_taken":0.0},{"damage_healed":0.0,"max_hp_gain":0.0,"max_hp_loss":0.0,"gold_gain":0.0,"event_name":"Colosseum","player_choice":"Fight","floor":20.0,"gold_loss":0.0,"damage_taken":0.0},{"damage_healed":0.0,"max_hp_gain":0.0,"max_hp_loss":0.0,"gold_gain":0.0,"event_name":"Colosseum","player_choice":"Fled From Nobs","floor":20.0,"gold_loss":0.0,"damage_taken":0.0},{"damage_healed":0.0,"max_hp_gain":0.0,"max_hp_loss":0.0,"gold_gain":0.0,"event_name":"Match and Keep!","player_choice":"1 cards matched","floor":21.0,"gold_loss":0.0,"damage_taken":0.0,"cards_obtained":["Immolate"]},{"damage_healed":0.0,"max_hp_gain":0.0,"max_hp_loss":0.0,"gold_gain":0.0,"event_name":"Back to Basics","player_choice":"Simplicity","floor":29.0,"gold_loss":0.0,"damage_taken":0.0,"cards_upgraded":["Strike_R","Strike_R","Strike_R","Strike_R","Strike_R","Defend_R","Defend_R","Defend_R","Defend_R"]}],"is_beta":false,"boss_relics":[{"not_picked":["Tiny House","Eternal Feather"],"picked":"Runic Pyramid"}],"items_purged_floors":[],"is_endless":false,"potions_floor_spawned":[1,2,3,13,16,18,19,30,31,33],"ascension_level":0}