{"gold_per_floor":[416,436,3,3,22,22,197,197,197,6,31,31,31,44,44,139,139,150,166,91,104,104,122,122,122,190,190,18,47,65,83,83,188,188,207,207,226,32,52,80,80,99,99,99,111,136,96,116,116,116],"floor_reached":51,"playtime":2522,"items_purged":["Doubt","Decay","Injury"],"score":902,"play_id":"52ae9240-9f66-4c53-b098-d4c4c9bc5fee","local_time":"20181201113547","is_ascension_mode":false,"campfire_choices":[{"data":"Zap","floor":6,"key":"SMITH"},{"data":"Hologram","floor":8,"key":"SMITH"},{"data":"Gash","floor":12,"key":"SMITH"},{"data":"Dualcast","floor":15,"key":"SMITH"},{"floor":24,"key":"REST"},{"floor":27,"key":"REST"},{"floor":32,"key":"REST"},{"floor":44,"key":"REST"},{"floor":49,"key":"REST"}],"neow_cost":"TEN_PERCENT_HP_LOSS","seed_source_timestamp":1338154092361698,"circlet_count":0,"master_deck":["Zap+1","Dualcast+1","Hologram+1","Gash+1","Apotheosis+1","Rebound","Violence+1","Steam Power+1","All For One","Machine Learning","Parasite","Gash","Conserve Battery+1","Rebound","Consume+1","Coolheaded+1","Scrape","Ball Lightning+1","White Noise+1","Go for the Eyes","All For One","Turbo+1","Turbo+1","Gash","Recycle+1","Turbo+1","Gash","Sweeping Beam+1","Enlightenment+1","Finesse+1","Panacea+1","Scrape","Parasite","FTL","FTL","All For One","Hologram+1"],"relics":["Cracked Core","Old Coin","Toxic Egg 2","Darkstone Periapt","Cables","Calling Bell","Juzu Bracelet","Sundial","Dead Branch","Ornamental Fan","DataDisk","Pandora\u0027s Box","Thread and Needle","StoneCalendar"],"potions_floor_usage":[16,19,23,29,33,37,39,50,50],"damage_taken":[{"damage":0,"enemies":"Cultist","floor":1,"turns":4},{"damage":2,"enemies":"Small Slimes","floor":2,"turns":4},{"damage":6,"enemies":"Jaw Worm","floor":5,"turns":2},{"damage":18,"enemies":"Lagavulin","floor":11,"turns":5},{"damage":12,"enemies":"Blue Slaver","floor":14,"turns":2},{"damage":6,"enemies":"Slime Boss","floor":16,"turns":8},{"damage":10,"enemies":"Spheric Guardian","floor":18,"turns":3},{"damage":13,"enemies":"3 Byrds","floor":19,"turns":4},{"damage":34,"enemies":"Snecko","floor":21,"turns":5},{"damage":25,"enemies":"Colosseum Slavers","floor":22,"turns":2},{"damage":0,"enemies":"Sentry and Sphere","floor":23,"turns":5},{"damage":15,"enemies":"Book of Stabbing","floor":29,"turns":5},{"damage":10,"enemies":"Centurion and Healer","floor":30,"turns":5},{"damage":3,"enemies":"Snake Plant","floor":31,"turns":4},{"damage":25,"enemies":"Champ","floor":33,"turns":8},{"damage":11,"enemies":"3 Darklings","floor":35,"turns":3},{"damage":0,"enemies":"3 Shapes","floor":37,"turns":2},{"damage":26,"enemies":"Writhing Mass","floor":39,"turns":3},{"damage":0,"enemies":"Giant Head","floor":40,"turns":5},{"damage":0,"enemies":"Transient","floor":42,"turns":5},{"damage":19,"enemies":"4 Shapes","floor":45,"turns":2},{"damage":0,"enemies":"Nemesis","floor":46,"turns":3},{"damage":7,"enemies":"Sphere and 2 Shapes","floor":48,"turns":2},{"damage":38,"enemies":"Time Eater","floor":50,"turns":7}],"seed_played":"4637434086339955100","potions_obtained":[{"floor":1,"key":"Dexterity Potion"},{"floor":11,"key":"Block Potion"},{"floor":14,"key":"Poison Potion"},{"floor":21,"key":"PowerPotion"},{"floor":30,"key":"SpeedPotion"},{"floor":35,"key":"Poison Potion"},{"floor":37,"key":"FearPotion"},{"floor":40,"key":"Block Potion"},{"floor":45,"key":"Swift Potion"},{"floor":47,"key":"Block Potion"},{"floor":47,"key":"FearPotion"}],"is_trial":false,"path_per_floor":["M","M","$","$","M","R","?","R","T","$","E","R","$","M","R","B",null,"M","M","$","M","?","M","R","?","T","R","$","E","M","M","R","B",null,"M","?","M","$","M","E","?","M","T","R","M","E","?","M","R","B",null],"character_chosen":"DEFECT","items_purchased":["Toxic Egg 2","Apotheosis+1","Violence+1","Scrape","Scrape"],"campfire_rested":5,"item_purchase_floors":[3,3,10,28,38],"current_hp_per_floor":[68,66,66,66,60,60,60,60,60,60,42,42,42,30,30,24,86,76,63,63,29,4,4,29,29,29,54,54,39,29,26,51,26,86,75,65,65,65,45,45,45,45,45,72,53,53,53,46,73,35],"gold":116,"neow_bonus":"ONE_RARE_RELIC","is_prod":false,"is_daily":false,"chose_seed":false,"campfire_upgraded":4,"win_rate":0,"timestamp":1543685747,"path_taken":["M","M","?","$","M","R","?","R","T","$","E","R","$","M","R","BOSS","M","M","$","M","?","M","R","?","T","R","$","E","M","M","R","BOSS","M","?","M","$","M","E","?","M","T","R","M","E","?","M","R","BOSS"],"build_version":"2018-11-15","purchased_purges":3,"victory":true,"max_hp_per_floor":[68,68,68,68,68,68,68,68,68,68,68,68,68,68,68,68,86,86,86,86,86,86,86,86,86,86,86,86,86,86,86,86,86,86,86,86,86,86,92,92,92,92,92,92,92,92,92,92,92,92],"card_choices":[{"not_picked":["Steam Power","Turbo"],"picked":"Hologram","floor":1},{"not_picked":["Rebound","Genetic Algorithm"],"picked":"Gash","floor":2},{"not_picked":["Sweeping Beam","Reprogram+1"],"picked":"Rebound","floor":5},{"not_picked":["Undo+1","Rebound"],"picked":"Steam Power+1","floor":11},{"not_picked":["Hello World","Go for the Eyes"],"picked":"All For One","floor":14},{"not_picked":["Thunder Strike","Multi-Cast+1"],"picked":"Machine Learning","floor":16},{"not_picked":["Conserve Battery+1","Fusion+1"],"picked":"Gash","floor":18},{"not_picked":["Steam+1","Turbo+1"],"picked":"Conserve Battery+1","floor":19},{"not_picked":["Force Field+1","Sweeping Beam"],"picked":"Rebound","floor":21},{"not_picked":["Heatsinks","Rebound","Cold Snap"],"picked":"SKIP","floor":23},{"not_picked":["Sweeping Beam","Steam Power+1"],"picked":"Ball Lightning+1","floor":29},{"not_picked":["Hologram+1","Tempest+1"],"picked":"White Noise+1","floor":30},{"not_picked":["Blizzard","Redo+1"],"picked":"Go for the Eyes","floor":31},{"not_picked":["Echo Form","Seek+1"],"picked":"All For One","floor":33},{"not_picked":["Barrage+1","Beam Cell"],"picked":"Sweeping Beam+1","floor":35},{"not_picked":["Bandage Up+1","Purity+1"],"picked":"Enlightenment+1","floor":36},{"not_picked":["Good Instincts+1","Transmutation+1"],"picked":"Finesse+1","floor":36},{"not_picked":["Enlightenment+1","PanicButton+1"],"picked":"Panacea+1","floor":36},{"not_picked":["Rebound+1","Barrage","Streamline+1"],"picked":"SKIP","floor":37},{"not_picked":["Hello World+1","Auto Shields+1"],"picked":"Sweeping Beam+1","floor":39},{"not_picked":["Rebound+1","Sweeping Beam+1"],"picked":"FTL","floor":40},{"not_picked":["Turbo+1","BootSequence+1"],"picked":"FTL","floor":42},{"not_picked":["Barrage+1","Compile Driver","Fusion+1"],"picked":"SKIP","floor":45},{"not_picked":["Hologram+1","Rebound+1"],"picked":"All For One","floor":46},{"not_picked":["Conserve Battery+1","Stack+1"],"picked":"Hologram+1","floor":48}],"player_experience":321716,"relics_obtained":[{"floor":9,"key":"Darkstone Periapt"},{"floor":11,"key":"Cables"},{"floor":17,"key":"Juzu Bracelet"},{"floor":17,"key":"Sundial"},{"floor":17,"key":"Dead Branch"},{"floor":26,"key":"Ornamental Fan"},{"floor":29,"key":"DataDisk"},{"floor":40,"key":"Thread and Needle"},{"floor":46,"key":"StoneCalendar"}],"event_choices":[{"damage_healed":0,"gold_gain":175,"player_choice":"AGREE","damage_taken":0,"max_hp_gain":0,"max_hp_loss":0,"event_name":"Liars Game","floor":7,"gold_loss":0,"cards_obtained":["Doubt"]},{"damage_healed":0,"gold_gain":0,"player_choice":"Fight","damage_taken":0,"max_hp_gain":0,"max_hp_loss":0,"event_name":"Colosseum","floor":22,"gold_loss":0},{"damage_healed":0,"gold_gain":0,"player_choice":"Fled From Nobs","damage_taken":0,"max_hp_gain":0,"max_hp_loss":0,"event_name":"Colosseum","floor":22,"gold_loss":0},{"damage_healed":0,"gold_gain":0,"cards_transformed":["Strike_B","Defend_B"],"player_choice":"Became Test Subject","damage_taken":0,"max_hp_gain":0,"max_hp_loss":0,"event_name":"Drug Dealer","floor":25,"gold_loss":0,"cards_obtained":["Consume","Coolheaded"]},{"damage_healed":0,"gold_gain":0,"player_choice":"Memory 3","damage_taken":10,"max_hp_gain":0,"max_hp_loss":0,"event_name":"SensoryStone","floor":36,"gold_loss":0},{"cards_removed":["Sweeping Beam"],"damage_healed":0,"gold_gain":0,"player_choice":"Removed Attack","damage_taken":0,"max_hp_gain":0,"max_hp_loss":0,"event_name":"Falling","floor":41,"gold_loss":0},{"damage_healed":0,"gold_gain":0,"player_choice":"Bought 3 Potions","damage_taken":0,"max_hp_gain":0,"max_hp_loss":0,"event_name":"The Woman in Blue","floor":47,"gold_loss":0}],"is_beta":true,"boss_relics":[{"not_picked":["White Beast Statue","Philosopher\u0027s Stone"],"picked":"Calling Bell"},{"not_picked":["Empty Cage","Sozu"],"picked":"Pandora\u0027s Box"}],"items_purged_floors":[20,28,38],"is_endless":false,"potions_floor_spawned":[1,11,14,21,22,30,35,37,40,45,48],"ascension_level":0}