{"gold_per_floor":[109,125,125,34,34,66,66,141,141,141,161,177,191,202,202,202],"floor_reached":16,"playtime":355,"items_purged":[],"score":127,"play_id":"3402825a-3624-425d-a2cd-eebe72778e35","local_time":"20190909171844","is_ascension_mode":false,"campfire_choices":[{"data":"Zap","floor":7,"key":"SMITH"},{"data":"Dualcast","floor":10,"key":"SMITH"},{"data":"Auto Shields","floor":15,"key":"SMITH"}],"neow_cost":"NONE","seed_source_timestamp":195406361876100,"circlet_count":0,"master_deck":["Strike_B","Strike_B","Strike_B","Defend_B+1","Defend_B","Defend_B","Defend_B","Zap+1","Dualcast+1","Steam+1","Panacea","Conserve Battery","Auto Shields+1","Ball Lightning","Beam Cell"],"relics":["Cracked Core","NeowsBlessing","Bottled Lightning","War Paint"],"potions_floor_usage":[],"damage_taken":[{"damage":0,"enemies":"2 Louse","floor":1,"turns":1},{"damage":0,"enemies":"Cultist","floor":2,"turns":1},{"damage":0,"enemies":"Gremlin Nob","floor":6,"turns":1},{"damage":0,"enemies":"Jaw Worm","floor":11,"turns":3},{"damage":15,"enemies":"Large Slime","floor":12,"turns":7},{"damage":0,"enemies":"Looter","floor":13,"turns":3},{"damage":6,"enemies":"Red Slaver","floor":14,"turns":4},{"damage":44,"enemies":"Hexaghost","floor":16,"turns":12}],"seed_played":"-2196760677525526161","potions_obtained":[{"floor":1,"key":"SpeedPotion"}],"is_trial":false,"path_per_floor":["M","M","?","$","$","E","R","?","T","R","M","M","M","M","R","B"],"character_chosen":"DEFECT","items_purchased":["Panacea"],"campfire_rested":0,"item_purchase_floors":[4],"current_hp_per_floor":[75,75,75,75,75,75,75,64,64,64,64,49,49,43,43,0],"gold":202,"neow_bonus":"THREE_ENEMY_KILL","is_prod":false,"is_daily":false,"chose_seed":false,"campfire_upgraded":3,"win_rate":0,"timestamp":1568017124,"path_taken":["M","M","?","?","$","E","R","?","T","R","?","M","M","M","R","BOSS"],"build_version":"2019-07-17","purchased_purges":0,"victory":false,"max_hp_per_floor":[75,75,75,75,75,75,75,75,75,75,75,75,75,75,75,75],"card_choices":[{"not_picked":["Static Discharge","Compile Driver","Leap"],"picked":"SKIP","floor":1},{"not_picked":["Reinforced Body","Steam","Redo"],"picked":"SKIP","floor":2},{"not_picked":["Cold Snap","Multi-Cast"],"picked":"Conserve Battery","floor":6},{"not_picked":["Hologram","Turbo","Coolheaded"],"picked":"SKIP","floor":11},{"not_picked":["Compile Driver","Coolheaded"],"picked":"Auto Shields","floor":12},{"not_picked":["Redo","Darkness"],"picked":"Ball Lightning","floor":13},{"not_picked":["Streamline","Barrage"],"picked":"Beam Cell","floor":14}],"player_experience":390405,"relics_obtained":[{"floor":6,"key":"Bottled Lightning"},{"floor":9,"key":"War Paint"}],"event_choices":[{"damage_healed":0,"gold_gain":0,"cards_transformed":["Strike_B"],"player_choice":"Transformed","damage_taken":0,"max_hp_gain":0,"max_hp_loss":0,"event_name":"Transmorgrifier","floor":3,"gold_loss":0,"cards_obtained":["Steam"]},{"damage_healed":0,"gold_gain":75,"player_choice":"Gather Gold","damage_taken":11,"max_hp_gain":0,"max_hp_loss":0,"event_name":"World of Goop","floor":8,"gold_loss":0}],"is_beta":false,"boss_relics":[],"items_purged_floors":[],"is_endless":false,"potions_floor_spawned":[1],"killed_by":"Hexaghost","ascension_level":0}