{"gold_per_floor":[116,116,116,130,150,179,198,213,237,237,272,272,272,301,301,398,398,416,416,426,112,128,153,153,181,181,191,204,214,214,230,230,230],"floor_reached":33,"playtime":1365,"items_purged":["Clash"],"score":404,"play_id":"83b7c22f-9ec8-4b80-8415-3b2456de4eb5","local_time":"20190725211606","is_ascension_mode":true,"campfire_choices":[{"floor":10,"key":"REST"},{"floor":13,"key":"REST"},{"floor":15,"key":"REST"},{"data":"Berserk","floor":24,"key":"SMITH"},{"floor":30,"key":"REST"},{"data":"Armaments","floor":32,"key":"SMITH"}],"neow_cost":"NONE","seed_source_timestamp":18904851971509,"circlet_count":0,"master_deck":["Bash","Sword Boomerang","Clothesline","Cleave","Power Through","True Grit","Armaments+1","Berserk+1","Seeing Red","Double Tap","Bludgeon","Exhume","Shrug It Off","Wild Strike","Sentinel","Uppercut","True Grit","Spot Weakness","Evolve","Havoc+1","Shrug It Off"],"relics":["Burning Blood","NeowsBlessing","Vajra","Smiling Mask","Bag of Marbles","Bronze Scales","Odd Mushroom","Pandora\u0027s Box","Strawberry","Oddly Smooth Stone","Happy Flower","Red Skull","Bag of Preparation"],"potions_floor_usage":[6,7,11,16,23,25,25,28,29,31],"damage_taken":[{"damage":0,"enemies":"Small Slimes","floor":1,"turns":1},{"damage":0,"enemies":"Cultist","floor":4,"turns":1},{"damage":0,"enemies":"Jaw Worm","floor":5,"turns":1},{"damage":47,"enemies":"Lagavulin","floor":6,"turns":8},{"damage":26,"enemies":"Lots of Slimes","floor":7,"turns":4},{"damage":9,"enemies":"Exordium Thugs","floor":8,"turns":4},{"damage":24,"enemies":"Gremlin Nob","floor":11,"turns":5},{"damage":20,"enemies":"The Mushroom Lair","floor":14,"turns":4},{"damage":27,"enemies":"Hexaghost","floor":16,"turns":11},{"damage":18,"enemies":"Shell Parasite","floor":18,"turns":4},{"damage":0,"enemies":"Spheric Guardian","floor":20,"turns":3},{"damage":17,"enemies":"Snake Plant","floor":22,"turns":3},{"damage":31,"enemies":"Book of Stabbing","floor":23,"turns":5},{"damage":17,"enemies":"Gremlin Leader","floor":25,"turns":5},{"damage":0,"enemies":"Snecko","floor":27,"turns":2},{"damage":12,"enemies":"Cultist and Chosen","floor":28,"turns":5},{"damage":6,"enemies":"Chosen and Byrds","floor":29,"turns":3},{"damage":7,"enemies":"3 Cultists","floor":31,"turns":3},{"damage":51,"enemies":"Collector","floor":33,"turns":7}],"seed_played":"-5147664466202553878","potions_obtained":[{"floor":1,"key":"Fruit Juice"},{"floor":5,"key":"Poison Potion"},{"floor":7,"key":"LiquidBronze"},{"floor":8,"key":"Energy Potion"},{"floor":22,"key":"SpeedPotion"},{"floor":23,"key":"Fire Potion"},{"floor":27,"key":"Explosive Potion"},{"floor":28,"key":"SkillPotion"}],"is_trial":false,"path_per_floor":["M","?","?","M","M","E","M","M","T","R","E","?","R","?","R","B",null,"M","?","M","$","M","E","R","E","T","M","M","M","R","M","R","B"],"character_chosen":"IRONCLAD","items_purchased":["Oddly Smooth Stone","Dexterity Potion","Explosive Potion","True Grit"],"campfire_rested":4,"item_purchase_floors":[21,21,21,21],"current_hp_per_floor":[78,78,78,80,80,39,24,21,21,46,28,10,35,21,46,25,70,58,65,71,71,60,35,35,24,24,30,24,24,51,50,50,0],"gold":230,"neow_bonus":"THREE_ENEMY_KILL","is_prod":false,"is_daily":false,"chose_seed":false,"campfire_upgraded":2,"win_rate":0,"timestamp":1564103766,"path_taken":["M","?","?","M","?","E","M","M","T","R","E","?","R","?","R","BOSS","M","?","M","$","M","E","R","E","T","M","M","M","R","M","R","BOSS"],"build_version":"2019-07-17","purchased_purges":1,"victory":false,"max_hp_per_floor":[80,80,80,80,80,80,85,85,85,85,85,85,85,85,85,85,85,85,92,92,92,92,92,92,92,92,92,92,92,92,92,92,92],"card_choices":[{"not_picked":["Second Wind","Perfected Strike"],"picked":"Sword Boomerang","floor":1},{"not_picked":["Anger","Power Through"],"picked":"Clothesline","floor":4},{"not_picked":["Clash","Wild Strike","Body Slam"],"picked":"SKIP","floor":5},{"not_picked":["Feel No Pain","Entrench"],"picked":"Cleave","floor":6},{"not_picked":["Warcry","Exhume"],"picked":"Power Through","floor":7},{"not_picked":["Searing Blow","Perfected Strike","Corruption"],"picked":"SKIP","floor":8},{"not_picked":["Reaper","Ghostly Armor"],"picked":"True Grit","floor":11},{"not_picked":["Perfected Strike","Infernal Blade"],"picked":"Armaments","floor":14},{"not_picked":["Double Tap","Dark Embrace"],"picked":"Berserk","floor":16},{"not_picked":["Body Slam","Anger","Flex"],"picked":"SKIP","floor":18},{"not_picked":["Perfected Strike+1","Reckless Charge"],"picked":"Uppercut","floor":20},{"not_picked":["Flex","Havoc","Perfected Strike"],"picked":"SKIP","floor":22},{"not_picked":["Limit Break","Hemokinesis+1"],"picked":"Spot Weakness","floor":23},{"not_picked":["Twin Strike","Perfected Strike"],"picked":"Evolve","floor":25},{"not_picked":["Cleave","Flex","Clash"],"picked":"SKIP","floor":27},{"not_picked":["Clothesline+1","Blood for Blood+1"],"picked":"Havoc+1","floor":28},{"not_picked":["Anger+1","Twin Strike","Perfected Strike+1"],"picked":"SKIP","floor":29},{"not_picked":["Inflame","Iron Wave"],"picked":"Shrug It Off","floor":31}],"player_experience":312921,"relics_obtained":[{"floor":6,"key":"Vajra"},{"floor":9,"key":"Smiling Mask"},{"floor":11,"key":"Bag of Marbles"},{"floor":14,"key":"Odd Mushroom"},{"floor":19,"key":"Strawberry"},{"floor":23,"key":"Happy Flower"},{"floor":25,"key":"Red Skull"},{"floor":26,"key":"Bag of Preparation"}],"event_choices":[{"damage_healed":0,"gold_gain":0,"player_choice":"Ignored","damage_taken":0,"max_hp_gain":0,"max_hp_loss":0,"event_name":"Liars Game","floor":2,"gold_loss":0},{"cards_removed":["Strike_R"],"damage_healed":0,"gold_gain":0,"player_choice":"Purged","damage_taken":0,"max_hp_gain":0,"max_hp_loss":0,"event_name":"Purifier","floor":3,"gold_loss":0},{"damage_healed":0,"gold_gain":0,"player_choice":"Success","damage_taken":18,"relics_obtained":["Bronze Scales"],"max_hp_gain":0,"max_hp_loss":0,"event_name":"Scrap Ooze","floor":12,"gold_loss":0},{"damage_healed":0,"gold_gain":0,"player_choice":"Fought Mushrooms","damage_taken":0,"max_hp_gain":0,"max_hp_loss":0,"event_name":"Mushrooms","floor":14,"gold_loss":0},{"damage_healed":0,"gold_gain":0,"player_choice":"Relic","damage_taken":0,"max_hp_gain":0,"max_hp_loss":0,"event_name":"Wheel of Change","floor":19,"gold_loss":0}],"is_beta":false,"boss_relics":[{"not_picked":["Runic Cube","Black Star"],"picked":"Pandora\u0027s Box"}],"items_purged_floors":[21],"is_endless":false,"potions_floor_spawned":[1,5,7,8,22,23,27,28],"killed_by":"Collector","ascension_level":7}