{"gold_per_floor":[118,118,118,134,209,239,239,265,292,309,324,324,324,342,342,437,437,454,14,14,27,40,59,59,59,137,137,156,32,44,57,57,161,161,174,188,10,10,10,44,55,55,81,101,129,129,129,149,149,149,149,149,40,67,67],"floor_reached":55,"playtime":3003,"items_purged":["Blizzard"],"score":1044,"play_id":"95470009-40c7-4b35-b718-3289199496a2","local_time":"20181129140825","is_ascension_mode":false,"campfire_choices":[{"data":"Echo Form","floor":7,"key":"SMITH"},{"floor":13,"key":"REST"},{"floor":15,"key":"REST"},{"data":"Buffer","floor":24,"key":"SMITH"},{"floor":32,"key":"REST"},{"floor":42,"key":"RECALL"},{"floor":46,"key":"REST"},{"floor":49,"key":"REST"},{"data":"Apotheosis","floor":52,"key":"SMITH"}],"neow_cost":"PERCENT_DAMAGE","seed_source_timestamp":0,"circlet_count":0,"master_deck":["Strike_B+1","Strike_B","Defend_B","Defend_B","Zap+1","Dualcast","Ball Lightning","Conserve Battery","Echo Form+1","Leap","White Noise","Chill","Machine Learning","Leap","Buffer+1","Coolheaded","Defragment+1","Heatsinks+1","White Noise","Machine Learning","Rebound","Reboot","Undo","Creative AI","Turbo","Hello World","Heatsinks","Thunder Strike","Force Field","Double Energy","Panacea","Apotheosis+1","Turbo+1","Heatsinks+1","Self Repair+1","Capacitor+1","Storm+1","Storm"],"special_seed":0,"relics":["Cracked Core","Nunchaku","Happy Flower","Potion Belt","Ancient Tea Set","NlothsMask","Runic Dome","Medical Kit","Black Star","Pantograph","Question Card","Girya","WingedGreaves","Shuriken","Letter Opener"],"potions_floor_usage":[4,6,22,23,33,36,41,44,45,45,55],"damage_taken":[{"damage":5,"enemies":"Small Slimes","floor":1,"turns":3},{"damage":0,"enemies":"Cultist","floor":4,"turns":2},{"damage":8,"enemies":"Gremlin Nob","floor":6,"turns":3},{"damage":31,"enemies":"3 Sentries","floor":8,"turns":6},{"damage":0,"enemies":"2 Louse","floor":10,"turns":2},{"damage":1,"enemies":"2 Fungi Beasts","floor":11,"turns":3},{"damage":0,"enemies":"Lots of Slimes","floor":14,"turns":4},{"damage":0,"enemies":"Slime Boss","floor":16,"turns":8},{"damage":19,"enemies":"Shell Parasite","floor":18,"turns":8},{"damage":10,"enemies":"Spheric Guardian","floor":21,"turns":5},{"damage":5,"enemies":"Chosen and Byrds","floor":22,"turns":7},{"damage":10,"enemies":"Shelled Parasite and Fungi","floor":23,"turns":7},{"damage":13,"enemies":"Sentry and Sphere","floor":28,"turns":6},{"damage":8,"enemies":"Cultist and Chosen","floor":30,"turns":8},{"damage":0,"enemies":"Centurion and Healer","floor":31,"turns":5},{"damage":13,"enemies":"Automaton","floor":33,"turns":10},{"damage":0,"enemies":"Orb Walker","floor":35,"turns":4},{"damage":27,"enemies":"3 Darklings","floor":36,"turns":8},{"damage":0,"enemies":"Giant Head","floor":40,"turns":9},{"damage":8,"enemies":"Writhing Mass","floor":41,"turns":4},{"damage":8,"enemies":"Sphere and 2 Shapes","floor":44,"turns":5},{"damage":3,"enemies":"Reptomancer","floor":45,"turns":6},{"damage":29,"enemies":"3 Darklings","floor":48,"turns":3},{"damage":55,"enemies":"Awakened One","floor":50,"turns":9},{"damage":25,"enemies":"Shield and Spear","floor":54,"turns":4},{"damage":82,"enemies":"The Heart","floor":55,"turns":3}],"seed_played":"-7262223311233545916","potions_obtained":[{"floor":1,"key":"GamblersBrew"},{"floor":4,"key":"Swift Potion"},{"floor":16,"key":"EssenceOfSteel"},{"floor":21,"key":"Poison Potion"},{"floor":30,"key":"Energy Potion"},{"floor":31,"key":"SpeedPotion"},{"floor":33,"key":"Weak Potion"},{"floor":41,"key":"Dexterity Potion"},{"floor":44,"key":"Energy Potion"},{"floor":54,"key":"FairyPotion"}],"is_trial":false,"path_per_floor":["M","?","?","M","?","E","R","E","T","M","M","?","R","M","R","B",null,"M","$","?","M","M","M","R","?","T","?","M","$","M","M","R","B",null,"M","M","$","?","?","E","M","R","T","M","E","R","?","M","R","B",null,"R","$","E","B"],"character_chosen":"DEFECT","items_purchased":["Buffer","Coolheaded","Medical Kit","Creative AI","Turbo","Double Energy","Panacea","PowerPotion","Storm","FocusPotion"],"campfire_rested":5,"item_purchase_floors":[19,19,19,29,29,37,37,37,53,53],"current_hp_per_floor":[49,74,59,59,48,40,40,9,9,9,8,8,30,30,52,52,75,56,56,56,46,41,31,31,31,31,31,18,18,10,10,32,19,75,75,48,48,48,48,48,40,40,40,32,39,61,61,42,64,30,75,75,75,60,0],"gold":67,"neow_bonus":"ONE_RARE_RELIC","is_prod":false,"is_daily":false,"chose_seed":false,"campfire_upgraded":3,"win_rate":0,"timestamp":1543522105,"path_taken":["M","?","?","M","?","E","R","E","T","M","M","?","R","M","R","BOSS","M","?","?","M","M","M","R","?","T","?","?","?","M","M","R","BOSS","M","M","$","?","?","E","M","R","T","M","E","R","?","?","R","BOSS","R","$","E","BOSS"],"build_version":"2018-11-15","purchased_purges":1,"victory":false,"max_hp_per_floor":[75,75,75,75,75,75,75,75,75,75,75,75,75,75,75,75,75,75,75,75,75,75,75,75,75,75,75,75,75,75,75,75,75,75,75,75,75,75,75,75,75,75,75,75,75,75,75,75,75,75,75,75,75,75,75],"card_choices":[{"not_picked":["Reprogram","Auto Shields"],"picked":"Ball Lightning","floor":1},{"not_picked":["Rebound","Leap"],"picked":"Conserve Battery","floor":4},{"not_picked":["Chaos","Gash"],"picked":"Echo Form","floor":6},{"not_picked":["Turbo","Gash"],"picked":"Leap","floor":8},{"not_picked":["Coolheaded","Core Surge"],"picked":"White Noise","floor":10},{"not_picked":["Rebound","Gash"],"picked":"Chill","floor":11},{"not_picked":["Go for the Eyes","Reinforced Body"],"picked":"Blizzard","floor":14},{"not_picked":["Meteor Strike","All For One"],"picked":"Machine Learning","floor":16},{"not_picked":["Streamline+1","Steam"],"picked":"Leap","floor":18},{"not_picked":["Compile Driver","Rip and Tear"],"picked":"Defragment+1","floor":21},{"not_picked":["Genetic Algorithm+1","Coolheaded"],"picked":"Heatsinks+1","floor":22},{"not_picked":["Barrage","Hologram"],"picked":"White Noise","floor":23},{"not_picked":["Gash+1","Go for the Eyes"],"picked":"Undo","floor":28},{"not_picked":["Coolheaded+1","Chaos"],"picked":"Hello World","floor":30},{"not_picked":["Compile Driver","Glacier"],"picked":"Heatsinks","floor":31},{"not_picked":["Reboot","Seek"],"picked":"Thunder Strike","floor":33},{"not_picked":["Gash","Sweeping Beam","Chill"],"picked":"SKIP","floor":35},{"not_picked":["Hologram","Sunder"],"picked":"Force Field","floor":36},{"not_picked":["Magnetism","Flash of Steel"],"picked":"Apotheosis","floor":38},{"not_picked":["Rebound","Compile Driver"],"picked":"Turbo+1","floor":40},{"not_picked":["FTL","Compile Driver+1","Stack+1"],"picked":"Heatsinks+1","floor":41},{"not_picked":["Hello World+1","Sweeping Beam+1","Static Discharge"],"picked":"Self Repair+1","floor":44},{"not_picked":["Meteor Strike","Reprogram","Leap"],"picked":"Capacitor+1","floor":45},{"not_picked":["Loop+1","Rebound","Glacier+1"],"picked":"Storm+1","floor":48},{"not_picked":["Ball Lightning+1","Blizzard+1","Stack","Tempest+1"],"picked":"SKIP","floor":54}],"player_experience":286642,"relics_obtained":[{"floor":6,"key":"Happy Flower"},{"floor":8,"key":"Potion Belt"},{"floor":9,"key":"Ancient Tea Set"},{"floor":40,"key":"Pantograph"},{"floor":40,"key":"Question Card"},{"floor":45,"key":"Girya"},{"floor":45,"key":"WingedGreaves"},{"floor":54,"key":"Shuriken"},{"floor":54,"key":"Letter Opener"}],"event_choices":[{"damage_healed":25,"gold_gain":0,"player_choice":"Banana","damage_taken":0,"max_hp_gain":0,"max_hp_loss":0,"event_name":"Big Fish","floor":2,"gold_loss":0},{"damage_healed":0,"gold_gain":0,"player_choice":"Entered Light","damage_taken":15,"max_hp_gain":0,"max_hp_loss":0,"event_name":"Shining Light","floor":3,"gold_loss":0,"cards_upgraded":["Strike_B","Zap"]},{"damage_healed":0,"gold_gain":75,"player_choice":"Gather Gold","damage_taken":11,"max_hp_gain":0,"max_hp_loss":0,"event_name":"World of Goop","floor":5,"gold_loss":0},{"damage_healed":0,"gold_gain":0,"player_choice":"Trade","damage_taken":0,"relics_obtained":["NlothsMask"],"max_hp_gain":0,"max_hp_loss":0,"event_name":"FaceTrader","floor":12,"gold_loss":0},{"damage_healed":0,"gold_gain":0,"player_choice":"Ignored","damage_taken":0,"max_hp_gain":0,"max_hp_loss":0,"event_name":"Ghosts","floor":20,"gold_loss":0},{"damage_healed":0,"gold_gain":0,"cards_transformed":["Strike_B","Defend_B"],"player_choice":"Became Test Subject","damage_taken":0,"max_hp_gain":0,"max_hp_loss":0,"event_name":"Drug Dealer","floor":25,"gold_loss":0,"cards_obtained":["Machine Learning","Rebound"]},{"damage_healed":0,"gold_gain":0,"cards_transformed":["Strike_B"],"player_choice":"Transformed","damage_taken":0,"max_hp_gain":0,"max_hp_loss":0,"event_name":"Transmorgrifier","floor":27,"gold_loss":0,"cards_obtained":["Reboot"]},{"damage_healed":0,"gold_gain":0,"player_choice":"Memory 1","damage_taken":0,"max_hp_gain":0,"max_hp_loss":0,"event_name":"SensoryStone","floor":38,"gold_loss":0},{"damage_healed":0,"gold_gain":0,"player_choice":"Ignored","damage_taken":0,"max_hp_gain":0,"max_hp_loss":0,"event_name":"Mysterious Sphere","floor":39,"gold_loss":0},{"cards_removed":["Defend_B"],"damage_healed":0,"gold_gain":0,"player_choice":"Removed Skill","damage_taken":0,"max_hp_gain":0,"max_hp_loss":0,"event_name":"Falling","floor":47,"gold_loss":0}],"is_beta":true,"boss_relics":[{"not_picked":["Philosopher\u0027s Stone","Cursed Key"],"picked":"Runic Dome"},{"not_picked":["Runic Pyramid","Lizard Tail"],"picked":"Black Star"}],"items_purged_floors":[19],"is_endless":false,"potions_floor_spawned":[1,4,16,21,30,31,33,41,44,54],"killed_by":"The Heart","ascension_level":0}