{"gold_per_floor":[117,130,149,164,182,217,217,517,517,535,554,572,572,590,590,590],"floor_reached":16,"playtime":470,"items_purged":[],"score":108,"play_id":"715094a5-e5d8-4fde-a3b7-32ed013f1d74","local_time":"20181109173548","is_ascension_mode":false,"campfire_choices":[{"data":"White Noise","floor":7,"key":"SMITH"},{"floor":15,"key":"REST"}],"neow_cost":"NONE","seed_source_timestamp":2553428992025547,"circlet_count":0,"master_deck":["Strike_B","Strike_B","Strike_B","Strike_B","Defend_B","Defend_B","Defend_B","Defend_B","Zap","Dualcast","Ball Lightning","Chaos","White Noise+1","Fusion","Barrage","Leap"],"relics":["Cracked Core","NeowsBlessing","Singing Bowl","Old Coin","Dodecahedron","Golden Idol"],"potions_floor_usage":[5,10,14,16],"damage_taken":[{"damage":0,"enemies":"Small Slimes","floor":1,"turns":1},{"damage":0,"enemies":"Jaw Worm","floor":2,"turns":1},{"damage":0,"enemies":"2 Louse","floor":3,"turns":1},{"damage":6,"enemies":"2 Fungi Beasts","floor":4,"turns":3},{"damage":19,"enemies":"Red Slaver","floor":5,"turns":4},{"damage":27,"enemies":"3 Sentries","floor":6,"turns":3},{"damage":4,"enemies":"Blue Slaver","floor":10,"turns":3},{"damage":13,"enemies":"Exordium Thugs","floor":11,"turns":4},{"damage":0,"enemies":"Exordium Wildlife","floor":12,"turns":2},{"damage":2,"enemies":"2 Fungi Beasts","floor":14,"turns":3},{"damage":35,"enemies":"The Guardian","floor":16,"turns":6}],"seed_played":"-5360860644384653089","potions_obtained":[{"floor":3,"key":"Regen Potion"},{"floor":6,"key":"Fire Potion"},{"floor":12,"key":"AttackPotion"},{"floor":14,"key":"EssenceOfSteel"}],"is_trial":false,"path_per_floor":["M","M","M","M","M","E","R","?","T","M","M","M","?","M","R","B"],"character_chosen":"DEFECT","items_purchased":[],"campfire_rested":1,"item_purchase_floors":[],"current_hp_per_floor":[75,75,75,69,62,37,37,25,25,21,10,12,12,12,35,0],"gold":590,"neow_bonus":"THREE_ENEMY_KILL","is_prod":false,"is_daily":false,"chose_seed":false,"campfire_upgraded":1,"win_rate":0,"timestamp":1541806548,"path_taken":["M","M","M","M","M","E","R","?","T","M","M","M","?","?","R","BOSS"],"build_version":"2018-11-08","purchased_purges":0,"victory":false,"max_hp_per_floor":[75,75,75,75,75,77,77,77,77,77,79,81,75,77,77,77],"card_choices":[{"not_picked":["Leap","Rebound"],"picked":"Ball Lightning","floor":1},{"not_picked":["Chill","Coolheaded"],"picked":"Chaos","floor":2},{"not_picked":["Turbo","Blizzard"],"picked":"White Noise","floor":3},{"not_picked":["Reinforced Body","Stack"],"picked":"Fusion","floor":4},{"not_picked":["Gash","Genetic Algorithm"],"picked":"Barrage","floor":5},{"not_picked":["Force Field","Rebound","Chill"],"picked":"Singing Bowl","floor":6},{"not_picked":["Compile Driver","Conserve Battery"],"picked":"Leap","floor":10},{"not_picked":["Aggregate","Hyperbeam","Genetic Algorithm"],"picked":"Singing Bowl","floor":11},{"not_picked":["Steam","Coolheaded","Go for the Eyes"],"picked":"Singing Bowl","floor":12},{"not_picked":["Stack","Turbo","Sweeping Beam"],"picked":"Singing Bowl","floor":14}],"player_experience":225817,"relics_obtained":[{"floor":6,"key":"Singing Bowl"},{"floor":9,"key":"Dodecahedron"}],"event_choices":[{"damage_healed":0,"gold_gain":0,"player_choice":"Success","damage_taken":12,"relics_obtained":["Old Coin"],"max_hp_gain":0,"max_hp_loss":0,"event_name":"Scrap Ooze","floor":8,"gold_loss":0},{"damage_healed":0,"gold_gain":0,"player_choice":"Lose Max HP","damage_taken":0,"relics_obtained":["Golden Idol"],"max_hp_gain":0,"max_hp_loss":6,"event_name":"Golden Idol","floor":13,"gold_loss":0}],"is_beta":true,"boss_relics":[],"items_purged_floors":[],"is_endless":false,"potions_floor_spawned":[3,6,12,14],"killed_by":"The Guardian","ascension_level":0}