{"gold_per_floor":[109,9,9,20,32,32,48,66,366,400,419,419,419,436,436,536,536,549,12,62,74,93,93,166,216,271,337,387,387,400,428,428,530,530,540,590,604,616,633,633],"floor_reached":40,"playtime":2342,"items_purged":["Strike_G"],"score":462,"play_id":"3acf03bf-b409-4c32-8eca-233ae53c65ed","local_time":"20181127031137","is_ascension_mode":false,"campfire_choices":[{"data":"Deflect","floor":6,"key":"SMITH"},{"data":"Neutralize","floor":13,"key":"SMITH"},{"floor":15,"key":"REST"},{"data":"Bite","floor":23,"key":"SMITH"},{"floor":29,"key":"REST"},{"data":"Secret Technique","floor":32,"key":"SMITH"}],"neow_cost":"PERCENT_DAMAGE","seed_source_timestamp":962482614779446,"circlet_count":0,"master_deck":["Defend_G","Defend_G","Defend_G","Defend_G","Defend_G","Survivor","Neutralize","Slice","Neutralize+1","Deflect+1","Flying Knee","Cloak And Dagger","Escape Plan","Outmaneuver","PiercingWail","Flying Knee","A Thousand Cuts","Predator","Blur","Secret Technique+1","Good Instincts","Bite+1","Bite","Bite","Bite","Bite","Escape Plan","Quick Slash+1","Dodge and Roll+1","Quick Slash+1","A Thousand Cuts","Tools of the Trade","Blur","Escape Plan+1"],"relics":["Ring of the Snake","Calipers","Old Coin","Mercury Hourglass","SsserpentHead","Sozu","Singing Bowl","Art of War","Enchiridion","Turnip","WristBlade"],"potions_floor_usage":[4,7,16,18],"damage_taken":[{"damage":0,"enemies":"2 Louse","floor":1,"turns":3},{"damage":0,"enemies":"Cultist","floor":4,"turns":3},{"damage":0,"enemies":"Jaw Worm","floor":5,"turns":4},{"damage":0,"enemies":"Lots of Slimes","floor":7,"turns":2},{"damage":0,"enemies":"3 Louse","floor":8,"turns":3},{"damage":13,"enemies":"Lagavulin","floor":10,"turns":9},{"damage":3,"enemies":"Exordium Wildlife","floor":11,"turns":6},{"damage":0,"enemies":"2 Fungi Beasts","floor":14,"turns":3},{"damage":38,"enemies":"The Guardian","floor":16,"turns":18},{"damage":4,"enemies":"Chosen","floor":18,"turns":4},{"damage":19,"enemies":"2 Thieves","floor":21,"turns":4},{"damage":25,"enemies":"Chosen and Byrds","floor":22,"turns":7},{"damage":4,"enemies":"Colosseum Slavers","floor":25,"turns":5},{"damage":12,"enemies":"Snake Plant","floor":27,"turns":5},{"damage":0,"enemies":"Centurion and Healer","floor":30,"turns":8},{"damage":4,"enemies":"Gremlin Leader","floor":31,"turns":7},{"damage":65,"enemies":"Collector","floor":33,"turns":15},{"damage":18,"enemies":"Orb Walker","floor":35,"turns":4},{"damage":26,"enemies":"3 Darklings","floor":37,"turns":5},{"damage":6,"enemies":"4 Shapes","floor":38,"turns":5},{"damage":22,"enemies":"Sphere and 2 Shapes","floor":39,"turns":5},{"damage":14,"enemies":"Reptomancer","floor":40,"turns":4}],"seed_played":"2539765512459129759","potions_obtained":[{"floor":4,"key":"Fruit Juice"},{"floor":5,"key":"AttackPotion"},{"floor":10,"key":"Regen Potion"},{"floor":16,"key":"Strength Potion"}],"is_trial":false,"path_per_floor":["M","$","?","M","M","R","M","M","T","E","M","?","R","M","R","B",null,"M","$","?","M","M","R","T","?","T","M","?","R","M","E","R","B",null,"M","?","M","M","M","E"],"character_chosen":"THE_SILENT","items_purchased":["Slice","Blur","Secret Technique","Singing Bowl","Good Instincts"],"campfire_rested":2,"item_purchase_floors":[2,19,19,19,19],"current_hp_per_floor":[49,49,49,54,54,54,54,54,54,41,38,38,38,38,60,37,75,71,71,52,41,30,30,30,35,35,32,16,31,44,52,52,11,52,36,36,19,22,9,0],"gold":633,"neow_bonus":"ONE_RARE_RELIC","is_prod":false,"is_daily":false,"chose_seed":false,"campfire_upgraded":4,"win_rate":0,"timestamp":1543309897,"path_taken":["M","$","?","M","M","R","?","M","T","E","M","?","R","M","R","BOSS","M","?","?","M","M","R","?","?","T","?","?","R","M","E","R","BOSS","M","?","M","M","M","E"],"build_version":"2018-11-15","purchased_purges":1,"victory":false,"max_hp_per_floor":[70,70,70,75,75,75,75,75,75,75,75,75,75,75,75,75,75,75,75,52,52,52,52,52,52,52,52,52,52,52,52,52,52,52,52,52,54,54,56,56],"card_choices":[{"not_picked":["Quick Slash","Deadly Poison"],"picked":"Backstab","floor":1},{"not_picked":["Acrobatics","PiercingWail"],"picked":"Deflect","floor":4},{"not_picked":["Well Laid Plans","Sucker Punch"],"picked":"Flying Knee","floor":5},{"not_picked":["Bane","Flechettes"],"picked":"Cloak And Dagger","floor":7},{"not_picked":["Dodge and Roll","Leg Sweep"],"picked":"Escape Plan","floor":8},{"not_picked":["Die Die Die","Backstab"],"picked":"Outmaneuver","floor":10},{"not_picked":["Underhanded Strike","Prepared"],"picked":"PiercingWail","floor":11},{"not_picked":["Outmaneuver","Concentrate"],"picked":"Flying Knee","floor":14},{"not_picked":["Unload","Burst"],"picked":"A Thousand Cuts","floor":16},{"not_picked":["Cloak And Dagger+1","Sucker Punch"],"picked":"Predator","floor":18},{"not_picked":["Calculated Gamble","Accuracy"],"picked":"Escape Plan","floor":21},{"not_picked":["Deadly Poison","Backstab"],"picked":"Quick Slash+1","floor":22},{"not_picked":["Prepared+1","Leg Sweep+1"],"picked":"Dodge and Roll+1","floor":27},{"not_picked":["Sucker Punch","Catalyst"],"picked":"Quick Slash+1","floor":30},{"not_picked":["Underhanded Strike","Catalyst"],"picked":"A Thousand Cuts","floor":31},{"not_picked":["Venomology","Envenom"],"picked":"Tools of the Trade","floor":33},{"not_picked":["Acrobatics+1","Bane"],"picked":"Blur","floor":35},{"not_picked":["Prepared","Dodge and Roll","Masterful Stab+1"],"picked":"Singing Bowl","floor":37},{"not_picked":["Endless Agony+1","Deadly Poison"],"picked":"Escape Plan+1","floor":38},{"not_picked":["Quick Slash+1","Backstab+1","Dodge and Roll"],"picked":"Singing Bowl","floor":39}],"player_experience":249162,"relics_obtained":[{"floor":9,"key":"Old Coin"},{"floor":10,"key":"Mercury Hourglass"},{"floor":26,"key":"Art of War"},{"floor":28,"key":"Enchiridion"},{"floor":31,"key":"Turnip"}],"event_choices":[{"cards_removed":["Backstab"],"damage_healed":0,"gold_gain":0,"player_choice":"Took Card","damage_taken":0,"max_hp_gain":0,"max_hp_loss":0,"event_name":"NoteForYourself","floor":3,"gold_loss":0,"cards_obtained":["Neutralize"]},{"damage_healed":0,"gold_gain":0,"player_choice":"Trade","damage_taken":0,"relics_obtained":["SsserpentHead"],"max_hp_gain":0,"max_hp_loss":0,"event_name":"FaceTrader","floor":12,"gold_loss":0},{"damage_healed":0,"gold_gain":0,"player_choice":"Became a vampire","damage_taken":0,"max_hp_gain":0,"max_hp_loss":23,"event_name":"Vampires","floor":20,"gold_loss":0,"cards_obtained":["Bite","Bite","Bite","Bite","Bite"]},{"damage_healed":0,"gold_gain":0,"player_choice":"Fight","damage_taken":0,"max_hp_gain":0,"max_hp_loss":0,"event_name":"Colosseum","floor":25,"gold_loss":0},{"damage_healed":0,"gold_gain":0,"player_choice":"Fled From Nobs","damage_taken":0,"max_hp_gain":0,"max_hp_loss":0,"event_name":"Colosseum","floor":25,"gold_loss":0},{"damage_healed":0,"gold_gain":0,"player_choice":"Obtained Book","damage_taken":16,"max_hp_gain":0,"max_hp_loss":0,"event_name":"Cursed Tome","floor":28,"gold_loss":0},{"damage_healed":0,"gold_gain":0,"player_choice":"Ignored","damage_taken":0,"max_hp_gain":0,"max_hp_loss":0,"event_name":"Mysterious Sphere","floor":36,"gold_loss":0}],"is_beta":true,"boss_relics":[{"not_picked":["Ectoplasm","White Beast Statue"],"picked":"Sozu"},{"not_picked":["HoveringKite","Pandora\u0027s Box"],"picked":"WristBlade"}],"items_purged_floors":[2],"is_endless":false,"potions_floor_spawned":[4,5,10,16,18,21,27,31,37],"killed_by":"Reptomancer","ascension_level":0}