{"gold_per_floor":[114,132,132,147,97,97,122,122,147,166,181,225,78,94,94,213,213,238,238,37,61,74,74,95,95,95,195,235,235,275,294,294,294],"floor_reached":33,"playtime":1103,"items_purged":[],"score":289,"play_id":"0fbe2c7a-9fe3-4390-a8ab-5c53e80aa4b4","local_time":"20181109172746","is_ascension_mode":false,"campfire_choices":[{"data":"Zap","floor":6,"key":"SMITH"},{"data":"Fission","floor":8,"key":"SMITH"},{"data":"Streamline","floor":15,"key":"SMITH"},{"data":"Scrape","floor":23,"key":"SMITH"},{"data":"Streamline","floor":25,"key":"SMITH"},{"floor":32,"key":"REST"}],"neow_cost":"NONE","seed_source_timestamp":2552313897650270,"circlet_count":0,"master_deck":["Strike_B","Strike_B","Defend_B","Defend_B","Defend_B","Defend_B","Zap+1","Dualcast","Ball Lightning","Streamline+1","Barrage","Fission+1","Hologram","Hologram","Reboot","Turbo","Echo Form","Necronomicurse","Self Repair","Scrape+1","Steam","Compile Driver+1","Gash","Streamline+1","Heatsinks","Hologram"],"relics":["Cracked Core","Golden Idol","Juzu Bracelet","Potion Belt","Orichalcum","Busted Crown","Necronomicon","Bottled Flame","Ice Cream","Mercury Hourglass","Pen Nib"],"potions_floor_usage":[7,12,16,24,31],"damage_taken":[{"damage":0,"enemies":"Cultist","floor":1,"turns":4},{"damage":0,"enemies":"Jaw Worm","floor":2,"turns":4},{"damage":0,"enemies":"2 Louse","floor":4,"turns":3},{"damage":5,"enemies":"Looter","floor":7,"turns":3},{"damage":0,"enemies":"Red Slaver","floor":10,"turns":2},{"damage":0,"enemies":"Exordium Wildlife","floor":11,"turns":3},{"damage":15,"enemies":"Lagavulin","floor":12,"turns":3},{"damage":0,"enemies":"Looter","floor":14,"turns":3},{"damage":30,"enemies":"The Guardian","floor":16,"turns":8},{"damage":0,"enemies":"Spheric Guardian","floor":18,"turns":2},{"damage":4,"enemies":"3 Byrds","floor":21,"turns":3},{"damage":4,"enemies":"Centurion and Healer","floor":22,"turns":5},{"damage":3,"enemies":"3 Cultists","floor":24,"turns":3},{"damage":32,"enemies":"Slavers","floor":28,"turns":4},{"damage":36,"enemies":"Book of Stabbing","floor":30,"turns":5},{"damage":4,"enemies":"Sentry and Sphere","floor":31,"turns":3},{"damage":52,"enemies":"Champ","floor":33,"turns":6}],"seed_played":"-735962634112034186","potions_obtained":[{"floor":1,"key":"Explosive Potion"},{"floor":2,"key":"Regen Potion"},{"floor":7,"key":"FearPotion"},{"floor":22,"key":"Swift Potion"},{"floor":30,"key":"Regen Potion"}],"is_trial":false,"path_per_floor":["M","M","?","M","?","R","M","R","T","M","M","E","$","M","R","B",null,"M","?","$","M","M","R","M","R","T","?","E","?","E","M","R","B"],"character_chosen":"DEFECT","items_purchased":["Orichalcum","Self Repair","Scrape","Steam"],"campfire_rested":1,"item_purchase_floors":[13,20,20,20],"current_hp_per_floor":[75,75,57,57,57,57,61,61,61,61,61,46,46,46,46,16,75,75,59,59,62,65,65,69,69,69,69,44,44,15,20,42,0],"gold":294,"neow_bonus":"REMOVE_CARD","is_prod":false,"is_daily":false,"chose_seed":false,"campfire_upgraded":5,"win_rate":0,"timestamp":1541806066,"path_taken":["M","M","?","M","?","R","M","R","T","M","M","E","$","M","R","BOSS","M","?","$","M","M","R","M","R","T","?","E","?","E","M","R","BOSS"],"build_version":"2018-11-08","purchased_purges":0,"victory":false,"max_hp_per_floor":[75,75,75,75,75,75,75,75,75,75,75,75,75,75,75,75,75,75,75,75,75,75,75,75,75,75,75,75,75,75,75,75,75],"card_choices":[{"not_picked":["Chill","Streamline"],"picked":"Ball Lightning","floor":1},{"not_picked":["Blizzard","Chaos"],"picked":"Streamline","floor":2},{"not_picked":["Stack","Sweeping Beam"],"picked":"Barrage","floor":4},{"not_picked":["Streamline","Rebound"],"picked":"Fission","floor":7},{"not_picked":["Recycle","Loop"],"picked":"Hologram","floor":10},{"not_picked":["Turbo","Compile Driver"],"picked":"Hologram","floor":11},{"not_picked":["BootSequence","Doom and Gloom"],"picked":"Reboot","floor":12},{"not_picked":["Steam","Glacier"],"picked":"Turbo","floor":14},{"not_picked":["Machine Learning","Multi-Cast"],"picked":"Echo Form","floor":16},{"not_picked":["Steam"],"picked":"SKIP","floor":18},{"not_picked":[],"picked":"Compile Driver+1","floor":21},{"not_picked":[],"picked":"Gash","floor":22},{"not_picked":[],"picked":"Streamline","floor":24},{"not_picked":[],"picked":"Heatsinks","floor":28},{"not_picked":["Barrage"],"picked":"SKIP","floor":30},{"not_picked":[],"picked":"Hologram","floor":31}],"player_experience":224714,"relics_obtained":[{"floor":9,"key":"Juzu Bracelet"},{"floor":12,"key":"Potion Belt"},{"floor":19,"key":"Necronomicon"},{"floor":26,"key":"Bottled Flame"},{"floor":28,"key":"Ice Cream"},{"floor":30,"key":"Pen Nib"}],"event_choices":[{"damage_healed":0,"gold_gain":0,"player_choice":"Take Damage","damage_taken":18,"relics_obtained":["Golden Idol"],"max_hp_gain":0,"max_hp_loss":0,"event_name":"Golden Idol","floor":3,"gold_loss":0},{"cards_removed":["Strike_B"],"damage_healed":0,"gold_gain":0,"player_choice":"Card Removal","damage_taken":0,"max_hp_gain":0,"max_hp_loss":0,"event_name":"The Cleric","floor":5,"gold_loss":50},{"damage_healed":0,"gold_gain":0,"player_choice":"Obtained Book","damage_taken":16,"max_hp_gain":0,"max_hp_loss":0,"event_name":"Cursed Tome","floor":19,"gold_loss":0},{"damage_healed":0,"gold_gain":100,"player_choice":"Pray","damage_taken":0,"max_hp_gain":0,"max_hp_loss":0,"event_name":"Golden Shrine","floor":27,"gold_loss":0},{"damage_healed":0,"gold_gain":0,"player_choice":"Opened","damage_taken":0,"relics_obtained":["Mercury Hourglass"],"max_hp_gain":0,"max_hp_loss":0,"event_name":"The Mausoleum","floor":29,"gold_loss":0}],"is_beta":true,"boss_relics":[{"not_picked":["Orrery","Fusion Hammer"],"picked":"Busted Crown"}],"items_purged_floors":[],"is_endless":false,"potions_floor_spawned":[1,2,7,22,30],"killed_by":"Champ","ascension_level":0}