{"gold_per_floor":[211,108,121,121,137,172,172,211,211,211,211,211,226,246,246,376,376,399,383,383,383,234,234,234,234,234,234,194,194,194,232,232,358,358,374,398,146,167,267,305,305,338,414,414,414,109,109,109,109,109],"floor_reached":50,"playtime":10363,"items_purged":[],"score":570,"play_id":"5aa7be0a-cecf-44c0-9771-fbe78121ec73","local_time":"20190909172958","is_ascension_mode":false,"campfire_choices":[{"data":"1","floor":7,"key":"LIFT"},{"data":"2","floor":11,"key":"LIFT"},{"floor":15,"key":"REST"},{"floor":23,"key":"REST"},{"data":"3","floor":25,"key":"LIFT"},{"data":"Chill","floor":27,"key":"SMITH"},{"floor":32,"key":"REST"},{"floor":41,"key":"REST"},{"floor":44,"key":"REST"},{"floor":47,"key":"REST"},{"floor":49,"key":"REST"}],"neow_cost":"NONE","seed_source_timestamp":2681565306864,"circlet_count":0,"master_deck":["Strike_B+1","Strike_B","Strike_B","Strike_B","Defend_B","Defend_B","Defend_B","Defend_B","Zap","Dualcast","Coolheaded","Capacitor","Conserve Battery","Cold Snap","Injury","Skim","Chill+1","Barrage","Conserve Battery","Gash","Seek","Coolheaded+1","Hologram+1","White Noise","J.A.X.+1","Steam+1","Electrodynamics+1","Barrage","Hologram","Go for the Eyes","Skim","Reinforced Body+1","Seek","Trip","FTL"],"relics":["Cracked Core","Golden Idol","Girya","Matryoshka","Juzu Bracelet","Frozen Egg 2","Mercury Hourglass","White Beast Statue","Potion Belt","Shuriken","Nilry\u0027s Codex","Pear","Runic Pyramid","Strawberry","Bag of Marbles","Nunchaku","Bottled Lightning","Pantograph"],"potions_floor_usage":[31,40,42,42,42,42,50,50],"damage_taken":[{"damage":0,"enemies":"2 Louse","floor":1,"turns":3},{"damage":2,"enemies":"Jaw Worm","floor":3,"turns":5},{"damage":0,"enemies":"Small Slimes","floor":5,"turns":4},{"damage":9,"enemies":"3 Sentries","floor":6,"turns":12},{"damage":17,"enemies":"Lagavulin","floor":8,"turns":11},{"damage":10,"enemies":"Exordium Wildlife","floor":13,"turns":3},{"damage":0,"enemies":"2 Fungi Beasts","floor":14,"turns":4},{"damage":38,"enemies":"Hexaghost","floor":16,"turns":12},{"damage":1,"enemies":"Chosen","floor":18,"turns":4},{"damage":22,"enemies":"2 Thieves","floor":19,"turns":4},{"damage":41,"enemies":"Slavers","floor":31,"turns":9},{"damage":28,"enemies":"Champ","floor":33,"turns":10},{"damage":10,"enemies":"3 Shapes","floor":35,"turns":3},{"damage":11,"enemies":"Orb Walker","floor":36,"turns":4},{"damage":11,"enemies":"Spire Growth","floor":38,"turns":4},{"damage":60,"enemies":"Giant Head","floor":40,"turns":11},{"damage":35,"enemies":"Nemesis","floor":42,"turns":10},{"damage":95,"enemies":"Donu and Deca","floor":50,"turns":9}],"seed_played":"-2075564252550248769","potions_obtained":[{"floor":6,"key":"FairyPotion"},{"floor":8,"key":"Swift Potion"},{"floor":16,"key":"Poison Potion"},{"floor":31,"key":"FocusPotion"},{"floor":33,"key":"SkillPotion"},{"floor":35,"key":"FocusPotion"},{"floor":38,"key":"FocusPotion"},{"floor":40,"key":"Swift Potion"},{"floor":42,"key":"LiquidBronze"}],"is_trial":false,"path_per_floor":["M","$","M","?","M","E","R","E","T","?","R","?","M","M","R","B",null,"M","M","?","?","$","R","?","R","T","R","?","?","$","E","R","B",null,"M","M","$","M","?","E","R","E","T","R","?","$","R","?","R","B"],"character_chosen":"DEFECT","items_purchased":["Capacitor","Conserve Battery","White Noise","FocusPotion","Ancient Potion","Strawberry","Go for the Eyes","Pantograph","Block Potion"],"campfire_rested":7,"item_purchase_floors":[2,2,22,22,37,37,37,46,46],"current_hp_per_floor":[75,75,73,73,73,64,64,47,47,72,72,54,44,44,66,28,75,74,52,52,52,52,74,74,74,74,74,74,58,58,27,52,24,85,75,64,71,60,60,9,36,1,1,28,28,28,55,55,82,0],"gold":109,"neow_bonus":"HUNDRED_GOLD","is_prod":false,"is_daily":false,"chose_seed":false,"campfire_upgraded":1,"win_rate":0.0,"timestamp":1568060998,"path_taken":["M","$","M","?","M","E","R","E","T","?","R","?","M","M","R","BOSS","M","M","?","?","$","R","?","R","T","R","?","?","$","E","R","BOSS","M","M","$","M","?","E","R","E","T","R","?","$","R","?","R","BOSS"],"build_version":"2019-07-17","purchased_purges":0,"victory":false,"max_hp_per_floor":[75,75,75,75,75,75,75,75,75,75,75,75,75,75,75,75,75,75,75,75,75,75,75,75,75,75,75,75,75,75,85,85,85,85,85,85,92,92,92,92,92,92,92,92,92,92,92,92,92,92],"card_choices":[{"not_picked":["Gash","Conserve Battery"],"picked":"Coolheaded","floor":1},{"not_picked":["Coolheaded","Hologram"],"picked":"Cold Snap","floor":3},{"not_picked":["Doom and Gloom","Steam"],"picked":"Skim","floor":5},{"not_picked":["FTL","Compile Driver"],"picked":"Chill","floor":6},{"not_picked":["Aggregate","Creative AI"],"picked":"Barrage","floor":8},{"not_picked":["Redo","Compile Driver"],"picked":"Conserve Battery","floor":13},{"not_picked":["Aggregate","Double Energy"],"picked":"Gash","floor":14},{"not_picked":["Thunder Strike","Amplify"],"picked":"Seek","floor":16},{"not_picked":["Streamline+1","Go for the Eyes"],"picked":"Coolheaded+1","floor":18},{"not_picked":["Double Energy+1","Force Field"],"picked":"Hologram+1","floor":19},{"not_picked":["Fission","Beam Cell"],"picked":"Steam+1","floor":31},{"not_picked":["Creative AI+1","Reboot"],"picked":"Electrodynamics+1","floor":33},{"not_picked":["Compile Driver","FTL+1"],"picked":"Barrage","floor":35},{"not_picked":["Conserve Battery+1","Sweeping Beam"],"picked":"Hologram","floor":36},{"not_picked":["Beam Cell","Turbo+1"],"picked":"Skim","floor":38},{"not_picked":["Turbo","Cold Snap"],"picked":"Reinforced Body+1","floor":40},{"not_picked":["Cold Snap+1","Sweeping Beam+1"],"picked":"Seek","floor":42}],"player_experience":36414,"relics_obtained":[{"floor":6,"key":"Girya"},{"floor":8,"key":"Matryoshka"},{"floor":9,"key":"Juzu Bracelet"},{"floor":9,"key":"Frozen Egg 2"},{"floor":26,"key":"Potion Belt"},{"floor":26,"key":"Shuriken"},{"floor":29,"key":"Nilry\u0027s Codex"},{"floor":31,"key":"Pear"},{"floor":40,"key":"Bag of Marbles"},{"floor":42,"key":"Nunchaku"},{"floor":43,"key":"Bottled Lightning"}],"event_choices":[{"damage_healed":0,"gold_gain":0,"player_choice":"Take Wound","damage_taken":0,"relics_obtained":["Golden Idol"],"max_hp_gain":0,"max_hp_loss":0,"event_name":"Golden Idol","floor":4,"gold_loss":0,"cards_obtained":["Injury"]},{"damage_healed":25,"gold_gain":0,"player_choice":"Banana","damage_taken":0,"max_hp_gain":0,"max_hp_loss":0,"event_name":"Big Fish","floor":10,"gold_loss":0},{"damage_healed":0,"gold_gain":0,"player_choice":"Success","damage_taken":18,"relics_obtained":["Mercury Hourglass"],"max_hp_gain":0,"max_hp_loss":0,"event_name":"Scrap Ooze","floor":12,"gold_loss":0},{"damage_healed":0,"gold_gain":0,"player_choice":"Ignored","damage_taken":0,"max_hp_gain":0,"max_hp_loss":0,"event_name":"Ghosts","floor":21,"gold_loss":0},{"damage_healed":0,"gold_gain":0,"player_choice":"Obtain J.A.X.","damage_taken":0,"max_hp_gain":0,"max_hp_loss":0,"event_name":"Drug Dealer","floor":24,"gold_loss":0,"cards_obtained":["J.A.X."]},{"damage_healed":0,"gold_gain":0,"player_choice":"Upgraded Two","damage_taken":0,"max_hp_gain":0,"max_hp_loss":0,"event_name":"Designer","floor":28,"gold_loss":40,"cards_upgraded":["J.A.X.","Strike_B"]},{"damage_healed":0,"gold_gain":0,"player_choice":"Obtained Book","damage_taken":16,"max_hp_gain":0,"max_hp_loss":0,"event_name":"Cursed Tome","floor":29,"gold_loss":0},{"damage_healed":0,"gold_gain":100,"player_choice":"Pray","damage_taken":0,"max_hp_gain":0,"max_hp_loss":0,"event_name":"Golden Shrine","floor":39,"gold_loss":0},{"damage_healed":0,"gold_gain":0,"player_choice":"Ignored","damage_taken":0,"max_hp_gain":0,"max_hp_loss":0,"event_name":"Tomb of Lord Red Mask","floor":45,"gold_loss":0},{"damage_healed":0,"gold_gain":0,"player_choice":"2 cards matched","damage_taken":0,"max_hp_gain":0,"max_hp_loss":0,"event_name":"Match and Keep!","floor":48,"gold_loss":0,"cards_obtained":["Trip","FTL"]}],"is_beta":false,"boss_relics":[{"not_picked":["Ectoplasm","Sozu"],"picked":"White Beast Statue"},{"not_picked":["Empty Cage","Velvet Choker"],"picked":"Runic Pyramid"}],"items_purged_floors":[],"is_endless":false,"potions_floor_spawned":[6,8,16,18,19,31,33,35,36,38,40,42],"killed_by":"Donu and Deca","ascension_level":0}