{"gold_per_floor":[111,66,86,86,103,103,133,144,144,175,47,47,47,66,66,165,165,182,182,182,4,24,58,0,0,48,48,60,86,86,14,14,119,119,130,141,74,92,106,106],"floor_reached":40,"playtime":2370,"items_purged":["Defend_G"],"score":546,"play_id":"71dca339-4518-4dfb-88f9-43cb5d4ac334","local_time":"20190207161203","is_ascension_mode":true,"campfire_choices":[{"data":"Neutralize","floor":6,"key":"SMITH"},{"data":"Infinite Blades","floor":12,"key":"SMITH"},{"data":"Bullet Time","floor":15,"key":"SMITH"},{"data":"Adrenaline","floor":27,"key":"SMITH"},{"data":"Prepared","floor":30,"key":"SMITH"},{"data":"Panache","floor":32,"key":"SMITH"}],"neow_cost":"NONE","seed_source_timestamp":885928148124422,"circlet_count":0,"master_deck":["Defend_G","Defend_G","Defend_G","Defend_G","Survivor","Neutralize+1","Cloak And Dagger","Deadly Poison","Backstab","Poisoned Stab","Bullet Time+1","Infinite Blades+1","Slice","Backflip","Leg Sweep","Adrenaline+1","Noxious Fumes+1","Panacea","Panache+1","Bouncing Flask","Dagger Throw","Bite","Bite","Bite","Bite","Bite","Backstab+1","Prepared+1","Phantasmal Killer","Night Terror","Calculated Gamble","Dodge and Roll+1"],"relics":["Ring of the Serpent","NeowsBlessing","Letter Opener","Pantograph","Gremlin Horn","Strawberry","Bronze Scales","Dodecahedron","Sozu","Kunai"],"potions_floor_usage":[10,16,29,36,39],"damage_taken":[{"damage":0,"enemies":"Jaw Worm","floor":1,"turns":1},{"damage":0,"enemies":"Cultist","floor":3,"turns":1},{"damage":0,"enemies":"Small Slimes","floor":5,"turns":1},{"damage":12,"enemies":"Lagavulin","floor":7,"turns":6},{"damage":2,"enemies":"Gremlin Gang","floor":8,"turns":5},{"damage":16,"enemies":"3 Sentries","floor":10,"turns":6},{"damage":0,"enemies":"2 Fungi Beasts","floor":14,"turns":3},{"damage":31,"enemies":"Hexaghost","floor":16,"turns":10},{"damage":0,"enemies":"Chosen","floor":18,"turns":4},{"damage":1,"enemies":"3 Byrds","floor":22,"turns":4},{"damage":22,"enemies":"Gremlin Leader","floor":23,"turns":6},{"damage":0,"enemies":"3 Cultists","floor":28,"turns":3},{"damage":24,"enemies":"Slavers","floor":29,"turns":5},{"damage":67,"enemies":"Champ","floor":33,"turns":10},{"damage":33,"enemies":"3 Darklings","floor":35,"turns":4},{"damage":14,"enemies":"Orb Walker","floor":36,"turns":3},{"damage":11,"enemies":"4 Shapes","floor":38,"turns":4},{"damage":21,"enemies":"Transient","floor":39,"turns":5},{"damage":55,"enemies":"Giant Head","floor":40,"turns":9}],"seed_played":"4383953392741417365","potions_obtained":[{"floor":3,"key":"FearPotion"},{"floor":7,"key":"Strength Potion"},{"floor":8,"key":"AttackPotion"},{"floor":13,"key":"PowerPotion"},{"floor":22,"key":"Dexterity Potion"},{"floor":28,"key":"Block Potion"},{"floor":33,"key":"Regen Potion"}],"is_trial":false,"path_per_floor":["M","$","M","?","M","R","E","M","T","E","$","R","?","M","R","B",null,"M","?","?","$","M","E","?","?","T","R","M","E","R","$","R","B",null,"M","M","?","M","M","E"],"character_chosen":"THE_SILENT","items_purchased":["Deadly Poison","Backflip","Panache","Phantasmal Killer"],"campfire_rested":0,"item_purchase_floors":[2,11,21,31],"current_hp_per_floor":[70,70,70,70,70,70,58,56,56,40,40,40,40,40,40,34,70,70,70,56,56,55,40,40,40,40,40,48,28,28,28,28,10,53,26,25,25,26,23,0],"gold":106,"neow_bonus":"THREE_ENEMY_KILL","is_prod":false,"is_daily":false,"chose_seed":false,"campfire_upgraded":6,"win_rate":0,"timestamp":1549523523,"path_taken":["M","$","M","?","M","R","E","M","T","E","?","R","?","?","R","BOSS","M","?","?","$","?","E","?","?","T","R","M","E","R","$","R","BOSS","M","M","?","M","?","E"],"build_version":"2019-01-23","purchased_purges":1,"victory":false,"max_hp_per_floor":[70,70,70,70,70,70,70,70,70,70,70,70,70,70,70,70,70,70,70,70,70,70,77,77,53,53,53,53,53,53,53,53,53,53,53,53,53,53,53,53],"card_choices":[{"not_picked":["Outmaneuver","Terror"],"picked":"Cloak And Dagger","floor":1},{"not_picked":["Blade Dance","Dagger Throw"],"picked":"Backstab","floor":3},{"not_picked":["Acrobatics","Eviscerate"],"picked":"Poisoned Stab","floor":5},{"not_picked":["Dagger Throw","Deflect"],"picked":"Bullet Time","floor":7},{"not_picked":["Eviscerate","Dodge and Roll"],"picked":"Infinite Blades","floor":8},{"not_picked":["Underhanded Strike","Concentrate"],"picked":"Slice","floor":10},{"not_picked":["Sucker Punch","Quick Slash"],"picked":"Leg Sweep","floor":14},{"not_picked":["Unload","Doppelganger"],"picked":"Adrenaline","floor":16},{"not_picked":["Blade Dance","Masterful Stab"],"picked":"Noxious Fumes+1","floor":18},{"not_picked":["Outmaneuver","Quick Slash"],"picked":"Bouncing Flask","floor":22},{"not_picked":["Prepared","Setup+1"],"picked":"Dagger Throw","floor":23},{"not_picked":["Poisoned Stab+1","Masterful Stab"],"picked":"Backstab+1","floor":28},{"not_picked":["Blade Dance","Endless Agony+1"],"picked":"Prepared","floor":29},{"not_picked":["Venomology","A Thousand Cuts"],"picked":"Night Terror","floor":33},{"not_picked":["Infinite Blades","Setup+1"],"picked":"Calculated Gamble","floor":35},{"not_picked":["Sucker Punch+1","Prepared","Choke+1"],"picked":"SKIP","floor":36},{"not_picked":["Quick Slash","Flying Knee+1"],"picked":"Dodge and Roll+1","floor":38},{"not_picked":["Quick Slash","Dagger Throw","Bane"],"picked":"SKIP","floor":39}],"player_experience":180075,"relics_obtained":[{"floor":7,"key":"Letter Opener"},{"floor":9,"key":"Pantograph"},{"floor":10,"key":"Gremlin Horn"},{"floor":23,"key":"Strawberry"},{"floor":26,"key":"Bronze Scales"},{"floor":29,"key":"Dodecahedron"}],"event_choices":[{"cards_removed":["Strike_G"],"damage_healed":0,"gold_gain":0,"player_choice":"Purged","damage_taken":0,"max_hp_gain":0,"max_hp_loss":0,"event_name":"Purifier","floor":4,"gold_loss":0},{"damage_healed":0,"gold_gain":0,"player_choice":"Got Potions","damage_taken":0,"max_hp_gain":0,"max_hp_loss":0,"event_name":"Lab","floor":13,"gold_loss":0},{"damage_healed":0,"gold_gain":0,"player_choice":"Ignored","damage_taken":0,"max_hp_gain":0,"max_hp_loss":0,"event_name":"Ghosts","floor":19,"gold_loss":0},{"damage_healed":0,"gold_gain":0,"player_choice":"CARD ","damage_taken":14,"max_hp_gain":0,"max_hp_loss":0,"event_name":"Knowing Skull","floor":20,"potions_obtained":[],"gold_loss":0,"cards_obtained":["Panacea"]},{"damage_healed":0,"gold_gain":0,"player_choice":"Paid Fearfully","damage_taken":0,"max_hp_gain":0,"max_hp_loss":0,"event_name":"Masked Bandits","floor":24,"gold_loss":58},{"damage_healed":0,"gold_gain":0,"player_choice":"Became a vampire","damage_taken":0,"max_hp_gain":0,"max_hp_loss":24,"event_name":"Vampires","floor":25,"gold_loss":0,"cards_obtained":["Bite","Bite","Bite","Bite","Bite"]},{"damage_healed":0,"gold_gain":0,"player_choice":"Paid Gold","damage_taken":0,"relics_obtained":["Kunai"],"max_hp_gain":0,"max_hp_loss":0,"event_name":"WeMeetAgain","floor":37,"gold_loss":67}],"is_beta":false,"boss_relics":[{"not_picked":["Astrolabe","HoveringKite"],"picked":"Ring of the Serpent"},{"not_picked":["Runic Dome","Fusion Hammer"],"picked":"Sozu"}],"items_purged_floors":[11],"is_endless":false,"potions_floor_spawned":[3,7,8,22,28,33,36],"killed_by":"Giant Head","ascension_level":4}