{"gold_per_floor":[109,109,11,23,23,63,88,122,122,122,141,141,161,181,181,310,310,329,115,136,136],"floor_reached":21,"playtime":651,"items_purged":["Strike_B"],"score":216,"play_id":"b8c9f761-febe-4fab-8342-80bf19125c47","local_time":"20181130031759","is_ascension_mode":false,"campfire_choices":[{"data":"Discovery","floor":12,"key":"SMITH"},{"floor":15,"key":"REST"}],"neow_cost":"NONE","seed_source_timestamp":1223761631743668,"circlet_count":0,"master_deck":["Strike_B","Strike_B","Strike_B","Defend_B","Defend_B","Defend_B","Defend_B","Zap","Dualcast","White Noise+1","Discovery+1","Scrape","Steam","Loop","Biased Cognition","Capacitor+1","Rebound","Creative AI+1","Loop+1","Loop+1","Enlightenment"],"relics":["Cracked Core","NeowsBlessing","Golden Idol","Smiling Mask","FossilizedHelix","Frozen Egg 2","Nuclear Battery"],"potions_floor_usage":[8,14,14,16],"damage_taken":[{"damage":0,"enemies":"Jaw Worm","floor":1,"turns":1},{"damage":0,"enemies":"Cultist","floor":4,"turns":1},{"damage":0,"enemies":"3 Sentries","floor":6,"turns":1},{"damage":0,"enemies":"2 Louse","floor":7,"turns":2},{"damage":38,"enemies":"Gremlin Nob","floor":8,"turns":5},{"damage":5,"enemies":"Looter","floor":11,"turns":3},{"damage":1,"enemies":"Blue Slaver","floor":13,"turns":4},{"damage":0,"enemies":"2 Fungi Beasts","floor":14,"turns":2},{"damage":42,"enemies":"Hexaghost","floor":16,"turns":6},{"damage":27,"enemies":"Spheric Guardian","floor":18,"turns":5},{"damage":12,"enemies":"Shell Parasite","floor":20,"turns":6},{"damage":40,"enemies":"3 Cultists","floor":21,"turns":4}],"seed_played":"-1987853548824765914","potions_obtained":[{"floor":7,"key":"Swift Potion"},{"floor":11,"key":"GamblersBrew"},{"floor":13,"key":"Fire Potion"},{"floor":14,"key":"PowerPotion"},{"floor":20,"key":"SteroidPotion"}],"is_trial":false,"path_per_floor":["M","?","$","M","?","E","M","E","T","?","M","R","M","M","R","B",null,"M","$","M","M"],"character_chosen":"DEFECT","items_purchased":["Discovery","Loop+1","Enlightenment"],"campfire_rested":1,"item_purchase_floors":[3,19,19],"current_hp_per_floor":[75,75,75,75,57,57,57,19,19,44,39,39,38,38,60,18,75,48,48,36,0],"gold":136,"neow_bonus":"THREE_ENEMY_KILL","is_prod":false,"is_daily":false,"chose_seed":false,"campfire_upgraded":1,"win_rate":0,"timestamp":1543569479,"path_taken":["M","?","?","M","?","E","M","E","T","?","M","R","M","M","R","BOSS","M","$","M","M"],"build_version":"2018-11-15","purchased_purges":1,"victory":false,"max_hp_per_floor":[75,75,75,75,75,75,75,75,75,75,75,75,75,75,75,75,75,75,75,75,75],"card_choices":[{"not_picked":["Leap","Tempest"],"picked":"White Noise","floor":1},{"not_picked":["Compile Driver","Turbo"],"picked":"Scrape","floor":4},{"not_picked":["Leap","Coolheaded"],"picked":"Steam","floor":6},{"not_picked":["Reprogram","Double Energy"],"picked":"Loop","floor":7},{"not_picked":["Rip and Tear","Turbo"],"picked":"Biased Cognition","floor":8},{"not_picked":["Tempest","Conserve Battery"],"picked":"Capacitor+1","floor":11},{"not_picked":["Cold Snap","Barrage","All For One"],"picked":"SKIP","floor":13},{"not_picked":["Gash","Reprogram"],"picked":"Rebound","floor":14},{"not_picked":["Seek","Hyperbeam"],"picked":"Creative AI+1","floor":16},{"not_picked":["Force Field","Redo"],"picked":"Loop+1","floor":18},{"not_picked":["Streamline+1","Darkness+1","Skim"],"picked":"SKIP","floor":20}],"player_experience":300878,"relics_obtained":[{"floor":6,"key":"Smiling Mask"},{"floor":8,"key":"FossilizedHelix"},{"floor":9,"key":"Frozen Egg 2"}],"event_choices":[{"damage_healed":0,"gold_gain":0,"player_choice":"Upgraded","damage_taken":0,"max_hp_gain":0,"max_hp_loss":0,"event_name":"Upgrade Shrine","floor":2,"gold_loss":0,"cards_upgraded":["White Noise"]},{"damage_healed":0,"gold_gain":0,"player_choice":"Take Damage","damage_taken":18,"relics_obtained":["Golden Idol"],"max_hp_gain":0,"max_hp_loss":0,"event_name":"Golden Idol","floor":5,"gold_loss":0},{"damage_healed":25,"gold_gain":0,"player_choice":"Banana","damage_taken":0,"max_hp_gain":0,"max_hp_loss":0,"event_name":"Big Fish","floor":10,"gold_loss":0}],"is_beta":true,"boss_relics":[{"not_picked":["Tiny House","Ectoplasm"],"picked":"Nuclear Battery"}],"items_purged_floors":[19],"is_endless":false,"potions_floor_spawned":[7,11,13,14,20],"killed_by":"3 Cultists","ascension_level":0}