{"path_per_floor":["M","?","$","M","M","?","E","$","T","E","?","R","$","M","R","B",null,"M","?","T","?","?","R","M","E","T","?","M","R","M","E","R"],"character_chosen":"IRONCLAD","items_purchased":["Block Potion"],"gold_per_floor":[114,114,39,52,70,70,111,11,11,50,80,80,31,46,46,172,172,197,197,221,221,221,221,244,277,331,331,355,355,379,417,417],"floor_reached":33,"campfire_rested":1,"playtime":1827,"current_hp_per_floor":[73,73,73,72,74,74,60,60,60,13,13,13,13,14,36,30,74,74,74,74,51,51,51,51,28,28,45,51,51,51,44,44],"items_purged":["Strike_R","Strike_R"],"gold":417,"play_id":"779cc12a-d934-482a-bb94-52ba0f8a30c5","is_prod":false,"is_daily":false,"is_ascension_mode":false,"campfire_upgraded":4,"path_taken":["M","?","$","M","?","?","E","$","T","E","?","R","?","M","R","BOSS","M","?","?","?","?","R","M","E","T","?","M","R","M","E","R","BOSS"],"build_version":"2018-01-23-BETA1","purchased_purges":3,"victory":false,"master_deck":["Defend_R","Defend_R","Defend_R","Defend_R","Bash","Sword Boomerang","Iron Wave","Warcry","Shrug It Off","Fiend Fire","Flame Barrier","Feed","Pummel","Fiend Fire","Bite_R","Bite_R","Bite_R","Bite_R","Flex"],"max_hp_per_floor":[80,74,74,74,74,74,74,74,74,74,74,74,74,74,74,74,74,74,74,74,51,51,51,51,51,51,51,51,51,51,54,54],"relics":["Burning Blood","Golden Idol","Bronze Scales","Torii","Juzu Bracelet","Vajra","Snecko Eye","Lantern","Molten Egg","Bag of Marbles","Mummified Hand"],"card_choices":[{"not_picked":["Feel No Pain","Clothesline"],"picked":"Sword Boomerang"},{"not_picked":["Anger","Second Wind"],"picked":"Iron Wave"},{"not_picked":["Blood for Blood","Dual Wield"],"picked":"Warcry"},{"not_picked":["Headbutt","Clash"],"picked":"Shrug It Off"},{"not_picked":["Power Through","Anger"],"picked":"Fiend Fire"},{"not_picked":["Body Slam","Sword Boomerang"],"picked":"Flame Barrier"},{"not_picked":["Bludgeon","Immolate"],"picked":"Feed"},{"not_picked":["Shrug It Off","Thunderclap"],"picked":"Pummel"},{"not_picked":["Headbutt","Sever Soul"],"picked":"Flex"}],"player_experience":0,"potions_floor_usage":[4,7,7,7,16,16,31,33,33],"damage_taken":[{"damage":13,"enemies":"Cultist","floor":1,"turns":5},{"damage":7,"enemies":"Blue Slaver","floor":4,"turns":4},{"damage":4,"enemies":"Jaw Worm","floor":5,"turns":5},{"damage":20,"enemies":"3 Sentries","floor":7,"turns":5},{"damage":53,"enemies":"Lagavulin","floor":10,"turns":8},{"damage":5,"enemies":"Lots of Slimes","floor":14,"turns":4},{"damage":12,"enemies":"Hexaghost","floor":16,"turns":9},{"damage":0,"enemies":"Shell Parasite","floor":18,"turns":1},{"damage":0,"enemies":"Chosen","floor":24,"turns":2},{"damage":29,"enemies":"Book of Stabbing","floor":25,"turns":4},{"damage":0,"enemies":"Snecko","floor":28,"turns":2},{"damage":0,"enemies":"Chosen and Byrds","floor":30,"turns":2},{"damage":19,"enemies":"Gremlin Leader","floor":31,"turns":2},{"damage":80,"enemies":"Automaton","floor":33,"turns":6}],"event_choices":[{"event_name":"Golden Idol","player_choice":"Lose Max HP","floor":2,"damage_taken":0},{"event_name":"The Lab","player_choice":"Got Potions","floor":6,"damage_taken":0},{"event_name":"Dead Adventurer","player_choice":"Searched \u00272\u0027 times","floor":11,"damage_taken":0},{"event_name":"Duplicator","player_choice":"One dupe","floor":19,"damage_taken":0},{"event_name":"Vampires","player_choice":"Became a vampire","floor":21,"damage_taken":0},{"event_name":"Back to Basics","player_choice":"Elegance","floor":22,"damage_taken":0},{"event_name":"The Library","player_choice":"Heal","floor":27,"damage_taken":0}],"boss_relics":[{"not_picked":["Velvet Choker","Ectoplasm"],"picked":"Snecko Eye"}],"potions_floor_spawned":[1,4,5,14,25,28,31],"seed_played":"-5359440593726137892","killed_by":"Automaton","ascension_level":0,"is_trial":false}