{"gold_per_floor":[315,39,39,51,64,96,113,113,113,113,124,124],"floor_reached":12,"playtime":804,"items_purged":[],"score":80,"play_id":"b84fc33a-1c21-4804-9495-6ff99a885055","local_time":"20190909222229","is_ascension_mode":false,"campfire_choices":[{"floor":10,"key":"REST"}],"neow_cost":"NO_GOLD","seed_source_timestamp":29649875368166,"circlet_count":0,"master_deck":["Strike_B","Strike_B","Strike_B","Strike_B","Defend_B","Defend_B","Defend_B","Defend_B","Zap","Dualcast","Reinforced Body","Coolheaded","Gash","Redo","Skim","Hologram","Coolheaded","Stack"],"special_seed":0,"relics":["Cracked Core","Old Coin","ClockworkSouvenir","Darkstone Periapt","Kunai"],"potions_floor_usage":[],"damage_taken":[{"damage":2.0,"enemies":"2 Louse","floor":1.0,"turns":3.0},{"damage":0.0,"enemies":"Small Slimes","floor":4.0,"turns":3.0},{"damage":0.0,"enemies":"Cultist","floor":5.0,"turns":3.0},{"damage":28.0,"enemies":"Lagavulin","floor":6.0,"turns":9.0},{"damage":32.0,"enemies":"Gremlin Gang","floor":7.0,"turns":6.0},{"damage":0,"enemies":"Blue Slaver","floor":11,"turns":6},{"damage":63,"enemies":"Gremlin Nob","floor":12,"turns":6}],"seed_played":"4608247437746290907","potions_obtained":[{"floor":1.0,"key":"GamblersBrew"},{"floor":7.0,"key":"GamblersBrew"},{"floor":11,"key":"PowerPotion"}],"is_trial":false,"path_per_floor":["M","$","?","M","M","E","M","?","T","R","M","E"],"character_chosen":"DEFECT","items_purchased":["Coolheaded","ClockworkSouvenir","Gash"],"campfire_rested":1,"item_purchase_floors":[2,2,2],"current_hp_per_floor":[73,73,73,73,73,45,13,13,13,35,35,0],"gold":124,"neow_bonus":"ONE_RARE_RELIC","is_prod":false,"is_daily":false,"chose_seed":false,"campfire_upgraded":0,"win_rate":0.0,"timestamp":1568078549,"path_taken":["M","$","?","M","M","E","M","?","T","R","M","E"],"build_version":"2019-07-17","purchased_purges":0,"victory":false,"max_hp_per_floor":[75,75,75,75,75,75,75,75,75,75,75,75],"card_choices":[{"not_picked":["Rebound","Sweeping Beam"],"picked":"Reinforced Body","floor":1.0},{"not_picked":["Turbo","Steam"],"picked":"Redo","floor":4.0},{"not_picked":["Go for the Eyes","Loop"],"picked":"Skim","floor":5.0},{"not_picked":["Creative AI","Tempest"],"picked":"Hologram","floor":6.0},{"not_picked":["Self Repair","Rip and Tear"],"picked":"Coolheaded","floor":7.0},{"not_picked":["Steam","Double Energy"],"picked":"Stack","floor":11}],"player_experience":58323,"relics_obtained":[{"floor":6.0,"key":"Darkstone Periapt"},{"floor":9,"key":"Kunai"}],"event_choices":[{"damage_healed":0.0,"max_hp_gain":0.0,"max_hp_loss":0.0,"gold_gain":0.0,"event_name":"Golden Wing","player_choice":"Ignored","floor":3.0,"gold_loss":0.0,"damage_taken":0.0},{"damage_healed":0,"gold_gain":0,"player_choice":"Ignored","damage_taken":0,"max_hp_gain":0,"max_hp_loss":0,"event_name":"Purifier","floor":8,"gold_loss":0}],"is_beta":false,"boss_relics":[],"items_purged_floors":[],"is_endless":false,"potions_floor_spawned":[1,7,11],"killed_by":"Gremlin Nob","ascension_level":0}