{"gold_per_floor":[14,32,43,43,60,60,78,113,113,125,0,30,30,43,43,143,143,154,168,168,21,35,68,83,112,112,112,37,71,87,3,3,99,99,112,127,127,127,146,146,27,50,50,63,97,97,112,334,334,334],"floor_reached":50,"playtime":2838,"items_purged":["Strike_B"],"score":624,"play_id":"75ce8f39-f7d2-4a6d-badb-31d0fa24580b","local_time":"20190127214155","is_ascension_mode":false,"campfire_choices":[{"data":"Fission","floor":6,"key":"SMITH"},{"data":"Machine Learning","floor":15,"key":"SMITH"},{"floor":27,"key":"REST"},{"floor":32,"key":"REST"},{"data":"Fission","floor":40,"key":"SMITH"},{"data":"Creative AI","floor":46,"key":"SMITH"},{"floor":49,"key":"RECALL"}],"neow_cost":"NO_GOLD","seed_source_timestamp":311792741436627,"circlet_count":0,"master_deck":["Defend_B","Defend_B","Zap+1","Dualcast","Fission+1","Fission","Ball Lightning","Cold Snap","Conserve Battery","Rebound+1","Scrape","Reboot","Rebound","Leap","Conserve Battery","Machine Learning+1","Rainbow","Ball Lightning","Ball Lightning+1","Creative AI+1","Conserve Battery+1","Compile Driver","Tempest","FTL","Blind","Fission+1","Lockon+1","Buffer+1","FTL+1","Compile Driver+1","Conserve Battery","Defragment","Decay","Injury","Chill","White Noise"],"relics":["Cracked Core","Bottled Flame","Sundial","Pocketwatch","Cursed Key","Enchiridion","Vajra","Gremlin Horn","Red Mask","Bottled Tornado","Potion Belt","Astrolabe","PreservedInsect","Pen Nib"],"potions_floor_usage":[10,12,12,16,22,22,25,30,44,45,45,47,50],"damage_taken":[{"damage":1,"enemies":"Small Slimes","floor":1,"turns":3},{"damage":4,"enemies":"Cultist","floor":2,"turns":4},{"damage":0,"enemies":"2 Louse","floor":3,"turns":2},{"damage":16,"enemies":"Large Slime","floor":5,"turns":6},{"damage":0,"enemies":"3 Louse","floor":7,"turns":2},{"damage":7,"enemies":"3 Sentries","floor":8,"turns":8},{"damage":2,"enemies":"Blue Slaver","floor":10,"turns":2},{"damage":0,"enemies":"Gremlin Nob","floor":12,"turns":3},{"damage":0,"enemies":"Exordium Wildlife","floor":14,"turns":2},{"damage":14,"enemies":"The Guardian","floor":16,"turns":9},{"damage":0,"enemies":"Spheric Guardian","floor":18,"turns":2},{"damage":9,"enemies":"2 Thieves","floor":19,"turns":3},{"damage":5,"enemies":"Centurion and Healer","floor":22,"turns":3},{"damage":22,"enemies":"Slavers","floor":23,"turns":2},{"damage":6,"enemies":"Cultist and Chosen","floor":24,"turns":6},{"damage":0,"enemies":"Masked Bandits","floor":25,"turns":2},{"damage":36,"enemies":"Gremlin Leader","floor":29,"turns":7},{"damage":0,"enemies":"Chosen and Byrds","floor":30,"turns":3},{"damage":37,"enemies":"Champ","floor":33,"turns":8},{"damage":8,"enemies":"3 Darklings","floor":35,"turns":4},{"damage":0,"enemies":"3 Shapes","floor":36,"turns":6},{"damage":28,"enemies":"Sphere and 2 Shapes","floor":39,"turns":4},{"damage":24,"enemies":"3 Darklings","floor":44,"turns":3},{"damage":0,"enemies":"Nemesis","floor":45,"turns":3},{"damage":9,"enemies":"Transient","floor":47,"turns":5},{"damage":33,"enemies":"Time Eater","floor":50,"turns":2}],"seed_played":"-696128063978731869","potions_obtained":[{"floor":4,"key":"Strength Potion"},{"floor":4,"key":"Ancient Potion"},{"floor":4,"key":"SpeedPotion"},{"floor":10,"key":"PowerPotion"},{"floor":12,"key":"Block Potion"},{"floor":16,"key":"Fire Potion"},{"floor":19,"key":"Explosive Potion"},{"floor":23,"key":"Regen Potion"},{"floor":30,"key":"FairyPotion"},{"floor":33,"key":"EssenceOfSteel"},{"floor":36,"key":"Dexterity Potion"},{"floor":44,"key":"AttackPotion"},{"floor":45,"key":"Regen Potion"}],"is_trial":false,"path_per_floor":["M","M","M","?","M","R","M","E","T","M","$","E","?","M","R","B",null,"M","M","?","$","M","E","M","?","T","R","?","E","M","$","R","B",null,"M","M","?","?","M","R","$","T","T","M","E","R","M","?","R","B"],"character_chosen":"DEFECT","items_purchased":["Leap","Vajra","Blind","Defragment","Energy Potion"],"campfire_rested":2,"item_purchase_floors":[11,21,31,41,41],"current_hp_per_floor":[74,70,70,70,54,54,54,47,47,45,45,45,30,30,30,16,75,75,66,50,50,45,23,17,22,22,44,44,8,8,8,30,7,75,67,67,67,75,47,47,47,47,47,23,23,23,29,29,29,0],"gold":334,"neow_bonus":"TRANSFORM_TWO_CARDS","is_prod":false,"is_daily":false,"chose_seed":false,"campfire_upgraded":4,"win_rate":0,"timestamp":1548646915,"path_taken":["M","M","M","?","?","R","M","E","T","M","?","E","?","M","R","BOSS","M","M","?","$","M","E","M","?","T","R","?","E","M","?","R","BOSS","M","M","?","?","?","R","?","?","T","M","E","R","M","?","R","BOSS"],"build_version":"2019-01-23","purchased_purges":1,"victory":false,"max_hp_per_floor":[75,75,75,75,75,75,75,75,75,75,75,75,75,75,75,75,75,75,75,75,75,75,75,75,75,75,75,75,75,75,75,75,75,75,75,75,75,75,75,75,75,75,75,75,75,75,75,75,75,75],"card_choices":[{"not_picked":["Turbo","Barrage"],"picked":"Ball Lightning","floor":1},{"not_picked":["Coolheaded","Gash"],"picked":"Cold Snap","floor":2},{"not_picked":["Recycle","Redo"],"picked":"Conserve Battery","floor":3},{"not_picked":["Steam","Gash"],"picked":"Rebound","floor":5},{"not_picked":["Steam","Auto Shields"],"picked":"Scrape","floor":7},{"not_picked":["Sunder","Rebound"],"picked":"Reboot","floor":8},{"not_picked":["Storm","Force Field"],"picked":"Rebound","floor":10},{"not_picked":["Streamline","Rip and Tear"],"picked":"Conserve Battery","floor":12},{"not_picked":["Hologram","Stack"],"picked":"Machine Learning","floor":14},{"not_picked":["Thunder Strike","Amplify"],"picked":"Rainbow","floor":16},{"not_picked":["Turbo+1","Fusion"],"picked":"Ball Lightning","floor":18},{"not_picked":["Leap+1","Undo"],"picked":"Ball Lightning+1","floor":19},{"not_picked":["Hologram","Leap+1"],"picked":"Creative AI","floor":22},{"not_picked":["Go for the Eyes","Hello World"],"picked":"Conserve Battery+1","floor":23},{"not_picked":["Heatsinks","Beam Cell"],"picked":"Compile Driver","floor":24},{"not_picked":["Genetic Algorithm","Sweeping Beam"],"picked":"Tempest","floor":29},{"not_picked":["Consume","Leap"],"picked":"FTL","floor":30},{"not_picked":["Amplify","Meteor Strike"],"picked":"Fission","floor":33},{"not_picked":["Loop","Gash"],"picked":"Compile Driver+1","floor":35},{"not_picked":["Stack","Ball Lightning","Coolheaded"],"picked":"SKIP","floor":36},{"not_picked":["Stack","Compile Driver"],"picked":"Conserve Battery","floor":39},{"not_picked":["Steam","Ball Lightning+1"],"picked":"Chill","floor":44},{"not_picked":["Machine Learning","Hologram","Ball Lightning"],"picked":"SKIP","floor":45},{"not_picked":["Turbo+1","Chaos+1"],"picked":"White Noise","floor":47}],"player_experience":406835,"relics_obtained":[{"floor":8,"key":"Bottled Flame"},{"floor":9,"key":"Sundial"},{"floor":12,"key":"Pocketwatch"},{"floor":20,"key":"Enchiridion"},{"floor":23,"key":"Gremlin Horn"},{"floor":25,"key":"Red Mask"},{"floor":26,"key":"Bottled Tornado"},{"floor":29,"key":"Potion Belt"},{"floor":42,"key":"PreservedInsect"},{"floor":45,"key":"Pen Nib"}],"event_choices":[{"damage_healed":0,"gold_gain":0,"player_choice":"Got Potions","damage_taken":0,"max_hp_gain":0,"max_hp_loss":0,"event_name":"Lab","floor":4,"gold_loss":0},{"damage_healed":0,"gold_gain":0,"player_choice":"Entered Light","damage_taken":15,"max_hp_gain":0,"max_hp_loss":0,"event_name":"Shining Light","floor":13,"gold_loss":0,"cards_upgraded":["Rebound","Zap"]},{"damage_healed":0,"gold_gain":0,"player_choice":"Obtained Book","damage_taken":16,"max_hp_gain":0,"max_hp_loss":0,"event_name":"Cursed Tome","floor":20,"gold_loss":0},{"damage_healed":0,"gold_gain":0,"player_choice":"Fought Bandits","damage_taken":0,"max_hp_gain":0,"max_hp_loss":0,"event_name":"Masked Bandits","floor":25,"gold_loss":0},{"cards_removed":["Decay"],"damage_healed":0,"gold_gain":0,"player_choice":"Gave Gold","damage_taken":0,"max_hp_gain":0,"max_hp_loss":0,"event_name":"Beggar","floor":28,"gold_loss":75},{"damage_healed":0,"gold_gain":0,"player_choice":"Memory 1","damage_taken":0,"max_hp_gain":0,"max_hp_loss":0,"event_name":"SensoryStone","floor":37,"gold_loss":0},{"damage_healed":8,"gold_gain":0,"player_choice":"Full Heal","damage_taken":0,"max_hp_gain":0,"max_hp_loss":0,"event_name":"Wheel of Change","floor":38,"gold_loss":0},{"damage_healed":0,"gold_gain":222,"player_choice":"Wore Mask","damage_taken":0,"max_hp_gain":0,"max_hp_loss":0,"event_name":"Tomb of Lord Red Mask","floor":48,"gold_loss":0}],"is_beta":true,"boss_relics":[{"not_picked":["Busted Crown","Tiny House"],"picked":"Cursed Key"},{"not_picked":["Sozu","Empty Cage"],"picked":"Astrolabe"}],"items_purged_floors":[11],"is_endless":false,"potions_floor_spawned":[7,10,12,16,19,23,30,33,36,44,45],"killed_by":"Time Eater","ascension_level":0}