{"gold_per_floor":[114,129,144,43,43,43,43,43,43,58,58,8,38,53,53,153,153,168,60,75,75,90,90,90,105,130,130,160,160],"floor_reached":29,"playtime":1808,"items_purged":["Grand Finale"],"score":268,"play_id":"7361394d-33cd-491f-aaa9-038215f2c4cf","local_time":"20190623200318","daily_mods":["Shiny","Green Cards","Night Terrors"],"is_ascension_mode":false,"campfire_choices":[{"data":"Echo Form","floor":6,"key":"SMITH"},{"data":"Adrenaline","floor":8,"key":"SMITH"},{"data":"Double Energy","floor":15,"key":"SMITH"},{"data":"Seek","floor":23,"key":"SMITH"}],"neow_cost":"","seed_source_timestamp":1097008282926684,"circlet_count":0,"master_deck":["Corpse Explosion","Adrenaline+1","Wraith Form v2","Venomology","Malaise","Phantasmal Killer","Unload","Bullet Time","Die Die Die","Envenom","Doppelganger","Burst+1","Tools of the Trade","After Image","A Thousand Cuts+1","Night Terror","Storm of Steel","Glass Knife","Hyperbeam","Machine Learning","Buffer","All For One","Core Surge","Thunder Strike","Electrodynamics","Rainbow","Seek+1","Echo Form+1","Reboot","Fission","Biased Cognition","Meteor Strike","Amplify","Creative AI","Reprogram","Recycle","Outmaneuver","Conserve Battery","Bouncing Flask","Double Energy+1","Seek","Hello World","Genetic Algorithm","Writhe","Force Field+1","Hologram"],"special_seed":18070,"relics":["Cracked Core","Calipers","Smiling Mask","Philosopher\u0027s Stone","Nloth\u0027s Gift","Oddly Smooth Stone","Vajra"],"potions_floor_usage":[2,2,2,13,16,18,22,28,28,29],"damage_taken":[{"damage":11,"enemies":"Jaw Worm","floor":1,"turns":2},{"damage":0,"enemies":"Cultist","floor":2,"turns":3},{"damage":0,"enemies":"2 Louse","floor":3,"turns":2},{"damage":0,"enemies":"Looter","floor":10,"turns":3},{"damage":5,"enemies":"3 Sentries","floor":13,"turns":2},{"damage":4,"enemies":"2 Fungi Beasts","floor":14,"turns":3},{"damage":15,"enemies":"The Guardian","floor":16,"turns":8},{"damage":40,"enemies":"2 Thieves","floor":18,"turns":4},{"damage":0,"enemies":"Chosen","floor":20,"turns":4},{"damage":0,"enemies":"Sentry and Sphere","floor":22,"turns":5},{"damage":19,"enemies":"Shelled Parasite and Fungi","floor":25,"turns":3},{"damage":14,"enemies":"Slavers","floor":28,"turns":3},{"damage":2,"enemies":"3 Cultists","floor":29,"turns":2}],"seed_played":"-1843096681485004276","potions_obtained":[{"floor":3,"key":"AttackPotion"},{"floor":5,"key":"SkillPotion"},{"floor":16,"key":"Swift Potion"},{"floor":20,"key":"PowerPotion"},{"floor":28,"key":"SteroidPotion"}],"is_trial":false,"path_per_floor":["M","M","M","$","?","R","$","R","T","M","?","?","E","M","R","B",null,"M","$","M","?","M","R","?","M","T","$","E","M"],"character_chosen":"DEFECT","items_purchased":["Conserve Battery","Hello World","Genetic Algorithm"],"campfire_rested":0,"item_purchase_floors":[4,19,19],"current_hp_per_floor":[64,73,73,73,73,73,73,73,73,73,58,58,53,49,49,34,75,35,35,35,35,35,35,35,16,16,16,2,0],"gold":160,"neow_bonus":"","is_prod":false,"is_daily":true,"chose_seed":false,"campfire_upgraded":4,"win_rate":0,"timestamp":1561334598,"path_taken":["M","M","M","$","?","R","?","R","T","?","?","?","E","M","R","BOSS","M","$","M","?","M","R","?","M","T","$","E","M"],"build_version":"2019-01-23","purchased_purges":1,"victory":false,"max_hp_per_floor":[75,75,75,75,75,75,75,75,75,75,75,75,75,75,75,75,75,75,75,75,75,75,75,75,75,75,75,75,75],"card_choices":[{"not_picked":["Coolheaded","Finisher"],"picked":"Reprogram","floor":1},{"not_picked":["Hologram","Scrape"],"picked":"Recycle","floor":2},{"not_picked":["Caltrops","Eviscerate"],"picked":"Outmaneuver","floor":3},{"not_picked":["Rebound","Escape Plan"],"picked":"Bouncing Flask","floor":10},{"not_picked":["Bullet Time","Dagger Spray","Skewer"],"picked":"SKIP","floor":13},{"not_picked":["Masterful Stab","Tactician"],"picked":"Double Energy","floor":14},{"not_picked":["All For One","Unload"],"picked":"Seek","floor":16},{"not_picked":["Heel Hook+1","Dagger Throw","Blade Dance"],"picked":"SKIP","floor":18},{"not_picked":["Deadly Poison","Compile Driver","Blade Dance"],"picked":"SKIP","floor":20},{"not_picked":["Dagger Spray","Leap+1"],"picked":"Force Field+1","floor":22},{"not_picked":["Masterful Stab+1","Envenom"],"picked":"Hologram","floor":25},{"not_picked":["Compile Driver","All For One","Die Die Die"],"picked":"SKIP","floor":28}],"player_experience":550380,"relics_obtained":[{"floor":9,"key":"Calipers"},{"floor":13,"key":"Smiling Mask"},{"floor":26,"key":"Oddly Smooth Stone"},{"floor":28,"key":"Vajra"}],"event_choices":[{"damage_healed":0,"gold_gain":0,"player_choice":"Got Potions","damage_taken":0,"max_hp_gain":0,"max_hp_loss":0,"event_name":"Lab","floor":5,"gold_loss":0},{"damage_healed":0,"gold_gain":0,"player_choice":"Entered Light","damage_taken":15,"max_hp_gain":0,"max_hp_loss":0,"event_name":"Shining Light","floor":11,"gold_loss":0,"cards_upgraded":["Burst","A Thousand Cuts"]},{"cards_removed":["Multi-Cast"],"damage_healed":0,"gold_gain":0,"player_choice":"Card Removal","damage_taken":0,"max_hp_gain":0,"max_hp_loss":0,"event_name":"The Cleric","floor":12,"gold_loss":50},{"damage_healed":0,"gold_gain":0,"player_choice":"Opened","damage_taken":0,"relics_obtained":["Matryoshka"],"max_hp_gain":0,"max_hp_loss":0,"event_name":"The Mausoleum","floor":21,"gold_loss":0,"cards_obtained":["Writhe"]},{"damage_healed":0,"gold_gain":0,"player_choice":"Traded Relic","damage_taken":0,"relics_obtained":["Nloth\u0027s Gift"],"max_hp_gain":0,"max_hp_loss":0,"event_name":"N\u0027loth","floor":24,"relics_lost":["Matryoshka"],"gold_loss":0}],"is_beta":false,"boss_relics":[{"not_picked":["Runic Pyramid","Astrolabe"],"picked":"Philosopher\u0027s Stone"}],"items_purged_floors":[4],"is_endless":false,"potions_floor_spawned":[3,10,16,20,28],"killed_by":"3 Cultists","ascension_level":0}