{"gold_per_floor":[117,117,117,7,18,48,48,48,48,128,128,146,146,164,164,267,267,233,0,0,0,10,42,42,57,82,82,82],"floor_reached":28,"playtime":1394,"items_purged":["Regret"],"score":234,"play_id":"e767f8c6-9334-454b-82d8-04591fa975d4","local_time":"20190203173407","is_ascension_mode":false,"campfire_choices":[{"data":"Go for the Eyes","floor":11,"key":"SMITH"},{"floor":15,"key":"REST"},{"floor":24,"key":"REST"},{"data":"Zap","floor":27,"key":"SMITH"}],"neow_cost":"NONE","seed_source_timestamp":546216423027888,"circlet_count":0,"master_deck":["Strike_B+1","Strike_B+1","Defend_B","Defend_B","Zap+1","Dualcast","Go for the Eyes","Recycle+1","Genetic Algorithm","Go for the Eyes+1","Self Repair","Leap","Seek","Conserve Battery+1","Thunder Strike+1","Rebound+1","Defragment","Storm","Fusion+1","Biased Cognition"],"relics":["Cracked Core","Boot","Unceasing Top","Juzu Bracelet","Nunchaku","Bottled Flame","Astrolabe","Membership Card","Meat on the Bone","Whetstone"],"potions_floor_usage":[6,6,16,22],"damage_taken":[{"damage":5,"enemies":"Small Slimes","floor":1,"turns":3},{"damage":1,"enemies":"Jaw Worm","floor":5,"turns":3},{"damage":33,"enemies":"Gremlin Nob","floor":6,"turns":5},{"damage":1,"enemies":"Cultist","floor":12,"turns":3},{"damage":18,"enemies":"3 Louse","floor":14,"turns":3},{"damage":38,"enemies":"Hexaghost","floor":16,"turns":12},{"damage":13,"enemies":"2 Thieves","floor":18,"turns":5},{"damage":14,"enemies":"Spheric Guardian","floor":22,"turns":4},{"damage":49,"enemies":"Gremlin Leader","floor":23,"turns":8},{"damage":33,"enemies":"Snake Plant","floor":25,"turns":6},{"damage":31,"enemies":"Cultist and Chosen","floor":28,"turns":4}],"seed_played":"-1611647171063476119","potions_obtained":[{"floor":1,"key":"Block Potion"},{"floor":5,"key":"Strength Potion"},{"floor":6,"key":"LiquidBronze"},{"floor":18,"key":"Swift Potion"},{"floor":22,"key":"SpeedPotion"}],"is_trial":false,"path_per_floor":["M","?","?","$","M","E","$","?","T","T","R","M","?","M","R","B",null,"M","$","?","?","M","E","R","M","T","R","M"],"character_chosen":"DEFECT","items_purchased":["Recycle","Membership Card","Defragment"],"campfire_rested":2,"item_purchase_floors":[4,19,19],"current_hp_per_floor":[70,70,70,70,69,36,36,36,36,36,36,35,28,17,39,8,75,69,69,69,69,62,20,42,28,28,28,0],"gold":82,"neow_bonus":"RANDOM_COMMON_RELIC","is_prod":false,"is_daily":false,"chose_seed":false,"campfire_upgraded":2,"win_rate":1,"timestamp":1549182847,"path_taken":["M","?","?","$","M","E","$","?","T","?","R","M","?","M","R","BOSS","M","$","?","?","M","E","R","M","T","R","M"],"build_version":"2019-01-23","purchased_purges":1,"victory":false,"max_hp_per_floor":[75,75,75,75,75,75,75,75,75,75,75,75,75,75,75,75,75,75,75,75,75,75,75,75,75,75,75,75],"card_choices":[{"not_picked":["Chaos","Stack"],"picked":"Go for the Eyes","floor":1},{"not_picked":["Hologram","Consume"],"picked":"Genetic Algorithm","floor":5},{"not_picked":["Stack","Beam Cell"],"picked":"Go for the Eyes","floor":6},{"not_picked":["Static Discharge","Barrage"],"picked":"Self Repair","floor":12},{"not_picked":["Compile Driver","Heatsinks"],"picked":"Leap","floor":14},{"not_picked":["All For One","Thunder Strike"],"picked":"Seek","floor":16},{"not_picked":["Sweeping Beam","Turbo","Streamline+1"],"picked":"SKIP","floor":18},{"not_picked":["Barrage","Compile Driver","Sweeping Beam"],"picked":"SKIP","floor":22},{"not_picked":["Melter","Sweeping Beam"],"picked":"Fusion+1","floor":23},{"not_picked":["Hologram+1","Leap"],"picked":"Biased Cognition","floor":25}],"player_experience":107285,"relics_obtained":[{"floor":6,"key":"Juzu Bracelet"},{"floor":9,"key":"Nunchaku"},{"floor":10,"key":"Bottled Flame"},{"floor":23,"key":"Meat on the Bone"},{"floor":26,"key":"Whetstone"}],"event_choices":[{"damage_healed":0,"gold_gain":0,"player_choice":"Box","damage_taken":0,"relics_obtained":["Unceasing Top"],"max_hp_gain":0,"max_hp_loss":0,"event_name":"Big Fish","floor":2,"gold_loss":0,"cards_obtained":["Regret"]},{"damage_healed":0,"gold_gain":0,"player_choice":"Leave","damage_taken":0,"max_hp_gain":0,"max_hp_loss":0,"event_name":"The Cleric","floor":3,"gold_loss":0},{"damage_healed":0,"gold_gain":0,"player_choice":"Upgraded","damage_taken":0,"max_hp_gain":0,"max_hp_loss":0,"event_name":"Upgrade Shrine","floor":8,"gold_loss":0,"cards_upgraded":["Recycle"]},{"cards_removed":["Strike_B"],"damage_healed":0,"gold_gain":0,"player_choice":"Card Removal","damage_taken":7,"max_hp_gain":0,"max_hp_loss":0,"event_name":"Golden Wing","floor":13,"gold_loss":0},{"damage_healed":0,"gold_gain":0,"player_choice":"Read","damage_taken":0,"max_hp_gain":0,"max_hp_loss":0,"event_name":"The Library","floor":20,"gold_loss":0,"cards_obtained":["Storm"]}],"is_beta":false,"boss_relics":[{"not_picked":["Runic Pyramid","Runic Dome"],"picked":"Astrolabe"}],"items_purged_floors":[4],"is_endless":false,"potions_floor_spawned":[1,5,6,18,22],"killed_by":"Cultist and Chosen","ascension_level":0}