{"gold_per_floor":[117,67,142,192,117,117,149,149,195,226,238,30,30,45,45,141,141,158,158,171,184,29,29,60,60,132,132,151,26,39,51,51,150,150,169,169,180,199,49,49,62,62,87,87,105,124,124,143,143,143],"floor_reached":51,"playtime":2915,"items_purged":["Defend_G","Strike_G","Strike_G","Doubt"],"score":717,"play_id":"29acdaf4-bf9d-4508-b8ce-5e0fb9dc946a","local_time":"20190202174905","is_ascension_mode":false,"campfire_choices":[{"data":"Survivor","floor":6.0,"key":"SMITH"},{"data":"Masterful Stab","floor":8.0,"key":"SMITH"},{"data":"Deadly Poison","floor":11.0,"key":"SMITH"},{"floor":15.0,"key":"REST"},{"data":"Envenom","floor":23.0,"key":"SMITH"},{"floor":25.0,"key":"REST"},{"floor":32,"key":"REST"},{"data":"Catalyst","floor":40,"key":"SMITH"},{"data":"Neutralize","floor":42,"key":"SMITH"},{"data":"Footwork","floor":44,"key":"SMITH"},{"data":"Footwork","floor":49,"key":"SMITH"}],"neow_cost":"NONE","seed_source_timestamp":459114017740941,"circlet_count":0,"master_deck":["Defend_G","Defend_G","Defend_G+1","Defend_G+1","Strike_G","Survivor+1","Neutralize+1","Deadly Poison+1","Masterful Stab+1","Deadly Poison","Footwork+1","Madness+1","Envenom+1","Backflip+1","Catalyst+1","Prepared","Neutralize+1","Wraith Form v2","Dodge and Roll+1","Footwork+1","Poisoned Stab","Adrenaline+1","Crippling Poison+1","Adrenaline+1","Doubt","Injury","Masterful Stab","Die Die Die","Crippling Poison+1","Crippling Poison+1","Dodge and Roll+1","Acrobatics+1","Madness+1","Madness+1"],"special_seed":0,"relics":["Ring of the Snake","Potion Belt","Bottled Flame","MawBank","Sozu","Snake Skull","Vajra","Toxic Egg 2","Calling Bell","Art of War","Paper Crane","Ice Cream"],"potions_floor_usage":[50],"damage_taken":[{"damage":1.0,"enemies":"Cultist","floor":1.0,"turns":4.0},{"damage":13.0,"enemies":"Lagavulin","floor":7.0,"turns":8.0},{"damage":0.0,"enemies":"Small Slimes","floor":10.0,"turns":2.0},{"damage":0.0,"enemies":"Jaw Worm","floor":14.0,"turns":2.0},{"damage":45.0,"enemies":"Slime Boss","floor":16.0,"turns":16.0},{"damage":0.0,"enemies":"2 Thieves","floor":18.0,"turns":4.0},{"damage":13.0,"enemies":"3 Byrds","floor":20.0,"turns":6.0},{"damage":4.0,"enemies":"Shelled Parasite and Fungi","floor":21.0,"turns":5.0},{"damage":37.0,"enemies":"Book of Stabbing","floor":24.0,"turns":6.0},{"damage":9.0,"enemies":"Centurion and Healer","floor":28.0,"turns":6.0},{"damage":4,"enemies":"Sentry and Sphere","floor":30,"turns":7},{"damage":0,"enemies":"3 Cultists","floor":31,"turns":6},{"damage":0,"enemies":"Collector","floor":33,"turns":7},{"damage":0,"enemies":"Orb Walker","floor":35,"turns":2},{"damage":0,"enemies":"3 Shapes","floor":37,"turns":3},{"damage":0,"enemies":"Maw","floor":38,"turns":7},{"damage":0,"enemies":"4 Shapes","floor":41,"turns":3},{"damage":0,"enemies":"Jaw Worm Horde","floor":45,"turns":2},{"damage":0,"enemies":"Maw","floor":46,"turns":7},{"damage":0,"enemies":"4 Shapes","floor":48,"turns":4},{"damage":42,"enemies":"Time Eater","floor":50,"turns":13}],"seed_played":"1607006744797747779","potions_obtained":[{"floor":1.0,"key":"Fire Potion"},{"floor":10.0,"key":"LiquidBronze"},{"floor":14.0,"key":"Fire Potion"}],"is_trial":false,"path_per_floor":["M","?","?","T","$","R","E","R","T","M","R","$","?","M","R","B",null,"M","?","M","M","$","R","E","R","T","?","M","$","M","M","R","B",null,"M","?","M","M","$","R","M","R","T","R","M","M","?","M","R","B",null],"character_chosen":"THE_SILENT","items_purchased":["Footwork","Madness","Snake Skull"],"campfire_rested":3,"item_purchase_floors":[12,12,22],"current_hp_per_floor":[69,69,58,58,58,58,45,45,45,45,45,45,31,31,52,7,70,70,70,57,53,53,53,16,37,37,37,28,28,24,24,45,45,70,70,70,70,70,70,70,70,70,70,70,70,70,61,61,61,19],"gold":143,"neow_bonus":"UPGRADE_CARD","is_prod":false,"is_daily":false,"chose_seed":false,"campfire_upgraded":8,"win_rate":0,"timestamp":1549097345,"path_taken":["M","?","?","?","?","R","E","R","T","?","R","$","?","M","R","BOSS","M","?","?","M","$","R","E","R","T","?","M","?","M","M","R","BOSS","M","?","M","M","$","R","M","R","T","R","M","?","?","M","R","BOSS"],"build_version":"2019-01-23","purchased_purges":4,"victory":true,"max_hp_per_floor":[70,70,70,70,70,70,70,70,70,70,70,70,70,70,70,70,70,70,70,70,70,70,70,70,70,70,70,70,70,70,70,70,70,70,70,70,70,70,70,70,70,70,70,70,70,70,70,70,70,70],"card_choices":[{"not_picked":["Eviscerate","Dagger Spray"],"picked":"Deadly Poison","floor":1.0},{"not_picked":["Doppelganger","Infinite Blades"],"picked":"Masterful Stab","floor":7.0},{"not_picked":["Cloak And Dagger","Predator"],"picked":"Deadly Poison","floor":10.0},{"not_picked":["Accuracy","All Out Attack","Prepared"],"picked":"SKIP","floor":14.0},{"not_picked":["Burst","Storm of Steel"],"picked":"Envenom","floor":16.0},{"not_picked":["Cloak And Dagger+1","Escape Plan"],"picked":"Backflip+1","floor":18.0},{"not_picked":["Underhanded Strike","Outmaneuver"],"picked":"Dodge and Roll+1","floor":20.0},{"not_picked":["Blade Dance","Underhanded Strike","Crippling Poison"],"picked":"SKIP","floor":21.0},{"not_picked":["Acrobatics","Underhanded Strike"],"picked":"Footwork","floor":24.0},{"not_picked":["Flying Knee","Sucker Punch"],"picked":"Poisoned Stab","floor":28.0},{"not_picked":["Bouncing Flask+1","Dodge and Roll+1"],"picked":"Adrenaline+1","floor":30},{"not_picked":["Flechettes","Dagger Spray"],"picked":"Crippling Poison+1","floor":31},{"not_picked":["Grand Finale","Envenom"],"picked":"Adrenaline+1","floor":33},{"not_picked":["Dash","Dagger Spray+1"],"picked":"Masterful Stab","floor":35},{"not_picked":["Flying Knee+1","Dodge and Roll+1"],"picked":"Crippling Poison+1","floor":37},{"not_picked":["Dagger Throw+1","Blade Dance+1"],"picked":"Crippling Poison+1","floor":38},{"not_picked":["Calculated Gamble+1","Distraction+1"],"picked":"Dodge and Roll+1","floor":41},{"not_picked":["Accuracy+1","Underhanded Strike","Setup+1"],"picked":"SKIP","floor":45},{"not_picked":["Well Laid Plans+1","Cloak And Dagger+1"],"picked":"Acrobatics+1","floor":46},{"not_picked":["Underhanded Strike","Bane+1","Slice"],"picked":"SKIP","floor":48}],"player_experience":86899,"relics_obtained":[{"floor":4.0,"key":"Potion Belt"},{"floor":7.0,"key":"Bottled Flame"},{"floor":9.0,"key":"MawBank"},{"floor":24.0,"key":"Vajra"},{"floor":26.0,"key":"Toxic Egg 2"},{"floor":34,"key":"Art of War"},{"floor":34,"key":"Paper Crane"},{"floor":34,"key":"Ice Cream"}],"event_choices":[{"cards_removed":["Strike_G"],"damage_healed":0.0,"max_hp_gain":0.0,"max_hp_loss":0.0,"gold_gain":0.0,"event_name":"The Cleric","player_choice":"Card Removal","floor":2.0,"gold_loss":50.0,"damage_taken":0.0},{"damage_healed":0.0,"max_hp_gain":0.0,"max_hp_loss":0.0,"gold_gain":75.0,"event_name":"World of Goop","player_choice":"Gather Gold","floor":3.0,"gold_loss":0.0,"damage_taken":11.0},{"damage_healed":0.0,"max_hp_gain":0.0,"max_hp_loss":0.0,"gold_gain":0.0,"event_name":"Shining Light","player_choice":"Entered Light","floor":13.0,"gold_loss":0.0,"damage_taken":14.0,"cards_upgraded":["Defend_G","Defend_G"]},{"damage_healed":0.0,"max_hp_gain":0.0,"max_hp_loss":0.0,"gold_gain":0.0,"event_name":"Match and Keep!","player_choice":"4 cards matched","floor":19.0,"gold_loss":0.0,"damage_taken":0.0,"cards_obtained":["Catalyst","Prepared","Neutralize","Wraith Form v2"]},{"damage_healed":0.0,"max_hp_gain":0.0,"max_hp_loss":0.0,"gold_gain":0.0,"event_name":"Accursed Blacksmith","player_choice":"Forge","floor":27.0,"gold_loss":0.0,"damage_taken":0.0,"cards_upgraded":["Madness"]},{"damage_healed":0,"gold_gain":0,"cards_transformed":["Strike_G"],"player_choice":"Transformed","damage_taken":0,"max_hp_gain":0,"max_hp_loss":0,"event_name":"Transmorgrifier","floor":36,"gold_loss":0,"cards_obtained":["Die Die Die"]},{"damage_healed":0,"gold_gain":0,"player_choice":"Embrace Madness","damage_taken":9,"max_hp_gain":0,"max_hp_loss":0,"event_name":"Winding Halls","floor":47,"gold_loss":0,"cards_obtained":["Madness","Madness"]}],"is_beta":false,"boss_relics":[{"not_picked":["Runic Pyramid","Lizard Tail"],"picked":"Sozu"},{"not_picked":["Fusion Hammer","Eternal Feather"],"picked":"Calling Bell"}],"items_purged_floors":[5,12,29,39],"is_endless":false,"potions_floor_spawned":[1,10,14,18,21,30,33,37,46,48],"ascension_level":0}