{"path_per_floor":["M","M","M","$","M","R","E","M","T","E","R","M","?","$","R"],"character_chosen":"THE_SILENT","items_purchased":["Infinite Blades","Dream Catcher","Energy Potion"],"gold_per_floor":[114,129,147,76,94,94,120,137,160,185,185,197,197,2,2],"floor_reached":16,"campfire_rested":2,"playtime":1206,"current_hp_per_floor":[68,68,65,65,47,47,25,25,25,2,23,23,20,20,41],"items_purged":[],"gold":2,"play_id":"26486545-0a83-492c-b796-072a5a6a3bcc","is_prod":false,"is_daily":false,"is_ascension_mode":true,"campfire_upgraded":1,"path_taken":["M","M","M","$","M","R","E","M","T","E","R","M","?","$","R","BOSS"],"build_version":"2018-01-30-BETA2","purchased_purges":0,"victory":false,"master_deck":["Defend_G","Defend_G","Defend_G","Defend_G","Defend_G","Strike_G","Strike_G+1","Strike_G+1","Strike_G","Strike_G","Survivor","Neutralize","Dagger Throw","Deflect","Endless Agony","Infinite Blades+1","Flying Knee","Heel Hook","Backstab","Blur","Heel Hook","Backflip"],"max_hp_per_floor":[70,70,70,70,70,70,70,70,70,70,70,70,70,70,70],"relics":["Ring of the Snake","Orichalcum","Bottled Flame","Prayer Wheel","Whetstone","Blood Vial","Dream Catcher"],"card_choices":[{"not_picked":["Flechettes","Sucker Punch"],"picked":"Dagger Throw"},{"not_picked":["Dash","Outmaneuver"],"picked":"Deflect"},{"not_picked":["Bane","Quick Slash"],"picked":"Endless Agony"},{"not_picked":["Blade Dance","Backflip"],"picked":"Flying Knee"},{"not_picked":["Masterful Stab","Prepared"],"picked":"Heel Hook"},{"not_picked":["Glass Knife","Skewer"],"picked":"Backstab"},{"not_picked":["Leg Sweep","Underhanded Strike"],"picked":"Blur"},{"not_picked":["Bane","Footwork"],"picked":"Heel Hook"},{"not_picked":["Blade Dance","Deflect"],"picked":"Backflip"}],"player_experience":33320,"potions_floor_usage":[2,5,12,16],"damage_taken":[{"damage":2,"enemies":"Jaw Worm","floor":1,"turns":3},{"damage":0,"enemies":"2 Louse","floor":2,"turns":1},{"damage":3,"enemies":"Small Slimes","floor":3,"turns":3},{"damage":18,"enemies":"Exordium Thugs","floor":5,"turns":5},{"damage":22,"enemies":"3 Sentries","floor":7,"turns":7},{"damage":0,"enemies":"2 Fungi Beasts","floor":8,"turns":3},{"damage":23,"enemies":"Lagavulin","floor":10,"turns":6},{"damage":0,"enemies":"Red Slaver","floor":12,"turns":1},{"damage":43,"enemies":"Hexaghost","floor":16,"turns":12}],"event_choices":[{"event_name":"Scrap Ooze","player_choice":"success","floor":13,"damage_taken":3}],"boss_relics":[],"potions_floor_spawned":[1,3,10],"seed_played":"4633547725964458428","killed_by":"Hexaghost","ascension_level":2,"is_trial":false}