{"gold_per_floor":[113,126,126,126,136,136,0,0,76,94,111,111,126,136,136,240,240,251,251,26,100,100,100,112,112,139,172,187,203,217,249,249,349,349,360,360,32,42,42,42,42,56,56,56,0,100,112,126,126,126],"floor_reached":51,"playtime":2367,"items_purged":["Defend_B","Strike_B"],"score":779,"play_id":"ebeafa58-4f9c-41c4-9c0e-f97b984eea3c","local_time":"20190911112941","is_ascension_mode":false,"campfire_choices":[{"data":"Dualcast","floor":6,"key":"SMITH"},{"data":"Buffer","floor":8,"key":"SMITH"},{"data":"Conserve Battery","floor":15,"key":"SMITH"},{"data":"Go for the Eyes","floor":23,"key":"SMITH"},{"data":"Heatsinks","floor":25,"key":"SMITH"},{"data":"Lockon","floor":32,"key":"SMITH"},{"data":"Storm","floor":40,"key":"SMITH"},{"data":"Madness","floor":44,"key":"SMITH"},{"data":"Madness","floor":49,"key":"SMITH"}],"neow_cost":"NONE","seed_source_timestamp":55312783071100,"circlet_count":0,"master_deck":["Strike_B+1","Strike_B","Defend_B+1","Defend_B","Defend_B","Zap+1","Dualcast+1","Cold Snap","Ball Lightning","Go for the Eyes+1","Buffer+1","Ball Lightning","Leap","Conserve Battery+1","Electrodynamics","Stack+1","Buffer+1","Heatsinks+1","Lockon+1","Melter","Storm+1","Madness+1","Madness+1","Recycle+1"],"relics":["Cracked Core","Ornamental Fan","Inserter","DataDisk","Symbiotic Virus","Enchiridion","Vajra","TungstenRod","Bottled Flame","SlaversCollar","Art of War","Regal Pillow","Red Mask","Lizard Tail"],"potions_floor_usage":[16,18,18,27,28,46,50,50],"damage_taken":[{"damage":5,"enemies":"Small Slimes","floor":1,"turns":3},{"damage":0,"enemies":"2 Louse","floor":2,"turns":2},{"damage":0,"enemies":"Cultist","floor":5,"turns":3},{"damage":6,"enemies":"Blue Slaver","floor":10,"turns":2},{"damage":4,"enemies":"Gremlin Gang","floor":11,"turns":4},{"damage":1,"enemies":"Looter","floor":13,"turns":3},{"damage":0,"enemies":"Exordium Thugs","floor":14,"turns":4},{"damage":0,"enemies":"The Guardian","floor":16,"turns":12},{"damage":0,"enemies":"2 Thieves","floor":18,"turns":3},{"damage":0,"enemies":"3 Byrds","floor":24,"turns":2},{"damage":19,"enemies":"Slavers","floor":27,"turns":4},{"damage":0,"enemies":"3 Cultists","floor":28,"turns":4},{"damage":0,"enemies":"Snake Plant","floor":29,"turns":4},{"damage":0,"enemies":"Snecko","floor":30,"turns":4},{"damage":9,"enemies":"Gremlin Leader","floor":31,"turns":5},{"damage":0,"enemies":"Champ","floor":33,"turns":9},{"damage":4,"enemies":"3 Shapes","floor":35,"turns":5},{"damage":0,"enemies":"3 Darklings","floor":38,"turns":5},{"damage":11,"enemies":"Spire Growth","floor":42,"turns":4},{"damage":0,"enemies":"Mind Bloom Boss Battle","floor":46,"turns":5},{"damage":0,"enemies":"Maw","floor":47,"turns":5},{"damage":0,"enemies":"Writhing Mass","floor":48,"turns":5},{"damage":68,"enemies":"Time Eater","floor":50,"turns":10}],"seed_played":"-2457337564398542967","potions_obtained":[{"floor":1,"key":"Dexterity Potion"},{"floor":2,"key":"DuplicationPotion"},{"floor":10,"key":"FearPotion"},{"floor":16,"key":"AttackPotion"},{"floor":24,"key":"Block Potion"},{"floor":27,"key":"Regen Potion"},{"floor":28,"key":"PowerPotion"},{"floor":33,"key":"GamblersBrew"},{"floor":42,"key":"Block Potion"},{"floor":48,"key":"SpeedPotion"}],"is_trial":false,"path_per_floor":["M","M","?","?","M","R","$","R","T","M","M","?","M","M","R","B",null,"M","?","$","T","?","R","M","R","T","E","M","M","M","E","R","B",null,"M","?","$","M","$","R","?","M","T","R","?","?","M","M","R","B",null],"character_chosen":"DEFECT","items_purchased":["Buffer","DataDisk","Art of War","Storm"],"campfire_rested":0,"item_purchase_floors":[7,20,37,37],"current_hp_per_floor":[70,70,55,55,55,55,55,55,55,49,45,38,37,37,37,37,75,75,75,75,75,59,59,59,59,59,40,52,52,52,43,43,43,75,71,71,71,71,71,71,62,51,51,51,51,51,51,51,51,37],"gold":126,"neow_bonus":"UPGRADE_CARD","is_prod":false,"is_daily":false,"chose_seed":false,"campfire_upgraded":9,"win_rate":0,"timestamp":1568168981,"path_taken":["M","M","?","?","M","R","$","R","T","?","M","?","?","M","R","BOSS","M","?","$","?","?","R","?","R","T","E","M","M","M","E","R","BOSS","M","?","$","M","$","R","?","M","T","R","?","?","?","M","R","BOSS"],"build_version":"2019-09-10","purchased_purges":2,"victory":true,"max_hp_per_floor":[75,75,75,75,75,75,75,75,75,75,75,75,75,75,75,75,75,75,75,75,75,75,75,75,75,75,75,75,75,75,75,75,75,75,75,75,75,75,75,75,75,75,75,75,75,75,75,75,75,75],"card_choices":[{"not_picked":["Chill","Lockon"],"picked":"Cold Snap","floor":1},{"not_picked":["Go for the Eyes","Hologram"],"picked":"Ball Lightning","floor":2},{"not_picked":["Tempest","Sweeping Beam"],"picked":"Go for the Eyes","floor":5},{"not_picked":["Coolheaded","Undo"],"picked":"Ball Lightning","floor":10},{"not_picked":["Capacitor","Sunder"],"picked":"Leap","floor":11},{"not_picked":["Skim","Coolheaded","Redo"],"picked":"SKIP","floor":13},{"not_picked":["Thunder Strike","Ball Lightning"],"picked":"Conserve Battery","floor":14},{"not_picked":["Amplify","Biased Cognition"],"picked":"Electrodynamics","floor":16},{"not_picked":["Reprogram","Turbo"],"picked":"Stack+1","floor":18},{"not_picked":["Ball Lightning+1","Fusion"],"picked":"Heatsinks","floor":24},{"not_picked":["Skim","Ball Lightning"],"picked":"Lockon","floor":27},{"not_picked":["Hello World","Skim","Blizzard+1"],"picked":"SKIP","floor":28},{"not_picked":["Sunder","Barrage","Fusion"],"picked":"SKIP","floor":29},{"not_picked":["Hello World","Undo","Redo"],"picked":"SKIP","floor":30},{"not_picked":["Conserve Battery+1","Auto Shields+1"],"picked":"Melter","floor":31},{"not_picked":["Coolheaded+1","Lockon","Aggregate"],"picked":"SKIP","floor":35},{"not_picked":["Gash+1","Rebound","Heatsinks+1"],"picked":"SKIP","floor":38},{"not_picked":["Reprogram+1","Cold Snap+1","Steam+1"],"picked":"SKIP","floor":42},{"not_picked":["Double Energy+1","Leap+1"],"picked":"Recycle+1","floor":46},{"not_picked":["Leap+1","Beam Cell+1","Rebound"],"picked":"SKIP","floor":47},{"not_picked":["Compile Driver","Undo","Ball Lightning"],"picked":"SKIP","floor":48}],"player_experience":415612,"relics_obtained":[{"floor":9,"key":"Ornamental Fan"},{"floor":21,"key":"Symbiotic Virus"},{"floor":22,"key":"Enchiridion"},{"floor":26,"key":"Vajra"},{"floor":27,"key":"TungstenRod"},{"floor":31,"key":"Bottled Flame"},{"floor":43,"key":"Regal Pillow"},{"floor":46,"key":"Lizard Tail"}],"event_choices":[{"damage_healed":0,"gold_gain":0,"player_choice":"Entered Light","damage_taken":15,"max_hp_gain":0,"max_hp_loss":0,"event_name":"Shining Light","floor":3,"gold_loss":0,"cards_upgraded":["Defend_B","Strike_B"]},{"cards_removed":["Strike_B"],"damage_healed":0,"gold_gain":0,"player_choice":"Purged","damage_taken":0,"max_hp_gain":0,"max_hp_loss":0,"event_name":"Purifier","floor":4,"gold_loss":0},{"damage_healed":0,"gold_gain":0,"player_choice":"Damaged","damage_taken":7,"max_hp_gain":0,"max_hp_loss":0,"event_name":"Wheel of Change","floor":12,"gold_loss":0},{"damage_healed":0,"gold_gain":0,"player_choice":"Copied","damage_taken":0,"max_hp_gain":0,"max_hp_loss":0,"event_name":"Duplicator","floor":19,"gold_loss":0,"cards_obtained":["Buffer"]},{"damage_healed":0,"gold_gain":0,"player_choice":"Obtained Book","damage_taken":16,"max_hp_gain":0,"max_hp_loss":0,"event_name":"Cursed Tome","floor":22,"gold_loss":0},{"damage_healed":0,"gold_gain":0,"player_choice":"Ignored","damage_taken":0,"max_hp_gain":0,"max_hp_loss":0,"event_name":"Mysterious Sphere","floor":36,"gold_loss":0},{"damage_healed":0,"gold_gain":0,"player_choice":"Embrace Madness","damage_taken":9,"max_hp_gain":0,"max_hp_loss":0,"event_name":"Winding Halls","floor":41,"gold_loss":0,"cards_obtained":["Madness","Madness"]},{"damage_healed":0,"gold_gain":0,"player_choice":"Paid","damage_taken":0,"relics_obtained":["Red Mask"],"max_hp_gain":0,"max_hp_loss":0,"event_name":"Tomb of Lord Red Mask","floor":45,"gold_loss":56},{"damage_healed":0,"gold_gain":0,"player_choice":"Fight","damage_taken":0,"max_hp_gain":0,"max_hp_loss":0,"event_name":"MindBloom","floor":46,"gold_loss":0}],"is_beta":true,"boss_relics":[{"not_picked":["Runic Pyramid","Fusion Hammer"],"picked":"Inserter"},{"not_picked":["Black Star","Tiny House"],"picked":"SlaversCollar"}],"items_purged_floors":[20,37],"is_endless":false,"potions_floor_spawned":[1,2,10,16,24,27,28,33,35,42,48],"ascension_level":0}