{"path_per_floor":["M","M","?","$","M","E","R","E","T","R","M","?","R","$","R","B",null,"M","$","T","?","M","R","M","R","T","R","M","M","E","M","R","B",null,"M","?","M","T","M","R","M","M","T","$","M","M","E","$","R","B"],"character_chosen":"THE_SILENT","items_purchased":["Backstab","Dream Catcher","Block Potion","Paper Crane","Calculated Gamble"],"gold_per_floor":[109,121,121,8,18,49,49,76,125,125,137,196,196,3,3,106,106,120,20,20,20,25,25,41,41,41,41,52,68,97,117,117,217,217,235,235,248,248,268,268,281,293,293,32,51,61,93,15,15,15],"floor_reached":51,"campfire_rested":1,"playtime":4454,"current_hp_per_floor":[70,70,70,70,70,53,53,25,25,25,27,27,27,27,50,18,76,76,76,76,76,78,78,80,80,80,80,79,79,64,64,64,56,84,81,71,62,62,64,64,66,66,68,68,65,62,63,63,63,63],"items_purged":["Strike_G","Defend_G"],"gold":15,"play_id":"3eeec7dc-1176-45ff-bb0a-e91e12b75851","is_prod":false,"is_daily":false,"is_ascension_mode":false,"campfire_upgraded":8,"path_taken":["M","M","?","$","M","E","R","E","T","R","M","?","R","$","R","BOSS","M","$","?","?","M","R","M","R","T","R","?","?","E","M","R","BOSS","M","?","?","?","M","R","?","M","T","$","M","M","E","?","R","BOSS"],"build_version":"2018-01-30-BETA2","purchased_purges":2,"victory":true,"master_deck":["Defend_G","Strike_G+1","Strike_G+1","Survivor","Neutralize","Slice+1","Dagger Throw+1","Backstab","Doppelganger+1","Backflip+1","Backflip+1","Calculated Gamble+1","Deflect+1","Cloak And Dagger+1","Underhanded Strike","Sucker Punch+1","Eviscerate+1","Leg Sweep+1","PiercingWail+1","Unload+1","Dagger Throw+1","Madness+1","Madness","Backflip+1","Cloak And Dagger+1","Flying Knee+1","Prepared+1","Calculated Gamble"],"max_hp_per_floor":[70,70,70,70,70,70,70,70,70,70,72,72,72,72,74,76,76,76,76,76,76,78,78,80,80,80,80,82,82,82,82,82,84,84,84,84,84,84,86,86,88,88,90,90,90,92,94,94,94,94],"relics":["Ring of the Snake","NeowsBlessing","Matryoshka","Singing Bowl","Prayer Wheel","Whetstone","Tough Bandages","Dream Catcher","Sozu","Oddly Smooth Stone","Peace Pipe","Tingsha","Orichalcum","Astrolabe","Anchor","Vajra","Paper Crane","Mummified Hand"],"card_choices":[{"not_picked":["Sucker Punch","Dagger Throw"],"picked":"Slice"},{"not_picked":["Outmaneuver","Acrobatics"],"picked":"Dagger Throw"},{"not_picked":["Wraith Form","Sucker Punch"],"picked":"Doppelganger"},{"not_picked":["Outmaneuver","PiercingWail"],"picked":"Backflip"},{"not_picked":["Well Laid Plans","Envenom"],"picked":"Backflip"},{"not_picked":["All Out Attack","Distraction"],"picked":"Calculated Gamble"},{"not_picked":["Prepared","Cloak And Dagger"],"picked":"Deflect"},{"not_picked":["Poisoned Stab","Outmaneuver"],"picked":"Cloak And Dagger"},{"not_picked":["Well Laid Plans","Dodge and Roll"],"picked":"Underhanded Strike"},{"not_picked":["Terror","Outmaneuver"],"picked":"Sucker Punch"},{"not_picked":["Burst","Flechettes"],"picked":"Eviscerate"},{"not_picked":["Deflect","Crippling Poison"],"picked":"Dagger Throw"},{"not_picked":["Acrobatics","Blade Dance"],"picked":"Backflip"},{"not_picked":["Noxious Fumes","Leg Sweep"],"picked":"Cloak And Dagger"},{"not_picked":["Expertise","Quick Slash"],"picked":"Flying Knee"},{"not_picked":["Terror","Backflip"],"picked":"Prepared"}],"player_experience":58642,"potions_floor_usage":[6,11,16,16],"damage_taken":[{"damage":0,"enemies":"Jaw Worm","floor":1,"turns":1},{"damage":0,"enemies":"2 Louse","floor":2,"turns":1},{"damage":0,"enemies":"Cultist","floor":5,"turns":1},{"damage":17,"enemies":"Gremlin Nob","floor":6,"turns":4},{"damage":28,"enemies":"3 Sentries","floor":8,"turns":9},{"damage":0,"enemies":"Looter","floor":11,"turns":2},{"damage":0,"enemies":"Gremlin Nob","floor":12,"turns":3},{"damage":34,"enemies":"The Guardian","floor":16,"turns":12},{"damage":0,"enemies":"Spheric Guardian","floor":18,"turns":3},{"damage":0,"enemies":"2 Thieves","floor":22,"turns":4},{"damage":0,"enemies":"3 Cultists","floor":24,"turns":6},{"damage":3,"enemies":"Cultist and Chosen","floor":28,"turns":5},{"damage":0,"enemies":"Sentry and Sphere","floor":29,"turns":3},{"damage":15,"enemies":"Gremlin Leader","floor":30,"turns":9},{"damage":0,"enemies":"Slaver and Parasite","floor":31,"turns":5},{"damage":10,"enemies":"Collector","floor":33,"turns":13},{"damage":3,"enemies":"3 Darklings","floor":35,"turns":5},{"damage":9,"enemies":"Orb Walker","floor":37,"turns":3},{"damage":0,"enemies":"4 Shapes","floor":39,"turns":5},{"damage":0,"enemies":"Maw","floor":41,"turns":7},{"damage":0,"enemies":"Sphere and 2 Shapes","floor":42,"turns":5},{"damage":3,"enemies":"Spire Growth","floor":45,"turns":3},{"damage":5,"enemies":"4 Shapes","floor":46,"turns":4},{"damage":1,"enemies":"2 Orb Walkers","floor":47,"turns":4},{"damage":0,"enemies":"Awakened One","floor":50,"turns":15}],"event_choices":[{"event_name":"Living Wall","player_choice":"Forget","floor":3,"damage_taken":0},{"event_name":"Dead Adventurer","player_choice":"Searched \u00272\u0027 times","floor":12,"damage_taken":0},{"event_name":"Drug Dealer","player_choice":"Ignored","floor":21,"damage_taken":0},{"event_name":"Winding Halls","player_choice":"Embrace Madness","floor":36,"damage_taken":0}],"boss_relics":[{"not_picked":["Calling Bell","White Beast Statue"],"picked":"Sozu"},{"not_picked":["Philosopher\u0027s Stone","Runic Dome"],"picked":"Astrolabe"}],"potions_floor_spawned":[2,8,12,28,29,30,31,35,37,41,42],"seed_played":"-7068709279528942168","ascension_level":0,"is_trial":false}