{"gold_per_floor":[115,115,115,40,40,74,84,84,84,104,104,121,133,148,148,148],"floor_reached":16,"playtime":765,"items_purged":["Regret"],"score":127,"play_id":"0c5d62b1-02bf-479b-bcb0-7de0bf69f015","local_time":"20190910125600","is_ascension_mode":false,"campfire_choices":[{"data":"DeceiveReality","floor":11,"key":"SMITH"},{"data":"CutThroughFate","floor":15,"key":"SMITH"}],"neow_cost":"NONE","seed_source_timestamp":238678781812808,"circlet_count":0,"master_deck":["Strike_P","Strike_P","Strike_P","Defend_P","Defend_P","Defend_P","Defend_P","Eruption+1","Vigilance","Scrawl","Bane+1","DeceiveReality+1","CutThroughFate+1","PathToVictory+1","Worship+1","Collect+1","EmptyBody+1"],"relics":["PureWater","NeowsBlessing","Art of War","Whetstone","Toxic Egg 2","Dead Branch"],"potions_floor_usage":[16],"damage_taken":[{"damage":0,"enemies":"Cultist","floor":1,"turns":1},{"damage":0,"enemies":"Gremlin Nob","floor":6,"turns":1},{"damage":0,"enemies":"Small Slimes","floor":7,"turns":1},{"damage":7,"enemies":"2 Louse","floor":10,"turns":2},{"damage":11,"enemies":"Lots of Slimes","floor":12,"turns":4},{"damage":1,"enemies":"3 Louse","floor":13,"turns":6},{"damage":36,"enemies":"Blue Slaver","floor":14,"turns":6},{"damage":10,"enemies":"Hexaghost","floor":16,"turns":8}],"seed_played":"5297020207067563985","potions_obtained":[{"floor":7,"key":"Block Potion"},{"floor":10,"key":"SteroidPotion"},{"floor":14,"key":"PowerPotion"}],"is_trial":false,"path_per_floor":["M","?","?","$","?","E","M","?","T","M","R","M","M","M","R","B"],"character_chosen":"WATCHER","items_purchased":[],"campfire_rested":0,"item_purchase_floors":[],"current_hp_per_floor":[65,65,65,65,65,65,65,65,65,58,58,47,46,10,10,0],"gold":148,"neow_bonus":"THREE_ENEMY_KILL","is_prod":false,"is_daily":false,"chose_seed":false,"campfire_upgraded":2,"win_rate":0.0,"timestamp":1568134560,"path_taken":["M","?","?","$","?","E","?","?","T","M","R","M","?","M","R","BOSS"],"build_version":"2019-09-09v2","purchased_purges":1,"victory":false,"max_hp_per_floor":[65,65,65,65,65,65,65,65,65,65,65,65,65,65,65,65],"card_choices":[{"not_picked":["FlyingSleeves","CrushJoints"],"picked":"Scrawl","floor":1},{"not_picked":["FlyingSleeves","Halt"],"picked":"DeceiveReality","floor":6},{"not_picked":["CrushJoints","DeceiveReality"],"picked":"CutThroughFate","floor":7},{"not_picked":["CrushJoints","WreathOfFlame+1"],"picked":"PathToVictory+1","floor":10},{"not_picked":["FollowUp","EmptyBody+1"],"picked":"Worship+1","floor":12},{"not_picked":["FollowUp","ReachHeaven"],"picked":"Collect+1","floor":13},{"not_picked":["DeceiveReality+1","EmptyMind+1"],"picked":"EmptyBody+1","floor":14}],"player_experience":164531,"relics_obtained":[{"floor":6,"key":"Whetstone"},{"floor":9,"key":"Dead Branch"}],"event_choices":[{"damage_healed":0,"gold_gain":0,"player_choice":"Box","damage_taken":0,"relics_obtained":["Art of War"],"max_hp_gain":0,"max_hp_loss":0,"event_name":"Big Fish","floor":2,"gold_loss":0,"cards_obtained":["Regret"]},{"damage_healed":0,"gold_gain":0,"player_choice":"Leave","damage_taken":0,"max_hp_gain":0,"max_hp_loss":0,"event_name":"The Cleric","floor":3,"gold_loss":0},{"cards_removed":["Strike_P"],"damage_healed":0,"gold_gain":0,"player_choice":"Took Card","damage_taken":0,"max_hp_gain":0,"max_hp_loss":0,"event_name":"NoteForYourself","floor":5,"gold_loss":0,"cards_obtained":["Bane"]},{"damage_healed":0,"gold_gain":0,"player_choice":"Gave Potion","damage_taken":0,"relics_obtained":["Toxic Egg 2"],"max_hp_gain":0,"max_hp_loss":0,"event_name":"WeMeetAgain","floor":8,"gold_loss":0}],"is_beta":true,"boss_relics":[],"items_purged_floors":[4],"is_endless":false,"potions_floor_spawned":[7,10,14],"killed_by":"Hexaghost","ascension_level":0}