{"gold_per_floor":[111,111,186,197,210,237,237,249,275,323,323,335,346,11,11,111,111,124,134,134,8,28,61,61,160,160,160,185,33,33,33,33,130,130,140,15,15,31,31,64,64,92,147,158,173,173,23,23,23,23],"floor_reached":51,"playtime":1706,"items_purged":["Amplify+1","Strike_B","Strike_B","Strike_B"],"score":766,"play_id":"8d5a847a-086a-4d5f-a920-5795cacc8fc0","local_time":"20190101090150","is_ascension_mode":false,"campfire_choices":[{"data":"Dualcast","floor":7,"key":"SMITH"},{"data":"Beam Cell","floor":11,"key":"SMITH"},{"floor":15,"key":"REST"},{"data":"Redo","floor":24,"key":"SMITH"},{"floor":27,"key":"REST"},{"floor":30,"key":"REST"},{"floor":32,"key":"REST"},{"data":"Go for the Eyes","floor":41,"key":"SMITH"},{"floor":46,"key":"REST"},{"floor":49,"key":"REST"}],"neow_cost":"TEN_PERCENT_HP_LOSS","seed_source_timestamp":1004451006216719,"circlet_count":0,"master_deck":["Defend_B","Defend_B+1","Zap+1","Dualcast+1","All For One","Gash","Leap","Conserve Battery+1","Cold Snap","Beam Cell+1","Go for the Eyes+1","Gash","All For One","Hologram","Hyperbeam","Recycle+1","Darkness+1","Redo+1","J.A.X.","Steam","Conserve Battery+1","Electrodynamics","Steam+1","Sunder+1","Skim+1","Gash+1"],"relics":["Cracked Core","Pen Nib","War Paint","Dream Catcher","Blood Vial","Astrolabe","Vajra","Dead Branch","Boot","Runic Pyramid","Question Card","DataDisk","Centennial Puzzle"],"potions_floor_usage":[6,8,13,13,23,28,50,50,50],"damage_taken":[{"damage":0,"enemies":"2 Louse","floor":1,"turns":2},{"damage":6,"enemies":"Jaw Worm","floor":4,"turns":3},{"damage":0,"enemies":"Cultist","floor":5,"turns":3},{"damage":5,"enemies":"Gremlin Nob","floor":6,"turns":4},{"damage":23,"enemies":"Gremlin Gang","floor":8,"turns":4},{"damage":0,"enemies":"Exordium Wildlife","floor":12,"turns":3},{"damage":0,"enemies":"3 Louse","floor":13,"turns":3},{"damage":12,"enemies":"Hexaghost","floor":16,"turns":6},{"damage":0,"enemies":"Spheric Guardian","floor":18,"turns":3},{"damage":12,"enemies":"2 Thieves","floor":19,"turns":2},{"damage":4,"enemies":"Centurion and Healer","floor":22,"turns":5},{"damage":25,"enemies":"Slavers","floor":23,"turns":5},{"damage":42,"enemies":"Gremlin Leader","floor":28,"turns":11},{"damage":23,"enemies":"Automaton","floor":33,"turns":6},{"damage":0,"enemies":"3 Darklings","floor":35,"turns":3},{"damage":0,"enemies":"3 Shapes","floor":38,"turns":3},{"damage":13,"enemies":"Reptomancer","floor":40,"turns":3},{"damage":6,"enemies":"Nemesis","floor":42,"turns":3},{"damage":8,"enemies":"Sphere and 2 Shapes","floor":44,"turns":4},{"damage":30,"enemies":"Jaw Worm Horde","floor":45,"turns":2},{"damage":28,"enemies":"Donu and Deca","floor":50,"turns":5}],"seed_played":"6517183984056912469","potions_obtained":[{"floor":1,"key":"Poison Potion"},{"floor":4,"key":"SpeedPotion"},{"floor":5,"key":"SteroidPotion"},{"floor":12,"key":"EssenceOfSteel"},{"floor":19,"key":"Dexterity Potion"},{"floor":23,"key":"EssenceOfSteel"},{"floor":28,"key":"SteroidPotion"},{"floor":40,"key":"SteroidPotion"}],"is_trial":false,"path_per_floor":["M","?","?","M","M","E","R","M","T","T","R","M","M","$","R","B",null,"M","M","?","$","M","E","R","?","T","R","E","$","R","?","R","B",null,"M","$","?","M","$","E","R","E","T","M","M","R","$","?","R","B",null],"character_chosen":"DEFECT","items_purchased":["All For One","Hologram","Blood Vial","Steam","SteroidPotion"],"campfire_rested":6,"item_purchase_floors":[14,14,14,21,29],"current_hp_per_floor":[68,68,57,51,51,46,46,23,23,23,23,23,23,23,43,33,68,68,56,56,56,54,31,31,31,31,51,11,11,31,31,51,30,68,68,68,68,68,68,55,55,51,51,45,17,37,37,37,57,31],"gold":23,"neow_bonus":"THREE_RARE_CARDS","is_prod":false,"is_daily":false,"chose_seed":false,"campfire_upgraded":4,"win_rate":0,"timestamp":1546354910,"path_taken":["M","?","?","M","M","E","R","M","T","?","R","M","M","$","R","BOSS","M","M","?","$","M","E","R","?","T","R","E","?","R","?","R","BOSS","M","$","?","M","?","E","R","E","T","M","?","R","$","?","R","BOSS"],"build_version":"2018-12-25","purchased_purges":4,"victory":true,"max_hp_per_floor":[68,68,68,68,68,68,68,68,68,68,68,68,68,68,68,68,68,68,68,68,68,68,68,68,68,68,68,68,68,68,68,68,68,68,68,68,68,68,68,68,68,68,68,68,68,68,68,68,68,68],"card_choices":[{"not_picked":["Meteor Strike","Thunder Strike"],"picked":"All For One","floor":0},{"not_picked":["Sunder","Heatsinks"],"picked":"Gash","floor":1},{"not_picked":["Sunder","Beam Cell"],"picked":"Leap","floor":4},{"not_picked":["Sunder","Tempest"],"picked":"Conserve Battery","floor":5},{"not_picked":["Double Energy","Coolheaded"],"picked":"Cold Snap","floor":6},{"not_picked":["Double Energy","Auto Shields"],"picked":"Beam Cell","floor":8},{"not_picked":["Sweeping Beam","Cold Snap"],"picked":"Go for the Eyes","floor":12},{"not_picked":["White Noise","Go for the Eyes"],"picked":"Gash","floor":13},{"not_picked":["Buffer","Rainbow"],"picked":"Hyperbeam","floor":16},{"not_picked":["Reinforced Body","Self Repair","Storm"],"picked":"SKIP","floor":18},{"not_picked":["Coolheaded","Sweeping Beam"],"picked":"Redo","floor":19},{"not_picked":["Turbo","Redo","Barrage+1"],"picked":"SKIP","floor":22},{"not_picked":["Barrage","Coolheaded"],"picked":"Conserve Battery+1","floor":23},{"not_picked":["Storm","Coolheaded","Cold Snap"],"picked":"SKIP","floor":28},{"not_picked":["Turbo+1","Double Energy"],"picked":"Electrodynamics","floor":32},{"not_picked":["Doom and Gloom+1","Barrage+1"],"picked":"Steam+1","floor":35},{"not_picked":["Storm+1","Barrage+1"],"picked":"Sunder+1","floor":38},{"not_picked":["Hologram","Steam+1"],"picked":"Skim+1","floor":40},{"not_picked":["Barrage","Doom and Gloom+1","Ball Lightning+1","Beam Cell"],"picked":"SKIP","floor":42},{"not_picked":["Chaos+1","Genetic Algorithm+1","Reinforced Body+1"],"picked":"Gash+1","floor":44},{"not_picked":["Streamline+1","Hologram","Rebound","Doom and Gloom+1"],"picked":"SKIP","floor":45}],"player_experience":390165,"relics_obtained":[{"floor":6,"key":"Pen Nib"},{"floor":9,"key":"War Paint"},{"floor":10,"key":"Dream Catcher"},{"floor":23,"key":"Vajra"},{"floor":26,"key":"Dead Branch"},{"floor":28,"key":"Boot"},{"floor":40,"key":"Question Card"},{"floor":42,"key":"DataDisk"},{"floor":43,"key":"Centennial Puzzle"}],"event_choices":[{"damage_healed":0,"gold_gain":0,"player_choice":"Grow","damage_taken":0,"max_hp_gain":0,"max_hp_loss":0,"event_name":"Living Wall","floor":2,"gold_loss":0,"cards_upgraded":["Zap"]},{"damage_healed":0,"gold_gain":75,"player_choice":"Gather Gold","damage_taken":11,"max_hp_gain":0,"max_hp_loss":0,"event_name":"World of Goop","floor":3,"gold_loss":0},{"damage_healed":0,"gold_gain":0,"player_choice":"Obtain J.A.X.","damage_taken":0,"max_hp_gain":0,"max_hp_loss":0,"event_name":"Drug Dealer","floor":20,"gold_loss":0,"cards_obtained":["J.A.X."]},{"damage_healed":0,"gold_gain":99,"player_choice":"Stole From Cult","damage_taken":0,"max_hp_gain":0,"max_hp_loss":0,"event_name":"Nest","floor":25,"gold_loss":0},{"damage_healed":0,"gold_gain":0,"player_choice":"Ignored","damage_taken":0,"max_hp_gain":0,"max_hp_loss":0,"event_name":"Beggar","floor":31,"gold_loss":0},{"damage_healed":0,"gold_gain":0,"player_choice":"0 cards matched","damage_taken":0,"max_hp_gain":0,"max_hp_loss":0,"event_name":"Match and Keep!","floor":37,"gold_loss":0,"cards_obtained":[]},{"damage_healed":0,"gold_gain":0,"player_choice":"Ignored","damage_taken":0,"max_hp_gain":0,"max_hp_loss":0,"event_name":"Mysterious Sphere","floor":48,"gold_loss":0}],"is_beta":true,"boss_relics":[{"not_picked":["Pandora\u0027s Box","Runic Dome"],"picked":"Astrolabe"},{"not_picked":["Sozu","Philosopher\u0027s Stone"],"picked":"Runic Pyramid"}],"items_purged_floors":[21,29,36,47],"is_endless":false,"potions_floor_spawned":[1,4,5,12,19,23,28,40,44],"ascension_level":0}