{"path_per_floor":["M","?","M","?","T","R","E","M","T","E","$","M","M","M","R","B",null,"M","?","?","M","?","R","M"],"character_chosen":"IRONCLAD","items_purchased":["True Grit","Inflame","Mango"],"gold_per_floor":[110,285,301,301,373,373,402,414,489,521,26,41,60,74,74,169,169,183,183,282,293,293,293,311,311],"floor_reached":25,"campfire_rested":0,"playtime":1345,"item_purchase_floors":[11,11,11],"current_hp_per_floor":[80,80,80,80,80,80,80,80,90,77,91,90,93,79,79,43,104,85,85,85,52,52,52,24,0],"items_purged":["Regret"],"gold":311,"score":311,"play_id":"7ebc5958-c499-4f78-a6b7-390ec296bb95","local_time":"20180618204123","is_prod":false,"is_daily":false,"chose_seed":false,"is_ascension_mode":true,"campfire_upgraded":3,"win_rate":0,"timestamp":1529347283,"campfire_choices":[{"data":"Bash","floor":6,"key":"SMITH"},{"data":"Demon Form","floor":15,"key":"SMITH"},{"data":"True Grit","floor":23,"key":"SMITH"}],"path_taken":["M","?","?","?","?","R","E","M","T","E","$","M","M","?","R","BOSS","M","?","?","M","?","R","?","E"],"build_version":"2018-06-14v2","seed_source_timestamp":18994097464586,"purchased_purges":1,"victory":false,"master_deck":["Defend_R","Defend_R","Defend_R","Defend_R","Bash+1","Doubt","Cleave","True Grit+1","Inflame","Shrug It Off","Demon Form+1","Limit Break+1","Injury","Bite","Bite","Bite","Bite","Bite"],"max_hp_per_floor":[80,80,80,80,80,80,80,80,90,90,104,104,104,104,104,104,104,104,104,104,104,72,72,72,72],"special_seed":17700,"relics":["Burning Blood","NeowsBlessing","Mercury Hourglass","Bottled Lightning","Pantograph","Pear","Red Skull","Mango","Runic Pyramid"],"card_choices":[{"not_picked":["Reckless Charge","Iron Wave","Anger"],"picked":"SKIP","floor":1},{"not_picked":["Body Slam","Fire Breathing"],"picked":"Cleave","floor":3},{"not_picked":["Clash","Combust","Havoc"],"picked":"SKIP","floor":7},{"not_picked":["Warcry","Sever Soul","Headbutt"],"picked":"SKIP","floor":8},{"not_picked":["Juggernaut","Ghostly Armor","Havoc"],"picked":"SKIP","floor":10},{"not_picked":["Cleave","Burning Pact"],"picked":"Shrug It Off","floor":12},{"not_picked":["Entrench","Shrug It Off"],"picked":"Demon Form","floor":13},{"not_picked":["Second Wind","Clash","Rupture"],"picked":"SKIP","floor":14},{"not_picked":["Exhume","Demon Form"],"picked":"Limit Break","floor":16},{"not_picked":["True Grit","Armaments","Warcry+1"],"picked":"SKIP","floor":18},{"not_picked":["Blood for Blood","Searing Blow+1","Havoc"],"picked":"SKIP","floor":21},{"not_picked":["Pommel Strike+1","Second Wind","Warcry"],"picked":"SKIP","floor":24}],"player_experience":210030,"potions_floor_usage":[10,10,14,18,25],"damage_taken":[{"damage":0,"enemies":"Cultist","floor":1,"turns":1},{"damage":0,"enemies":"Jaw Worm","floor":3,"turns":1},{"damage":0,"enemies":"Lagavulin","floor":7,"turns":1},{"damage":6,"enemies":"2 Louse","floor":8,"turns":2},{"damage":19,"enemies":"Gremlin Nob","floor":10,"turns":4},{"damage":7,"enemies":"2 Fungi Beasts","floor":12,"turns":3},{"damage":3,"enemies":"Blue Slaver","floor":13,"turns":4},{"damage":20,"enemies":"Exordium Wildlife","floor":14,"turns":4},{"damage":67,"enemies":"Hexaghost","floor":16,"turns":7},{"damage":25,"enemies":"Spheric Guardian","floor":18,"turns":4},{"damage":39,"enemies":"3 Byrds","floor":21,"turns":4},{"damage":52,"enemies":"Snake Plant","floor":24,"turns":6},{"damage":35,"enemies":"Book of Stabbing","floor":25,"turns":3}],"relics_obtained":[{"floor":5,"key":"Bottled Lightning"},{"floor":7,"key":"Pantograph"},{"floor":9,"key":"Pear"},{"floor":10,"key":"Red Skull"}],"event_choices":[{"event_name":"Liars Game","player_choice":"agreed","floor":2,"damage_taken":0},{"event_name":"Big Fish","player_choice":"Box","floor":4,"damage_taken":0},{"event_name":"Accursed Blacksmith","player_choice":"Forge","floor":19,"damage_taken":0},{"event_name":"Nest","player_choice":"Stole From Cult","floor":20,"damage_taken":0},{"event_name":"Vampires","player_choice":"Became a vampire","floor":22,"damage_taken":0}],"boss_relics":[{"not_picked":["Fusion Hammer","White Beast Statue"],"picked":"Runic Pyramid"}],"items_purged_floors":[11],"is_endless":false,"potions_floor_spawned":[1,3,10,12,13,14,24],"seed_played":"7691587771766548847","killed_by":"Book of Stabbing","ascension_level":4,"potions_obtained":[{"floor":1,"key":"FearPotion"},{"floor":3,"key":"Energy Potion"},{"floor":10,"key":"FearPotion"},{"floor":12,"key":"FearPotion"},{"floor":13,"key":"Explosive Potion"},{"floor":14,"key":"Fire Potion"},{"floor":24,"key":"PowerPotion"}],"is_trial":false}