{"gold_per_floor":[115,130,147,147,147,147,147,165,191,217,282,305,316,331,331,431,431,448,115,115,130,0,0,11,42,42,42],"floor_reached":27,"playtime":1138,"items_purged":["Strike_R"],"score":256,"play_id":"4db09650-0556-460d-b3ba-e6720f2cd331","local_time":"20190601123311","is_ascension_mode":true,"campfire_choices":[{"floor":7,"key":"RECALL"},{"floor":15,"key":"REST"},{"floor":23,"key":"REST"}],"neow_cost":"NONE","seed_source_timestamp":10187019066505,"circlet_count":0,"master_deck":["Strike_R","Strike_R","Strike_R","Defend_R","Defend_R","Defend_R","Defend_R","Bash","True Grit","Whirlwind","Bloodletting","Juggernaut","Shockwave","Anger","Heavy Blade","Power Through","Second Wind","Demon Form+1","Seeing Red","Headbutt"],"relics":["Burning Blood","Vajra","Gremlin Horn","PreservedInsect","Omamori","Red Skull","Mark of Pain","Bottled Tornado","Orichalcum","Bronze Scales"],"potions_floor_usage":[8,11,16,16,25],"damage_taken":[{"damage":11,"enemies":"Cultist","floor":1,"turns":4},{"damage":8,"enemies":"2 Louse","floor":2,"turns":2},{"damage":2,"enemies":"Small Slimes","floor":3,"turns":4},{"damage":17,"enemies":"Blue Slaver","floor":8,"turns":3},{"damage":35,"enemies":"Gremlin Nob","floor":10,"turns":5},{"damage":27,"enemies":"Lagavulin Event","floor":11,"turns":5},{"damage":3,"enemies":"Large Slime","floor":13,"turns":3},{"damage":23,"enemies":"Exordium Thugs","floor":14,"turns":3},{"damage":31,"enemies":"Slime Boss","floor":16,"turns":8},{"damage":35,"enemies":"Chosen","floor":18,"turns":8},{"damage":24,"enemies":"Shell Parasite","floor":21,"turns":4},{"damage":25,"enemies":"Sentry and Sphere","floor":24,"turns":4},{"damage":46,"enemies":"Slavers","floor":25,"turns":4},{"damage":11,"enemies":"Centurion and Healer","floor":27,"turns":2}],"seed_played":"-3321500121635056595","potions_obtained":[{"floor":2,"key":"EssenceOfSteel"},{"floor":3,"key":"Fruit Juice"},{"floor":11,"key":"Poison Potion"},{"floor":13,"key":"PowerPotion"},{"floor":16,"key":"FearPotion"},{"floor":21,"key":"GamblersBrew"}],"is_trial":false,"path_per_floor":["M","M","M","T","?","?","R","M","T","E","?","T","M","M","R","B",null,"M","$","?","M","?","R","M","E","T","M"],"character_chosen":"IRONCLAD","items_purchased":["Bottled Tornado"],"campfire_rested":2,"item_purchase_floors":[19],"current_hp_per_floor":[75,73,77,77,77,82,82,76,76,47,26,26,29,12,39,14,90,61,61,61,43,43,70,51,11,11,0],"gold":42,"neow_bonus":"RANDOM_COMMON_RELIC","is_prod":false,"is_daily":false,"chose_seed":false,"campfire_upgraded":0,"win_rate":0,"timestamp":1559406791,"path_taken":["M","M","M","?","?","?","R","M","T","E","?","?","?","M","R","BOSS","M","$","?","?","?","R","M","E","T","M"],"build_version":"2019-01-23","purchased_purges":1,"victory":false,"max_hp_per_floor":[80,80,80,80,80,85,85,90,90,90,90,90,90,90,90,90,90,90,90,90,90,90,90,90,90,90,90],"card_choices":[{"not_picked":["Cleave","Pommel Strike"],"picked":"True Grit","floor":1},{"not_picked":["Sword Boomerang","Flex"],"picked":"Whirlwind","floor":2},{"not_picked":["Iron Wave","Blood for Blood"],"picked":"Bloodletting","floor":3},{"not_picked":["Perfected Strike","Cleave"],"picked":"Shockwave","floor":8},{"not_picked":["Perfected Strike","Blood for Blood"],"picked":"Anger","floor":10},{"not_picked":["Anger","Sever Soul"],"picked":"Heavy Blade","floor":11},{"not_picked":["Headbutt","Pummel"],"picked":"Power Through","floor":13},{"not_picked":["Heavy Blade","Dropkick"],"picked":"Second Wind","floor":14},{"not_picked":["Limit Break","Reaper"],"picked":"Demon Form","floor":16},{"not_picked":["Whirlwind+1","Sword Boomerang","Pommel Strike"],"picked":"SKIP","floor":18},{"not_picked":["Heavy Blade","True Grit","Combust"],"picked":"SKIP","floor":21},{"not_picked":["Thunderclap","Body Slam"],"picked":"Seeing Red","floor":24},{"not_picked":["Cleave","Entrench"],"picked":"Headbutt","floor":25}],"player_experience":57799,"relics_obtained":[{"floor":4,"key":"Gremlin Horn"},{"floor":10,"key":"PreservedInsect"},{"floor":11,"key":"Omamori"},{"floor":12,"key":"Red Skull"},{"floor":25,"key":"Orichalcum"},{"floor":26,"key":"Bronze Scales"}],"event_choices":[{"damage_healed":0,"gold_gain":0,"cards_transformed":["Strike_R"],"player_choice":"Change","damage_taken":0,"max_hp_gain":0,"max_hp_loss":0,"event_name":"Living Wall","floor":5,"gold_loss":0,"cards_obtained":["Juggernaut"]},{"damage_healed":0,"gold_gain":0,"player_choice":"Donut","damage_taken":0,"max_hp_gain":5,"max_hp_loss":0,"event_name":"Big Fish","floor":6,"gold_loss":0},{"damage_healed":0,"gold_gain":30,"player_choice":"Searched \u00273\u0027 times","damage_taken":0,"max_hp_gain":0,"max_hp_loss":0,"event_name":"Dead Adventurer","floor":11,"gold_loss":0},{"damage_healed":0,"gold_gain":0,"player_choice":"Upgraded","damage_taken":0,"max_hp_gain":0,"max_hp_loss":0,"event_name":"Upgrade Shrine","floor":20,"gold_loss":0,"cards_upgraded":["Demon Form"]},{"damage_healed":0,"gold_gain":0,"player_choice":"Paid Fearfully","damage_taken":0,"max_hp_gain":0,"max_hp_loss":0,"event_name":"Masked Bandits","floor":22,"gold_loss":130}],"is_beta":false,"boss_relics":[{"not_picked":["Runic Dome","Orrery"],"picked":"Mark of Pain"}],"items_purged_floors":[19],"is_endless":false,"potions_floor_spawned":[2,3,11,13,16,21],"killed_by":"Centurion and Healer","ascension_level":2}