{"gold_per_floor":[115,115,132,132,132,132,163,173,249,249,327,344,519,533,533,633,633,648,47,66,14,114,114,131,158,211,246,246,281,281,293,293,395,395,412,426,139,152,51,51,80,91,91,91],"floor_reached":44,"playtime":1834,"items_purged":["Doubt","Decay"],"score":680,"play_id":"a9139bf0-b2f8-49ee-821e-cfc8a2109163","local_time":"20190201221228","is_ascension_mode":true,"campfire_choices":[{"data":"Zap","floor":6,"key":"SMITH"},{"data":"Loop","floor":10,"key":"SMITH"},{"data":"Sweeping Beam","floor":15,"key":"SMITH"},{"data":"Blizzard","floor":23,"key":"SMITH"},{"floor":32,"key":"REST"},{"data":"1","floor":40,"key":"LIFT"}],"neow_cost":"NONE","seed_source_timestamp":746638960100392,"circlet_count":0,"master_deck":["Zap+1","Dualcast","Sweeping Beam+1","Self Repair","Coolheaded","Loop+1","Cold Snap","Conserve Battery","Biased Cognition+1","Chaos+1","Force Field+1","Reinforced Body+1","Compile Driver","Static Discharge+1","Blizzard+1","Defragment+1","Conserve Battery+1","Capacitor+1","Buffer+1","Aggregate+1","Scrape","Scrape","Redo+1","Streamline","Cold Snap+1","Conserve Battery+1","Storm+1","Leap+1","Amplify+1"],"relics":["Cracked Core","NeowsBlessing","WarpedTongs","Potion Belt","Frozen Egg 2","Mercury Hourglass","Astrolabe","Cables","Torii","Turnip","Toxic Egg 2","Girya","Smiling Mask","Thread and Needle","Bronze Scales","Pandora\u0027s Box","Juzu Bracelet","Ginger","Meat on the Bone"],"potions_floor_usage":[22,22,22,27,29,29,44],"damage_taken":[{"damage":0,"enemies":"Jaw Worm","floor":1,"turns":1},{"damage":1,"enemies":"Cultist","floor":3,"turns":1},{"damage":0,"enemies":"Lagavulin","floor":7,"turns":1},{"damage":0,"enemies":"2 Louse","floor":8,"turns":3},{"damage":1,"enemies":"Looter","floor":12,"turns":3},{"damage":6,"enemies":"Blue Slaver","floor":14,"turns":3},{"damage":10,"enemies":"The Guardian","floor":16,"turns":11},{"damage":18,"enemies":"2 Thieves","floor":18,"turns":4},{"damage":1,"enemies":"Shell Parasite","floor":20,"turns":6},{"damage":22,"enemies":"Colosseum Slavers","floor":22,"turns":3},{"damage":19,"enemies":"Colosseum Nobs","floor":22,"turns":4},{"damage":1,"enemies":"Chosen and Byrds","floor":24,"turns":4},{"damage":24,"enemies":"Gremlin Leader","floor":25,"turns":3},{"damage":19,"enemies":"Book of Stabbing","floor":27,"turns":7},{"damage":0,"enemies":"Slavers","floor":29,"turns":6},{"damage":17,"enemies":"Snecko","floor":31,"turns":6},{"damage":42,"enemies":"Automaton","floor":33,"turns":8},{"damage":10,"enemies":"Orb Walker","floor":35,"turns":4},{"damage":9,"enemies":"3 Shapes","floor":36,"turns":5},{"damage":18,"enemies":"Writhing Mass","floor":38,"turns":4},{"damage":35,"enemies":"Nemesis","floor":41,"turns":7},{"damage":1,"enemies":"Maw","floor":42,"turns":6},{"damage":34,"enemies":"Reptomancer","floor":44,"turns":3}],"seed_played":"5934377116697584829","potions_obtained":[{"floor":1,"key":"Poison Potion"},{"floor":8,"key":"Regen Potion"},{"floor":12,"key":"Strength Potion"},{"floor":16,"key":"GamblersBrew"},{"floor":24,"key":"Energy Potion"},{"floor":27,"key":"AttackPotion"},{"floor":33,"key":"Ancient Potion"},{"floor":36,"key":"SpeedPotion"},{"floor":42,"key":"Block Potion"}],"is_trial":false,"path_per_floor":["M","?","M","?","?","R","E","M","T","R","T","M","?","M","R","B",null,"M","$","M","$","?","R","M","E","T","E","?","E","?","M","R","B",null,"M","M","$","M","$","R","E","M","T","E"],"character_chosen":"DEFECT","items_purchased":["Cables","Torii","Static Discharge+1","Dexterity Potion","Conserve Battery+1","Storm+1","Juzu Bracelet","Leap+1"],"campfire_rested":1,"item_purchase_floors":[19,19,19,21,37,37,37,39],"current_hp_per_floor":[75,75,74,79,72,72,79,80,80,80,80,79,79,73,73,70,80,69,69,75,75,55,55,64,40,40,31,31,38,30,23,47,5,80,70,68,68,50,50,50,15,24,24,0],"gold":91,"neow_bonus":"THREE_ENEMY_KILL","is_prod":false,"is_daily":false,"chose_seed":false,"campfire_upgraded":4,"win_rate":0,"timestamp":1549080748,"path_taken":["M","?","?","?","?","R","E","M","T","R","?","?","?","M","R","BOSS","M","$","M","$","?","R","M","E","T","E","?","E","?","?","R","BOSS","M","M","$","M","$","R","E","M","T","E"],"build_version":"2019-01-23","purchased_purges":2,"victory":false,"max_hp_per_floor":[75,75,75,80,80,80,80,80,80,80,80,80,80,80,80,80,80,80,80,80,80,80,80,80,80,80,80,80,80,80,80,80,80,80,80,80,80,80,80,80,80,80,80,80],"card_choices":[{"not_picked":["Streamline","Compile Driver"],"picked":"Sweeping Beam","floor":1},{"not_picked":["Sweeping Beam","Aggregate"],"picked":"Self Repair","floor":3},{"not_picked":["Rainbow","BootSequence"],"picked":"Coolheaded","floor":7},{"not_picked":["Redo","Streamline"],"picked":"Loop","floor":8},{"not_picked":["Hologram","Streamline"],"picked":"Cold Snap","floor":12},{"not_picked":["Streamline","Heatsinks+1"],"picked":"Conserve Battery","floor":14},{"not_picked":["Rainbow","Thunder Strike"],"picked":"Biased Cognition+1","floor":16},{"not_picked":["Coolheaded","Sweeping Beam"],"picked":"Compile Driver","floor":18},{"not_picked":["Rip and Tear","Streamline"],"picked":"Blizzard","floor":20},{"not_picked":["Cold Snap","Stack+1"],"picked":"Defragment+1","floor":24},{"not_picked":["Reboot+1","Sweeping Beam"],"picked":"Conserve Battery+1","floor":25},{"not_picked":["Compile Driver","Steam+1"],"picked":"Capacitor+1","floor":27},{"not_picked":["Lockon+1","Rebound","Beam Cell"],"picked":"SKIP","floor":29},{"not_picked":["Beam Cell","Streamline+1","Turbo+1"],"picked":"SKIP","floor":31},{"not_picked":["Meteor Strike","Multi-Cast+1"],"picked":"Buffer+1","floor":33},{"not_picked":["Ball Lightning","Sweeping Beam+1","Beam Cell"],"picked":"SKIP","floor":35},{"not_picked":["Rebound+1","Stack+1"],"picked":"Cold Snap+1","floor":36},{"not_picked":["Ball Lightning","Stack+1","Go for the Eyes+1"],"picked":"SKIP","floor":38},{"not_picked":["Rebound","Stack+1","Go for the Eyes+1"],"picked":"SKIP","floor":41},{"not_picked":["Steam+1","Cold Snap"],"picked":"Amplify+1","floor":42}],"player_experience":421015,"relics_obtained":[{"floor":7,"key":"Potion Belt"},{"floor":9,"key":"Frozen Egg 2"},{"floor":11,"key":"Mercury Hourglass"},{"floor":22,"key":"Turnip"},{"floor":22,"key":"Toxic Egg 2"},{"floor":25,"key":"Girya"},{"floor":26,"key":"Smiling Mask"},{"floor":27,"key":"Thread and Needle"},{"floor":29,"key":"Bronze Scales"},{"floor":41,"key":"Ginger"},{"floor":43,"key":"Meat on the Bone"}],"event_choices":[{"damage_healed":0,"gold_gain":0,"player_choice":"Rummage","damage_taken":0,"relics_obtained":["WarpedTongs"],"max_hp_gain":0,"max_hp_loss":0,"event_name":"Accursed Blacksmith","floor":2,"gold_loss":0,"cards_obtained":["Pain"]},{"damage_healed":0,"gold_gain":0,"player_choice":"Donut","damage_taken":0,"max_hp_gain":5,"max_hp_loss":0,"event_name":"Big Fish","floor":4,"gold_loss":0},{"cards_removed":["Pain"],"damage_healed":0,"gold_gain":0,"player_choice":"Card Removal","damage_taken":7,"max_hp_gain":0,"max_hp_loss":0,"event_name":"Golden Wing","floor":5,"gold_loss":0},{"damage_healed":0,"gold_gain":175,"player_choice":"AGREE","damage_taken":0,"max_hp_gain":0,"max_hp_loss":0,"event_name":"Liars Game","floor":13,"gold_loss":0,"cards_obtained":["Doubt"]},{"damage_healed":0,"gold_gain":0,"player_choice":"Fight","damage_taken":0,"max_hp_gain":0,"max_hp_loss":0,"event_name":"Colosseum","floor":22,"gold_loss":0},{"damage_healed":0,"gold_gain":0,"player_choice":"Fought Nobs","damage_taken":0,"max_hp_gain":0,"max_hp_loss":0,"event_name":"Colosseum","floor":22,"gold_loss":0},{"damage_healed":0,"gold_gain":0,"player_choice":"Smashed Altar","damage_taken":0,"max_hp_gain":0,"max_hp_loss":0,"event_name":"Forgotten Altar","floor":28,"gold_loss":0,"cards_obtained":["Decay"]},{"damage_healed":0,"gold_gain":0,"player_choice":"Damaged","damage_taken":8,"max_hp_gain":0,"max_hp_loss":0,"event_name":"Wheel of Change","floor":30,"gold_loss":0}],"is_beta":true,"boss_relics":[{"not_picked":["Ectoplasm","Coffee Dripper"],"picked":"Astrolabe"},{"not_picked":["Eternal Feather","Inserter"],"picked":"Pandora\u0027s Box"}],"items_purged_floors":[37,39],"is_endless":false,"potions_floor_spawned":[1,8,12,16,22,24,27,33,36,42],"killed_by":"Reptomancer","ascension_level":4}