{"gold_per_floor":[114,125,31,51,51,51,63,83,83,109,109,34,44,4,4,109,109,126,144,158,11,27,27,27,27],"floor_reached":25,"playtime":1775,"items_purged":[],"score":225,"play_id":"f2afc6d1-074d-4567-bfb0-fd7c43bf5893","local_time":"20190910200005","is_ascension_mode":false,"campfire_choices":[{"data":"ClearTheMind","floor":6,"key":"SMITH"},{"data":"Evaluate","floor":15,"key":"SMITH"},{"floor":24,"key":"REST"}],"neow_cost":"NONE","seed_source_timestamp":1922504249089300,"circlet_count":0,"master_deck":["Strike_P","Strike_P","Defend_P","Eruption+1","Vigilance","Tantrum","Wallop","FearNoEvil+1","ClearTheMind+1","Fasting","Evaluate+1","Conclude","Evaluate+1","JustLucky","Devotion+1","Sanctity","Adaptation+1","LessonLearned+1","Prostrate+1","Vault+1","EmptyMind+1","FollowUp","TalkToTheHand","JustLucky+1"],"relics":["PureWater","NeowsBlessing","Pear","Frozen Egg 2","Astrolabe","PreservedInsect"],"potions_floor_usage":[10,10,16,20,22,23],"damage_taken":[{"damage":0,"enemies":"Jaw Worm","floor":1,"turns":1},{"damage":0,"enemies":"Cultist","floor":2,"turns":1},{"damage":0,"enemies":"2 Louse","floor":4,"turns":2},{"damage":1,"enemies":"Exordium Thugs","floor":7,"turns":4},{"damage":0,"enemies":"3 Louse","floor":8,"turns":1},{"damage":17,"enemies":"Lagavulin","floor":10,"turns":5},{"damage":9,"enemies":"Exordium Wildlife","floor":13,"turns":5},{"damage":29,"enemies":"Hexaghost","floor":16,"turns":8},{"damage":8,"enemies":"Chosen","floor":18,"turns":6},{"damage":14,"enemies":"Spheric Guardian","floor":19,"turns":6},{"damage":20,"enemies":"Cultist and Chosen","floor":20,"turns":6},{"damage":18,"enemies":"Centurion and Healer","floor":22,"turns":5},{"damage":0,"enemies":"Slavers","floor":23,"turns":1},{"damage":46,"enemies":"Book of Stabbing","floor":25,"turns":5}],"seed_played":"-7866548414143939899","potions_obtained":[{"floor":2,"key":"Swift Potion"},{"floor":8,"key":"SkillPotion"},{"floor":13,"key":"PowerPotion"},{"floor":16,"key":"PowerPotion"},{"floor":20,"key":"Poison Potion"},{"floor":22,"key":"SmokeBomb"}],"is_trial":false,"path_per_floor":["M","M","$","M","?","R","M","M","T","E","?","$","M","$","R","B",null,"M","M","M","$","M","E","R","E"],"character_chosen":"WATCHER","items_purchased":["FearNoEvil","ClearTheMind","Devotion+1","Adaptation+1","PreservedInsect"],"campfire_rested":1,"item_purchase_floors":[3,3,12,14,21],"current_hp_per_floor":[65,65,65,65,65,65,64,64,74,57,57,57,48,48,48,19,75,67,53,33,33,15,15,37,0],"gold":27,"neow_bonus":"THREE_ENEMY_KILL","is_prod":false,"is_daily":false,"chose_seed":false,"campfire_upgraded":2,"win_rate":0,"timestamp":1568163605,"path_taken":["M","M","$","M","?","R","?","M","T","E","?","$","M","?","R","BOSS","M","M","M","$","M","E","R","E"],"build_version":"2019-09-09v2","purchased_purges":0,"victory":false,"max_hp_per_floor":[65,65,65,65,65,65,65,65,75,75,75,75,75,75,75,75,75,75,75,75,75,75,75,75,75],"card_choices":[{"not_picked":["Protect","Halt"],"picked":"Tantrum","floor":1},{"not_picked":["BowlingBash","JustLucky"],"picked":"Wallop","floor":2},{"not_picked":["CarveReality","Establishment"],"picked":"Fasting","floor":4},{"not_picked":["Weave","Sanctity"],"picked":"Evaluate","floor":7},{"not_picked":["Evaluate","Halt"],"picked":"Conclude","floor":8},{"not_picked":["ReachHeaven","JustLucky"],"picked":"Evaluate","floor":10},{"not_picked":["PathToVictory","Protect"],"picked":"Sanctity","floor":13},{"not_picked":["Judgement","Brilliance"],"picked":"LessonLearned","floor":16},{"not_picked":["Weave","Protect+1"],"picked":"FollowUp","floor":18},{"not_picked":["ThirdEye","Blasphemy","Evaluate"],"picked":"SKIP","floor":19},{"not_picked":["ThirdEye","FlyingSleeves"],"picked":"TalkToTheHand","floor":20},{"not_picked":["Weave","Perseverance"],"picked":"JustLucky+1","floor":22}],"player_experience":496140,"relics_obtained":[{"floor":9,"key":"Pear"},{"floor":10,"key":"Frozen Egg 2"}],"event_choices":[{"cards_removed":["Strike_P"],"damage_healed":0,"gold_gain":0,"player_choice":"Offered Basic","damage_taken":0,"max_hp_gain":0,"max_hp_loss":0,"event_name":"Bonfire Elementals","floor":5,"gold_loss":0},{"damage_healed":0,"gold_gain":0,"cards_transformed":["Defend_P"],"player_choice":"Transformed","damage_taken":0,"max_hp_gain":0,"max_hp_loss":0,"event_name":"Transmorgrifier","floor":11,"gold_loss":0,"cards_obtained":["JustLucky"]}],"is_beta":true,"boss_relics":[{"not_picked":["Empty Cage","Black Star"],"picked":"Astrolabe"}],"items_purged_floors":[],"is_endless":false,"potions_floor_spawned":[2,8,13,16,20,22],"killed_by":"Book of Stabbing","ascension_level":0}