{"gold_per_floor":[118,118,134,84,84,84,119,119,142,186,201,226,244,214,214,339,339,358,371,46,69,90,90,113,113,113,138,138,181,181,214,214,339,339,353,368,393,101,0,0,0,0,0,35,35,35,35,69,69,69],"floor_reached":50,"playtime":2892,"items_purged":["Strike_R","Strike_R"],"score":658,"play_id":"a48a31f4-f67a-42fa-9606-3f6bd07c374e","local_time":"20190611221638","is_ascension_mode":true,"campfire_choices":[{"data":"Iron Wave","floor":6,"key":"SMITH"},{"data":"Flame Barrier","floor":8,"key":"SMITH"},{"data":"Exhume","floor":15,"key":"SMITH"},{"floor":23,"key":"REST"},{"floor":25,"key":"REST"},{"data":"True Grit","floor":28,"key":"SMITH"},{"floor":30,"key":"REST"},{"data":"Infernal Blade","floor":32,"key":"SMITH"},{"floor":40,"key":"RECALL"},{"data":"Impervious","floor":42,"key":"SMITH"},{"floor":46,"key":"REST"},{"floor":49,"key":"REST"}],"neow_cost":"NONE","seed_source_timestamp":4477711094917,"circlet_count":0,"master_deck":["Strike_R","Defend_R","Defend_R","Defend_R","Defend_R","Bash","Flame Barrier+1","Pummel","Iron Wave+1","Double Tap","Clothesline","Whirlwind","Exhume+1","Infernal Blade+1","Demon Form","Heavy Blade","Shrug It Off","Impervious+1","Power Through+1","Cleave","True Grit+1","Spot Weakness","Shrug It Off+1","Havoc+1","Burning Pact+1","Impervious","Seeing Red+1","Carnage","Sentinel+1","Armaments","Sword Boomerang+1","Uppercut+1"],"relics":["Burning Blood","Golden Idol","Ornamental Fan","Dream Catcher","FossilizedHelix","Runic Pyramid","Shuriken","Pantograph","Red Skull","Dodecahedron","Runic Dome","Chemical X","Red Mask","Letter Opener","Self Forming Clay","Molten Egg 2","Kunai"],"potions_floor_usage":[7,10,16,16,18,21,29,31,36,44,48],"damage_taken":[{"damage":4,"enemies":"Jaw Worm","floor":1,"turns":4},{"damage":0,"enemies":"Cultist","floor":3,"turns":4},{"damage":9,"enemies":"Gremlin Nob","floor":7,"turns":3},{"damage":42,"enemies":"3 Sentries","floor":10,"turns":13},{"damage":0,"enemies":"2 Louse","floor":11,"turns":2},{"damage":5,"enemies":"2 Fungi Beasts","floor":12,"turns":4},{"damage":0,"enemies":"Looter","floor":13,"turns":4},{"damage":52,"enemies":"Hexaghost","floor":16,"turns":14},{"damage":11,"enemies":"3 Byrds","floor":18,"turns":3},{"damage":31,"enemies":"Shell Parasite","floor":19,"turns":5},{"damage":16,"enemies":"Centurion and Healer","floor":21,"turns":6},{"damage":27,"enemies":"Sentry and Sphere","floor":22,"turns":7},{"damage":31,"enemies":"Snake Plant","floor":24,"turns":8},{"damage":0,"enemies":"Snecko","floor":27,"turns":5},{"damage":33,"enemies":"Slavers","floor":29,"turns":7},{"damage":25,"enemies":"Gremlin Leader","floor":31,"turns":10},{"damage":101,"enemies":"Champ","floor":33,"turns":13},{"damage":26,"enemies":"3 Darklings","floor":35,"turns":5},{"damage":9,"enemies":"3 Shapes","floor":36,"turns":4},{"damage":28,"enemies":"Jaw Worm Horde","floor":37,"turns":7},{"damage":32,"enemies":"Reptomancer","floor":44,"turns":6},{"damage":15,"enemies":"Nemesis","floor":48,"turns":7},{"damage":85,"enemies":"Donu and Deca","floor":50,"turns":8}],"seed_played":"6309071027737215021","potions_obtained":[{"floor":1,"key":"BloodPotion"},{"floor":3,"key":"SteroidPotion"},{"floor":13,"key":"BloodPotion"},{"floor":14,"key":"Fire Potion"},{"floor":14,"key":"FairyPotion"},{"floor":16,"key":"LiquidBronze"},{"floor":18,"key":"AttackPotion"},{"floor":24,"key":"Weak Potion"},{"floor":27,"key":"SpeedPotion"},{"floor":33,"key":"PowerPotion"},{"floor":37,"key":"Dexterity Potion"},{"floor":44,"key":"LiquidBronze"}],"is_trial":false,"path_per_floor":["M","?","M","?","?","R","E","R","T","E","M","M","M","?","R","B",null,"M","M","$","M","M","R","M","R","T","M","R","E","R","E","R","B",null,"M","M","M","$","?","R","T","R","T","E","?","R","T","E","R","B"],"character_chosen":"IRONCLAD","items_purchased":["Shuriken","Chemical X"],"campfire_rested":5,"item_purchase_floors":[20,38],"current_hp_per_floor":[88,88,88,88,66,66,63,63,63,35,41,42,48,48,48,10,88,83,58,58,48,27,53,28,54,54,60,60,33,59,40,40,14,88,68,65,43,43,43,43,43,43,43,17,17,43,43,34,60,0],"gold":69,"neow_bonus":"TEN_PERCENT_HP_BONUS","is_prod":false,"is_daily":false,"chose_seed":false,"campfire_upgraded":6,"win_rate":0,"timestamp":1560305798,"path_taken":["M","?","?","?","?","R","E","R","T","E","M","M","M","?","R","BOSS","M","M","?","M","M","R","M","R","T","M","R","E","R","E","R","BOSS","M","M","M","$","?","R","?","R","T","E","?","R","?","E","R","BOSS"],"build_version":"2019-01-23","purchased_purges":2,"victory":false,"max_hp_per_floor":[88,88,88,88,88,88,88,88,88,88,88,88,88,88,88,88,88,88,88,88,88,88,88,88,88,88,88,88,88,88,88,88,88,88,88,88,88,88,88,88,88,88,88,88,88,88,88,88,88,88],"card_choices":[{"not_picked":["Clash","Fire Breathing"],"picked":"Flame Barrier","floor":1},{"not_picked":["True Grit","Fire Breathing"],"picked":"Iron Wave","floor":3},{"not_picked":["Havoc","Dropkick"],"picked":"Double Tap","floor":7},{"not_picked":["Barricade","Reckless Charge"],"picked":"Clothesline","floor":10},{"not_picked":["Heavy Blade","Twin Strike"],"picked":"Whirlwind","floor":11},{"not_picked":["Entrench","Warcry"],"picked":"Exhume","floor":12},{"not_picked":["Twin Strike","Clothesline"],"picked":"Infernal Blade","floor":13},{"not_picked":["Fiend Fire","Dark Embrace"],"picked":"Demon Form","floor":16},{"not_picked":["Flame Barrier+1","Perfected Strike"],"picked":"Heavy Blade","floor":18},{"not_picked":["Thunderclap+1","Armaments"],"picked":"Shrug It Off","floor":19},{"not_picked":["Armaments","Clash+1"],"picked":"Impervious","floor":21},{"not_picked":["Perfected Strike","Cleave"],"picked":"Power Through+1","floor":22},{"not_picked":["Warcry","Rupture"],"picked":"Fire Breathing","floor":23},{"not_picked":["Rupture","Pommel Strike"],"picked":"Cleave","floor":24},{"not_picked":["Shockwave","Berserk"],"picked":"True Grit","floor":25},{"not_picked":["Dropkick","Bloodletting"],"picked":"Spot Weakness","floor":27},{"not_picked":["Carnage","Sever Soul"],"picked":"Shrug It Off+1","floor":29},{"not_picked":["Flex","Dual Wield"],"picked":"Havoc+1","floor":30},{"not_picked":["Wild Strike","Spot Weakness+1"],"picked":"Burning Pact+1","floor":31},{"not_picked":["Double Tap","Dark Embrace"],"picked":"Impervious","floor":33},{"not_picked":["Heavy Blade+1","Sword Boomerang+1"],"picked":"Seeing Red+1","floor":35},{"not_picked":["Shrug It Off","Perfected Strike+1","True Grit"],"picked":"SKIP","floor":36},{"not_picked":["True Grit","Feel No Pain+1"],"picked":"Carnage","floor":37},{"not_picked":["Searing Blow+1","True Grit"],"picked":"Sentinel+1","floor":44},{"not_picked":["Carnage","Searing Blow+1"],"picked":"Armaments","floor":46},{"not_picked":["Intimidate+1","Evolve+1"],"picked":"Sword Boomerang+1","floor":48},{"not_picked":["Pummel+1","Berserk"],"picked":"Uppercut+1","floor":49}],"player_experience":126881,"relics_obtained":[{"floor":7,"key":"Ornamental Fan"},{"floor":9,"key":"Dream Catcher"},{"floor":10,"key":"FossilizedHelix"},{"floor":26,"key":"Pantograph"},{"floor":29,"key":"Red Skull"},{"floor":31,"key":"Dodecahedron"},{"floor":43,"key":"Letter Opener"},{"floor":44,"key":"Self Forming Clay"},{"floor":47,"key":"Molten Egg 2"},{"floor":48,"key":"Kunai"}],"event_choices":[{"damage_healed":0,"gold_gain":0,"cards_transformed":["Strike_R"],"player_choice":"Transformed","damage_taken":0,"max_hp_gain":0,"max_hp_loss":0,"event_name":"Transmorgrifier","floor":2,"gold_loss":0,"cards_obtained":["Pummel"]},{"cards_removed":["Strike_R"],"damage_healed":0,"gold_gain":0,"player_choice":"Card Removal","damage_taken":0,"max_hp_gain":0,"max_hp_loss":0,"event_name":"The Cleric","floor":4,"gold_loss":50},{"damage_healed":0,"gold_gain":0,"player_choice":"Take Damage","damage_taken":22,"relics_obtained":["Golden Idol"],"max_hp_gain":0,"max_hp_loss":0,"event_name":"Golden Idol","floor":5,"gold_loss":0},{"damage_healed":0,"gold_gain":0,"player_choice":"Bought 2 Potions","damage_taken":0,"max_hp_gain":0,"max_hp_loss":0,"event_name":"The Woman in Blue","floor":14,"gold_loss":0},{"damage_healed":0,"gold_gain":0,"player_choice":"Paid","damage_taken":0,"relics_obtained":["Red Mask"],"max_hp_gain":0,"max_hp_loss":0,"event_name":"Tomb of Lord Red Mask","floor":39,"gold_loss":101},{"cards_removed":["Fire Breathing"],"damage_healed":0,"gold_gain":0,"player_choice":"Removed Power","damage_taken":0,"max_hp_gain":0,"max_hp_loss":0,"event_name":"Falling","floor":45,"gold_loss":0}],"is_beta":false,"boss_relics":[{"not_picked":["Sozu","White Beast Statue"],"picked":"Runic Pyramid"},{"not_picked":["Coffee Dripper","Runic Cube"],"picked":"Runic Dome"}],"items_purged_floors":[20,38],"is_endless":false,"potions_floor_spawned":[1,3,13,16,18,24,27,33,37,44],"killed_by":"Donu and Deca","ascension_level":4}