{"gold_per_floor":[118,128,147,159,176,176,176,205,230,249,260,17,36,49,49,151,151,164,181,193,208,224,224,224],"floor_reached":24,"playtime":1522,"items_purged":["Strike_R"],"score":208,"play_id":"f014ea2f-839a-4f07-b170-f81783cc2355","local_time":"20190129151444","is_ascension_mode":false,"campfire_choices":[{"data":"Twin Strike","floor":6,"key":"SMITH"},{"data":"Armaments","floor":15,"key":"SMITH"},{"data":"Limit Break","floor":23,"key":"SMITH"}],"neow_cost":"NONE","seed_source_timestamp":105714304946544,"circlet_count":0,"master_deck":["Strike_R","Strike_R","Strike_R+1","Strike_R+1","Defend_R","Defend_R","Defend_R","Defend_R","Bash","Clash","Pommel Strike","Ghostly Armor","Twin Strike+1","Twin Strike","Demon Form","Metallicize","Armaments+1","Metallicize","Limit Break+1","True Grit","Flex","Anger"],"relics":["Burning Blood","Anchor","Potion Belt","Whetstone","Ancient Tea Set","Philosopher\u0027s Stone"],"potions_floor_usage":[20],"damage_taken":[{"damage":3,"enemies":"2 Louse","floor":1,"turns":3},{"damage":0,"enemies":"Small Slimes","floor":2,"turns":2},{"damage":1,"enemies":"Jaw Worm","floor":3,"turns":3},{"damage":1,"enemies":"2 Fungi Beasts","floor":4,"turns":4},{"damage":3,"enemies":"Red Slaver","floor":5,"turns":3},{"damage":35,"enemies":"Lagavulin","floor":8,"turns":7},{"damage":0,"enemies":"Looter","floor":10,"turns":2},{"damage":2,"enemies":"3 Louse","floor":11,"turns":3},{"damage":0,"enemies":"2 Fungi Beasts","floor":13,"turns":4},{"damage":0,"enemies":"Red Slaver","floor":14,"turns":2},{"damage":35,"enemies":"Hexaghost","floor":16,"turns":7},{"damage":16,"enemies":"Shell Parasite","floor":18,"turns":6},{"damage":23,"enemies":"3 Byrds","floor":19,"turns":5},{"damage":19,"enemies":"Snake Plant","floor":20,"turns":4},{"damage":20,"enemies":"Centurion and Healer","floor":21,"turns":8},{"damage":7,"enemies":"Snecko","floor":22,"turns":5},{"damage":27,"enemies":"3 Cultists","floor":24,"turns":4}],"seed_played":"3644891239090139536","potions_obtained":[{"floor":1,"key":"LiquidBronze"},{"floor":3,"key":"GamblersBrew"},{"floor":8,"key":"Swift Potion"},{"floor":14,"key":"Strength Potion"},{"floor":18,"key":"Poison Potion"}],"is_trial":false,"path_per_floor":["M","M","M","M","M","R","?","E","T","M","M","$","M","M","R","B",null,"M","M","M","M","M","R","M"],"character_chosen":"IRONCLAD","items_purchased":["Armaments","Ancient Tea Set"],"campfire_rested":0,"item_purchase_floors":[12,12],"current_hp_per_floor":[80,80,80,80,80,80,77,48,48,54,58,58,64,70,70,41,80,70,53,40,26,25,25,0],"gold":224,"neow_bonus":"THREE_CARDS","is_prod":false,"is_daily":false,"chose_seed":false,"campfire_upgraded":3,"win_rate":0.0,"timestamp":1548742484,"path_taken":["M","M","M","M","M","R","?","E","T","M","M","$","M","M","R","BOSS","M","M","M","M","M","R","M"],"build_version":"2019-01-23","purchased_purges":1,"victory":false,"max_hp_per_floor":[80,80,80,80,80,80,80,80,80,80,80,80,80,80,80,80,80,80,80,80,80,80,80,80],"card_choices":[{"not_picked":["Evolve","Clothesline"],"picked":"Clash","floor":0},{"not_picked":["Bloodletting","Whirlwind"],"picked":"Pommel Strike","floor":1},{"not_picked":["Corruption","Searing Blow","Thunderclap"],"picked":"SKIP","floor":2},{"not_picked":["Burning Pact","Flex"],"picked":"Ghostly Armor","floor":3},{"not_picked":["Headbutt","Thunderclap"],"picked":"Twin Strike","floor":4},{"not_picked":["Hemokinesis","Clash"],"picked":"Twin Strike","floor":5},{"not_picked":["Clothesline","Warcry","Hemokinesis"],"picked":"SKIP","floor":8},{"not_picked":["Flex","Pommel Strike"],"picked":"Demon Form","floor":10},{"not_picked":["Thunderclap","Clothesline"],"picked":"Metallicize","floor":11},{"not_picked":["Perfected Strike","Sever Soul","Body Slam"],"picked":"SKIP","floor":13},{"not_picked":["Blood for Blood","Power Through"],"picked":"Metallicize","floor":14},{"not_picked":["Fiend Fire","Feed"],"picked":"Limit Break","floor":16},{"not_picked":["Bloodletting","Fire Breathing","Dropkick"],"picked":"SKIP","floor":18},{"not_picked":["Clothesline+1","Wild Strike"],"picked":"True Grit","floor":19},{"not_picked":["Wild Strike","Thunderclap","Searing Blow+1"],"picked":"SKIP","floor":20},{"not_picked":["Body Slam","Uppercut"],"picked":"Flex","floor":21},{"not_picked":["Dual Wield+1","Heavy Blade+1"],"picked":"Anger","floor":22}],"player_experience":21299,"relics_obtained":[{"floor":8,"key":"Potion Belt"},{"floor":9,"key":"Whetstone"}],"event_choices":[{"damage_healed":0,"gold_gain":0,"player_choice":"Success","damage_taken":3,"relics_obtained":["Anchor"],"max_hp_gain":0,"max_hp_loss":0,"event_name":"Scrap Ooze","floor":7,"gold_loss":0}],"is_beta":false,"boss_relics":[{"not_picked":["Orrery","Runic Pyramid"],"picked":"Philosopher\u0027s Stone"}],"items_purged_floors":[12],"is_endless":false,"potions_floor_spawned":[1,3,8,14,18],"killed_by":"3 Cultists","ascension_level":0}