{"path_per_floor":["M","M","M","M","M","R","?","R","T","M","M","M","$","M","R","B",null,"M","$","?","?","M","E","R","?","T","$","M"],"character_chosen":"THE_SILENT","items_purchased":["Art of War","Doppelganger","Flying Knee"],"gold_per_floor":[16,31,45,63,78,78,178,178,202,217,235,246,171,190,190,285,285,301,19,19,19,39,68,68,68,68,68,79,79],"floor_reached":29,"campfire_rested":0,"playtime":1935,"item_purchase_floors":[19,19,19],"current_hp_per_floor":[70,70,70,70,70,70,70,70,70,69,64,64,64,63,63,41,70,70,70,70,70,67,56,56,56,56,56,37,0],"items_purged":["Strike_G"],"gold":79,"score":239,"play_id":"28c0174f-7dc6-47cc-980d-3f5c0ba86bd4","local_time":"20180610155255","is_prod":false,"is_daily":false,"chose_seed":false,"is_ascension_mode":false,"campfire_upgraded":4,"win_rate":0,"timestamp":1528638775,"campfire_choices":[{"data":"Infinite Blades","floor":6.0,"key":"SMITH"},{"data":"Sucker Punch","floor":8.0,"key":"SMITH"},{"data":"Dash","floor":15.0,"key":"SMITH"},{"data":"Skewer","floor":24,"key":"SMITH"}],"path_taken":["M","M","M","M","M","R","?","R","T","?","M","M","$","M","R","BOSS","M","$","?","?","M","E","R","?","T","$","M","E"],"build_version":"2018-06-08","seed_source_timestamp":0,"purchased_purges":1,"victory":false,"master_deck":["Defend_G","Defend_G","Defend_G","Defend_G","Defend_G","Strike_G","Strike_G","Strike_G","Strike_G","Survivor","Neutralize","Dash+1","Backflip","Infinite Blades+1","Sucker Punch+1","Outmaneuver","Well Laid Plans","Phantasmal Killer","Skewer+1","Doppelganger","Flying Knee","Footwork","Outmaneuver"],"max_hp_per_floor":[70,70,70,70,70,70,70,70,70,70,70,70,70,70,70,70,70,70,70,70,70,70,70,70,70,70,70,72,72],"relics":["Ring of the Snake","Ginger","Bronze Scales","Black Star","Art of War","Pen Nib","Potion Belt","Singing Bowl"],"card_choices":[{"not_picked":["Choke","Backstab","Heel Hook"],"picked":"SKIP","floor":1.0},{"not_picked":["Blur","Acrobatics"],"picked":"Dash","floor":2.0},{"not_picked":["Poisoned Stab","Masterful Stab"],"picked":"Backflip","floor":3.0},{"not_picked":["Quick Slash","Dodge and Roll"],"picked":"Infinite Blades","floor":4.0},{"not_picked":["Prepared","Unload"],"picked":"Sucker Punch","floor":5.0},{"not_picked":["Endless Agony","Backflip"],"picked":"Outmaneuver","floor":10.0},{"not_picked":["PiercingWail","All Out Attack"],"picked":"Well Laid Plans","floor":11.0},{"not_picked":["Dagger Spray","Sucker Punch","All Out Attack"],"picked":"SKIP","floor":12.0},{"not_picked":["Dagger Spray","Quick Slash"],"picked":"Expertise","floor":14.0},{"not_picked":["Corpse Explosion","Envenom"],"picked":"Phantasmal Killer","floor":16.0},{"not_picked":["All Out Attack","Slice"],"picked":"Skewer","floor":18},{"not_picked":["Acrobatics","Poisoned Stab+1","Flechettes"],"picked":"SKIP","floor":22},{"not_picked":["Dagger Spray","Cloak And Dagger+1"],"picked":"Outmaneuver","floor":23},{"not_picked":["Flechettes","Endless Agony","Caltrops"],"picked":"Singing Bowl","floor":28}],"player_experience":166329,"potions_floor_usage":[18,23,28,28],"damage_taken":[{"damage":0.0,"enemies":"Cultist","floor":1.0,"turns":4.0},{"damage":0.0,"enemies":"Small Slimes","floor":2.0,"turns":5.0},{"damage":0.0,"enemies":"2 Louse","floor":3.0,"turns":3.0},{"damage":0.0,"enemies":"Looter","floor":4.0,"turns":4.0},{"damage":0.0,"enemies":"Blue Slaver","floor":5.0,"turns":4.0},{"damage":1.0,"enemies":"Red Slaver","floor":10.0,"turns":5.0},{"damage":5.0,"enemies":"3 Louse","floor":11.0,"turns":4.0},{"damage":0.0,"enemies":"Looter","floor":12.0,"turns":4.0},{"damage":1.0,"enemies":"Exordium Thugs","floor":14.0,"turns":4.0},{"damage":22.0,"enemies":"The Guardian","floor":16.0,"turns":13.0},{"damage":0,"enemies":"Shell Parasite","floor":18,"turns":6},{"damage":3,"enemies":"Spheric Guardian","floor":22,"turns":4},{"damage":11,"enemies":"Book of Stabbing","floor":23,"turns":6},{"damage":21,"enemies":"Cultist and Chosen","floor":28,"turns":8},{"damage":37,"enemies":"Slavers","floor":29,"turns":3}],"relics_obtained":[{"floor":9.0,"key":"Bronze Scales"},{"floor":23,"key":"Pen Nib"},{"floor":23,"key":"Potion Belt"},{"floor":26,"key":"Singing Bowl"}],"event_choices":[{"event_name":"Golden Shrine","player_choice":"Pray","floor":7.0,"damage_taken":0.0},{"event_name":"The Library","player_choice":"Read","floor":20,"damage_taken":0},{"event_name":"Bonfire Elementals","player_choice":"UNCOMMON","floor":21,"damage_taken":0},{"event_name":"Ghosts","player_choice":"Ignored","floor":25,"damage_taken":0}],"boss_relics":[{"not_picked":["Eternal Feather","White Beast Statue"],"picked":"Black Star"}],"items_purged_floors":[],"potions_floor_spawned":[1,3,10,11,22],"seed_played":"8371781386229844994","killed_by":"Slavers","ascension_level":0,"potions_obtained":[{"floor":1.0,"key":"Fire Potion"},{"floor":3.0,"key":"PowerPotion"},{"floor":10.0,"key":"SpeedPotion"},{"floor":22,"key":"SkillPotion"}],"is_trial":false}