{"path_per_floor":["M","T","?","M","M","E","R","E","T","M","M","E","R","$","R","B",null,"M","M","?","M","M","R","M","R","T","?","M","?","$","M","R"],"character_chosen":"IRONCLAD","items_purchased":["Ancient Tea Set","Lantern","Feed","Energy Potion"],"gold_per_floor":[15,38,38,56,74,103,103,135,135,145,159,188,188,34,34,133,133,149,161,121,139,150,150,167,167,467,467,477,477,133,151,151],"floor_reached":33,"campfire_rested":1,"playtime":2267,"current_hp_per_floor":[73,73,73,78,80,74,74,61,61,33,24,26,26,26,50,19,80,80,72,72,59,57,57,49,49,49,49,38,64,64,57,57],"items_purged":["Strike_R"],"gold":151,"play_id":"ed2048bc-8019-46d5-a72c-0d7aa0e62028","is_prod":false,"is_daily":false,"is_ascension_mode":false,"campfire_upgraded":5,"path_taken":["M","?","?","M","M","E","R","E","T","?","M","E","R","$","R","BOSS","M","M","?","M","?","R","M","R","T","?","?","?","?","M","R","BOSS"],"build_version":"2018-01-23-BETA1","purchased_purges":1,"victory":false,"master_deck":["Strike_R","Strike_R","Strike_R","Strike_R","Defend_R","Defend_R","Defend_R","Defend_R","Bash","Brutality","Uppercut","Clash","Blood for Blood","Warcry","Shrug It Off","Blood for Blood","Inflame","Fiend Fire","Offering","Dropkick","Combust","Shrug It Off","Anger","Feed","Headbutt"],"max_hp_per_floor":[80,80,80,80,80,80,80,80,80,80,80,80,80,80,80,80,80,80,80,80,80,80,80,80,80,80,80,80,80,80,80,80],"relics":["Burning Blood","Vajra","Charon\u0027s Ashes","Dodecahedron","Letter Opener","Oddly Smooth Stone","Ancient Tea Set","Question Card","Old Coin","Lantern"],"card_choices":[{"not_picked":["Impervious","Juggernaut"],"picked":"Brutality"},{"not_picked":["Flex","Thunderclap"],"picked":"Uppercut"},{"not_picked":["Battle Trance","Clothesline"],"picked":"Clash"},{"not_picked":["Rupture","Feel No Pain"],"picked":"Blood for Blood"},{"not_picked":["Clash","Battle Trance"],"picked":"Warcry"},{"not_picked":["Pummel","Uppercut"],"picked":"Shrug It Off"},{"not_picked":["Dual Wield","Twin Strike"],"picked":"Blood for Blood"},{"not_picked":["Anger","Twin Strike"],"picked":"Inflame"},{"not_picked":["Spot Weakness","Heavy Blade"],"picked":"Fiend Fire"},{"not_picked":["Limit Break","Double Tap"],"picked":"Offering"},{"not_picked":["Headbutt","Flex","True Grit"],"picked":"Dropkick"},{"not_picked":["Sword Boomerang","Headbutt","Flex"],"picked":"Combust"},{"not_picked":["Clothesline","Demon Form","Heavy Blade"],"picked":"Shrug It Off"},{"not_picked":["Wild Strike","Warcry","Sword Boomerang"],"picked":"Anger"},{"not_picked":["Warcry","Cleave","Perfected Strike"],"picked":"Headbutt"}],"player_experience":0,"potions_floor_usage":[5,8,12,22,24,28,28,33,33],"damage_taken":[{"damage":13,"enemies":"Blue Slaver","floor":1,"turns":7},{"damage":1,"enemies":"Cultist","floor":4,"turns":3},{"damage":0,"enemies":"Jaw Worm","floor":5,"turns":1},{"damage":12,"enemies":"Gremlin Nob","floor":6,"turns":4},{"damage":19,"enemies":"Lagavulin","floor":8,"turns":4},{"damage":34,"enemies":"Gremlin Gang","floor":10,"turns":4},{"damage":15,"enemies":"Lots of Slimes","floor":11,"turns":3},{"damage":4,"enemies":"Gremlin Nob","floor":12,"turns":3},{"damage":37,"enemies":"Hexaghost","floor":16,"turns":7},{"damage":3,"enemies":"Spheric Guardian","floor":18,"turns":3},{"damage":14,"enemies":"Chosen","floor":19,"turns":4},{"damage":19,"enemies":"Slaver and Parasite","floor":21,"turns":4},{"damage":8,"enemies":"Sentry and Sphere","floor":22,"turns":3},{"damage":14,"enemies":"Chosen and Byrds","floor":24,"turns":4},{"damage":17,"enemies":"3 Cultists","floor":28,"turns":4},{"damage":13,"enemies":"Snecko","floor":31,"turns":4},{"damage":82,"enemies":"Automaton","floor":33,"turns":6}],"event_choices":[{"event_name":"Living Wall","player_choice":"Grow","floor":3,"damage_taken":0},{"event_name":"The Woman in Blue","player_choice":"Bought 3 Potions","floor":20,"damage_taken":0},{"event_name":"Cursed Tome","player_choice":"Ignored","floor":27,"damage_taken":0},{"event_name":"The Library","player_choice":"Heal","floor":29,"damage_taken":0}],"boss_relics":[{"not_picked":["Orrery","Cursed Key"],"picked":"Question Card"}],"potions_floor_spawned":[4,6,10,21,22,28],"seed_played":"-737079153236491104","killed_by":"Automaton","ascension_level":0,"is_trial":false}