{"path_per_floor":["M","?","?","M","M","R","E","R","T","R","$","R","E","M","R","B",null,"M","$","M","M","$","R","M","?","T","M","?","R","T","T","R","B",null,"M","M","$","M","?","R","$","M","T","M","R","?","M","M","R"],"character_chosen":"DEFECT","items_purchased":["Bottled Tornado","Self Repair"],"gold_per_floor":[111,111,111,128,147,147,178,178,202,202,127,127,186,202,202,302,302,314,214,227,238,113,113,123,48,73,87,87,87,111,190,190,293,323,343,358,32,45,45,45,45,59,59,77,77,77,92,112,112,112],"floor_reached":50,"campfire_rested":3,"playtime":3587,"current_hp_per_floor":[74,74,74,68,75,75,59,59,59,59,59,75,61,59,59,24,75,75,75,70,49,49,49,41,41,41,30,30,30,30,30,54,41,85,49,51,51,47,68,68,68,56,56,65,65,65,65,55,80,0],"items_purged":["Strike_B","Strike_B","Strike_B"],"gold":112,"score":452,"play_id":"23a4c3ea-6ede-49fa-9c52-eb79a962beec","local_time":"20180514221633","is_prod":false,"is_daily":false,"chose_seed":false,"is_ascension_mode":false,"campfire_upgraded":8,"timestamp":1526328993,"path_taken":["M","?","?","M","?","R","E","R","T","R","$","R","E","M","R","BOSS","M","$","M","M","$","R","M","?","T","M","?","R","?","?","R","BOSS","M","M","$","M","?","R","?","?","T","M","R","?","M","M","R","BOSS"],"build_version":"2018-05-12v2","seed_source_timestamp":25543778893531,"purchased_purges":4,"victory":false,"master_deck":["Defend_B","Defend_B","Defend_B","Zap+1","Dualcast+1","Lockon+1","Rebound+1","Ball Lightning+1","Leap+1","Creative AI+1","Storm+1","Ball Lightning","Machine Learning","White Noise+1","Self Repair","Self Repair","Leap","Amplify+1"],"max_hp_per_floor":[75,75,75,75,75,75,75,75,75,75,75,75,75,75,75,75,75,75,75,75,75,75,75,80,80,80,80,80,80,80,80,80,80,85,85,85,85,85,85,85,85,85,85,85,85,85,85,85,85,85],"relics":["Cracked Core","Anchor","Omamori","Tiny Chest","Nuclear Battery","Blood Vial","Calipers","Bronze Scales","Letter Opener","Tiny House","Bottled Tornado","Matryoshka"],"card_choices":[{"not_picked":["Coolheaded","Skim","Consume"],"picked":"SKIP","floor":1},{"not_picked":["Stack","Turbo"],"picked":"Lockon","floor":4},{"not_picked":["Force Field","Sweeping Beam"],"picked":"Rebound","floor":5},{"not_picked":["Coolheaded","Redo"],"picked":"Ball Lightning","floor":7},{"not_picked":["Sweeping Beam","Stack","Skim"],"picked":"SKIP","floor":13},{"not_picked":["Capacitor","Beam Cell"],"picked":"Leap","floor":14},{"not_picked":["Fusion","Echo Form"],"picked":"Creative AI","floor":16},{"not_picked":["Reprogram+1","Leap","Barrage"],"picked":"SKIP","floor":18},{"not_picked":["Turbo+1","Steam","Beam Cell"],"picked":"SKIP","floor":20},{"not_picked":["Leap+1","Go for the Eyes"],"picked":"Storm","floor":21},{"not_picked":["Scrape+1","Redo+1","Capacitor"],"picked":"SKIP","floor":24},{"not_picked":["Sunder","Axe Kick+1"],"picked":"Ball Lightning","floor":27},{"not_picked":["Seek","Multi-Cast"],"picked":"Machine Learning","floor":33},{"not_picked":["Reinforced Body","Melter"],"picked":"White Noise","floor":34},{"not_picked":["Loop","Sweeping Beam+1"],"picked":"Self Repair","floor":35},{"not_picked":["Stack+1","Beam Cell","Hologram+1"],"picked":"SKIP","floor":36},{"not_picked":["Skim","Streamline+1"],"picked":"Leap","floor":38},{"not_picked":["Redo+1","Rebound+1"],"picked":"Amplify","floor":42},{"not_picked":["Impulse+1","Coolheaded","Cold Snap+1"],"picked":"SKIP","floor":44},{"not_picked":["Impulse+1","Coolheaded","Cold Snap+1"],"picked":"SKIP","floor":44},{"not_picked":["Undo+1","Ball Lightning","Go for the Eyes+1"],"picked":"SKIP","floor":47},{"not_picked":["Rebound+1","Coolheaded","Streamline+1"],"picked":"SKIP","floor":48}],"player_experience":51540,"potions_floor_usage":[5,20,24,33,33,33,42,47,47,50],"damage_taken":[{"damage":1,"enemies":"Cultist","floor":1,"turns":4},{"damage":6,"enemies":"Jaw Worm","floor":4,"turns":3},{"damage":0,"enemies":"2 Louse","floor":5,"turns":4},{"damage":16,"enemies":"3 Sentries","floor":7,"turns":5},{"damage":14,"enemies":"Gremlin Nob","floor":13,"turns":3},{"damage":2,"enemies":"Blue Slaver","floor":14,"turns":2},{"damage":35,"enemies":"The Guardian","floor":16,"turns":8},{"damage":0,"enemies":"Chosen","floor":18,"turns":5},{"damage":5,"enemies":"Spheric Guardian","floor":20,"turns":3},{"damage":21,"enemies":"Snake Plant","floor":21,"turns":4},{"damage":13,"enemies":"Snecko","floor":24,"turns":6},{"damage":13,"enemies":"Cultist and Chosen","floor":27,"turns":4},{"damage":15,"enemies":"Champ","floor":33,"turns":7},{"damage":36,"enemies":"3 Darklings","floor":35,"turns":4},{"damage":0,"enemies":"Orb Walker","floor":36,"turns":3},{"damage":27,"enemies":"Sphere and 2 Shapes","floor":38,"turns":4},{"damage":14,"enemies":"Flame Bruiser 2 Orb","floor":42,"turns":4},{"damage":0,"enemies":"4 Shapes","floor":44,"turns":4},{"damage":16,"enemies":"Sphere and 2 Shapes","floor":47,"turns":4},{"damage":26,"enemies":"Maw","floor":48,"turns":7},{"damage":85,"enemies":"Donu and Deca","floor":50,"turns":5}],"event_choices":[{"event_name":"Living Wall","player_choice":"Forget","floor":2,"damage_taken":0},{"event_name":"Upgrade Shrine","player_choice":"Upgraded","floor":3,"damage_taken":0},{"event_name":"Beggar","player_choice":"Gave Gold","floor":25,"damage_taken":0},{"event_name":"The Mausoleum","player_choice":"Yes","floor":28,"damage_taken":0},{"event_name":"Winding Halls","player_choice":"Writhe","floor":39,"damage_taken":0},{"event_name":"Mysterious Sphere","player_choice":"Ignore","floor":46,"damage_taken":0}],"boss_relics":[{"not_picked":["Orrery","Ectoplasm"],"picked":"Nuclear Battery"},{"not_picked":["Black Star","Runic Pyramid"],"picked":"Tiny House"}],"potions_floor_spawned":[4,13,14,21,24,27,38,44,47],"seed_played":"3885966438006569096","killed_by":"Donu and Deca","ascension_level":0,"is_trial":false}