{"gold_per_floor":[113,288,288,301,69,108,108,138,190,215,239,239],"floor_reached":12,"playtime":1566,"items_purged":["Doubt"],"score":78,"play_id":"5d736df1-705e-4a06-9f2a-d7f3defbf4dc","local_time":"20190527221619","is_ascension_mode":false,"campfire_choices":[{"floor":7,"key":"REST"}],"neow_cost":"NONE","seed_source_timestamp":40011940689493,"circlet_count":0,"master_deck":["Strike_R","Strike_R","Strike_R","Strike_R","Strike_R","Defend_R","Defend_R","Defend_R","Defend_R","Bash","Headbutt","Clothesline","Reaper","Headbutt","Whirlwind","Disarm"],"relics":["Runic Pyramid","Golden Idol","Bronze Scales","Strawberry","Odd Mushroom","Bag of Preparation"],"potions_floor_usage":[12,12],"damage_taken":[{"damage":7,"enemies":"2 Louse","floor":1,"turns":3},{"damage":0,"enemies":"Small Slimes","floor":4,"turns":3},{"damage":30,"enemies":"3 Sentries","floor":6,"turns":9},{"damage":29,"enemies":"The Mushroom Lair","floor":8,"turns":5},{"damage":6,"enemies":"Jaw Worm","floor":10,"turns":3},{"damage":15,"enemies":"Large Slime","floor":11,"turns":5},{"damage":25,"enemies":"Lagavulin","floor":12,"turns":11}],"seed_played":"-5411671515438824611","potions_obtained":[{"floor":6,"key":"PowerPotion"},{"floor":8,"key":"Explosive Potion"},{"floor":10,"key":"EssenceOfSteel"}],"is_trial":false,"path_per_floor":["M","?","?","M","$","E","R","?","T","M","M","E"],"character_chosen":"IRONCLAD","items_purchased":["Bronze Scales"],"campfire_rested":1,"item_purchase_floors":[5],"current_hp_per_floor":[73,73,53,53,53,30,56,39,39,33,24,0],"gold":239,"neow_bonus":"BOSS_RELIC","is_prod":false,"is_daily":false,"chose_seed":false,"campfire_upgraded":0,"win_rate":0.0,"timestamp":1559009779,"path_taken":["M","?","?","M","$","E","R","?","T","M","M","E"],"build_version":"2019-01-23","purchased_purges":1,"victory":false,"max_hp_per_floor":[80,80,80,80,80,87,87,87,87,87,87,87],"card_choices":[{"not_picked":["Pommel Strike","Dropkick"],"picked":"Headbutt","floor":1},{"not_picked":["Power Through","Clash"],"picked":"Clothesline","floor":4},{"not_picked":["Hemokinesis","Dropkick"],"picked":"Reaper","floor":6},{"not_picked":["Clothesline","Warcry"],"picked":"Headbutt","floor":8},{"not_picked":["Perfected Strike","True Grit"],"picked":"Whirlwind","floor":10},{"not_picked":["Clothesline","Sword Boomerang"],"picked":"Disarm","floor":11}],"player_experience":4851,"relics_obtained":[{"floor":6,"key":"Strawberry"},{"floor":8,"key":"Odd Mushroom"},{"floor":9,"key":"Bag of Preparation"}],"event_choices":[{"damage_healed":0,"gold_gain":175,"player_choice":"AGREE","damage_taken":0,"max_hp_gain":0,"max_hp_loss":0,"event_name":"Liars Game","floor":2,"gold_loss":0,"cards_obtained":["Doubt"]},{"damage_healed":0,"gold_gain":0,"player_choice":"Take Damage","damage_taken":20,"relics_obtained":["Golden Idol"],"max_hp_gain":0,"max_hp_loss":0,"event_name":"Golden Idol","floor":3,"gold_loss":0},{"damage_healed":0,"gold_gain":0,"player_choice":"Fought Mushrooms","damage_taken":0,"max_hp_gain":0,"max_hp_loss":0,"event_name":"Mushrooms","floor":8,"gold_loss":0}],"is_beta":false,"boss_relics":[],"items_purged_floors":[5],"is_endless":false,"potions_floor_spawned":[6,8,10],"killed_by":"Lagavulin","ascension_level":0}