{"gold_per_floor":[112,42,42,52,69,103,103,135,135,135,147,147,158,176,176,273,273,289,300,300,300,300,300,300,300,300,318,347,193,108,0,0,96,96,106,122,47,47,67,67,33,33,33,33,33,33,33,0,0,0],"floor_reached":51,"playtime":4241,"items_purged":["Strike_B"],"score":1068,"play_id":"baa6ba99-dbc9-4b86-a93d-fc1f82d9fe8d","local_time":"20180708162909","is_ascension_mode":true,"campfire_choices":[{"data":"Defragment","floor":7,"key":"SMITH"},{"data":"Zap","floor":10,"key":"SMITH"},{"data":"Dualcast","floor":12,"key":"SMITH"},{"data":"Darkness","floor":15,"key":"SMITH"},{"data":"Biased Cognition","floor":23,"key":"SMITH"},{"floor":25,"key":"REST"},{"floor":32,"key":"REST"},{"data":"Rainbow","floor":40,"key":"SMITH"},{"data":"Defragment","floor":45,"key":"SMITH"},{"data":"Glacier","floor":47,"key":"SMITH"},{"data":"Ball Lightning","floor":49,"key":"SMITH"}],"neow_cost":"NONE","seed_source_timestamp":961142006523,"circlet_count":0,"master_deck":["Strike_B","Defend_B","Defend_B","Defend_B+1","Zap+1","Dualcast+1","Glacier+1","Defragment+1","Loop+1","Ball Lightning+1","Darkness+1","Biased Cognition+1","Leap+1","Glacier+1","Self Repair","Rainbow+1","Core Surge","Defragment+1","Clumsy","Darkness+1"],"relics":["Cracked Core","Juzu Bracelet","Bottled Lightning","War Paint","Nuclear Battery","Matryoshka","Potion Belt","Emotion Chip","Cursed Key","Mummified Hand","Bird Faced Urn","Mango","Red Mask"],"potions_floor_usage":[27,28,39,50,50,50,50],"damage_taken":[{"damage":4,"enemies":"Jaw Worm","floor":1,"turns":3},{"damage":0,"enemies":"Cultist","floor":4,"turns":4},{"damage":3,"enemies":"2 Louse","floor":5,"turns":2},{"damage":9,"enemies":"Lagavulin","floor":6,"turns":9},{"damage":8,"enemies":"Gremlin Nob","floor":8,"turns":6},{"damage":0,"enemies":"Looter","floor":11,"turns":3},{"damage":0,"enemies":"Red Slaver","floor":13,"turns":3},{"damage":0,"enemies":"2 Fungi Beasts","floor":14,"turns":3},{"damage":18,"enemies":"Hexaghost","floor":16,"turns":8},{"damage":14,"enemies":"3 Byrds","floor":18,"turns":3},{"damage":17,"enemies":"2 Thieves","floor":19,"turns":3},{"damage":19,"enemies":"Centurion and Healer","floor":27,"turns":3},{"damage":31,"enemies":"Gremlin Leader","floor":28,"turns":9},{"damage":24,"enemies":"Collector","floor":33,"turns":9},{"damage":33,"enemies":"3 Darklings","floor":35,"turns":7},{"damage":8,"enemies":"Orb Walker","floor":36,"turns":3},{"damage":0,"enemies":"Sphere and 2 Shapes","floor":39,"turns":5},{"damage":0,"floor":44,"turns":6},{"damage":51,"enemies":"Donu and Deca","floor":50,"turns":7}],"seed_played":"5683519835462446939","potions_obtained":[{"floor":6,"key":"Dexterity Potion"},{"floor":11,"key":"Ancient Potion"},{"floor":19,"key":"AttackPotion"},{"floor":33,"key":"FocusPotion"},{"floor":36,"key":"Explosive Potion"},{"floor":38,"key":"Fruit Juice"},{"floor":38,"key":"PowerPotion"},{"floor":44,"key":"SpeedPotion"}],"is_trial":false,"path_per_floor":["M","$","?","M","M","E","R","E","T","R","M","R","M","M","R","B",null,"M","M","?","?","?","R","?","R","T","M","E","$","?","?","R","B",null,"M","M","$","?","M","R","$","?","T","?","R","$","R","?","R","B"],"character_chosen":"DEFECT","items_purchased":["Defragment","Self Repair","Core Surge","Defragment"],"campfire_rested":2,"item_purchase_floors":[2,29,37,41],"current_hp_per_floor":[71,71,71,71,68,59,59,51,51,51,51,51,51,51,51,33,75,61,44,44,44,44,44,30,54,54,35,4,4,4,4,28,11,80,54,53,53,53,65,65,65,65,65,96,96,96,96,96,96,68],"gold":0,"neow_bonus":"REMOVE_CARD","is_prod":false,"is_daily":false,"chose_seed":false,"campfire_upgraded":9,"win_rate":0,"timestamp":1531060149,"path_taken":["M","$","?","M","?","E","R","E","T","R","M","R","M","M","R","BOSS","M","M","?","?","?","R","?","R","T","M","E","$","?","?","R","BOSS","M","M","$","?","M","R","$","?","T","?","R","$","R","?","R","BOSS"],"build_version":"2018-07-05","purchased_purges":1,"victory":true,"max_hp_per_floor":[75,75,75,75,75,75,75,75,75,75,75,75,75,75,75,75,75,75,75,75,75,75,75,80,80,80,80,80,80,80,80,80,80,80,80,80,80,80,85,85,85,85,85,99,99,99,99,99,99,99],"card_choices":[{"not_picked":["Redo","Leap"],"picked":"Glacier","floor":1},{"not_picked":["Beam Cell","Go for the Eyes","Steam"],"picked":"SKIP","floor":4},{"not_picked":["Steam Power","Sweeping Beam","Melter"],"picked":"SKIP","floor":5},{"not_picked":["Gash","Streamline"],"picked":"Loop","floor":6},{"not_picked":["Meteor Strike","Consume","Leap"],"picked":"SKIP","floor":8},{"not_picked":["Tempest","Reinforced Body"],"picked":"Ball Lightning","floor":11},{"not_picked":["Sunder","Cold Snap","Steam Power"],"picked":"SKIP","floor":13},{"not_picked":["Leap","Reprogram"],"picked":"Darkness","floor":14},{"not_picked":["Creative AI","Machine Learning"],"picked":"Biased Cognition","floor":16},{"not_picked":["Ball Lightning","Conserve Battery","Compile Driver"],"picked":"SKIP","floor":18},{"not_picked":["Stack","Doom and Gloom"],"picked":"Leap+1","floor":19},{"not_picked":["Beam Cell+1","Barrage"],"picked":"Glacier","floor":27},{"not_picked":["Hologram","Redo+1","Darkness"],"picked":"SKIP","floor":28},{"not_picked":["Biased Cognition","Meteor Strike"],"picked":"Rainbow","floor":33},{"not_picked":["Conserve Battery","Stack","Doom and Gloom+1"],"picked":"SKIP","floor":35},{"not_picked":["Rebound+1","Lockon","Gash"],"picked":"SKIP","floor":36},{"not_picked":["Leap","Beam Cell","Redo+1"],"picked":"SKIP","floor":39},{"not_picked":["Go for the Eyes","Sweeping Beam"],"picked":"Darkness+1","floor":44}],"player_experience":238058,"relics_obtained":[{"floor":6,"key":"Juzu Bracelet"},{"floor":8,"key":"Bottled Lightning"},{"floor":9,"key":"War Paint"},{"floor":26,"key":"Matryoshka"},{"floor":28,"key":"Potion Belt"},{"floor":43,"key":"Mummified Hand"},{"floor":43,"key":"Bird Faced Urn"},{"floor":44,"key":"Mango"}],"event_choices":[{"event_name":"Purifier","player_choice":"One Purge","floor":3,"damage_taken":0},{"event_name":"Purifier","player_choice":"One Purge","floor":20,"damage_taken":0},{"event_name":"Accursed Blacksmith","player_choice":"Forge","floor":21,"damage_taken":0},{"event_name":"Drug Dealer","player_choice":"Ignored","floor":22,"damage_taken":0},{"event_name":"Forgotten Altar","player_choice":"Shed Blood","floor":24,"damage_taken":0},{"event_name":"Addict","player_choice":"Obtained Relic","floor":30,"damage_taken":0},{"event_name":"Masked Bandits","player_choice":"Paid Bandits 108 gold","floor":31,"damage_taken":0},{"event_name":"The Lab","player_choice":"Got Potions","floor":38,"damage_taken":0},{"event_name":"Mysterious Sphere","player_choice":"Ignore","floor":42,"damage_taken":0},{"event_name":"MindBloom","player_choice":"Fight","floor":44,"damage_taken":0},{"event_name":"Tomb of Lord Red Mask","player_choice":"Paid","floor":48,"damage_taken":0}],"boss_relics":[{"not_picked":["Ectoplasm","Tiny House"],"picked":"Nuclear Battery"},{"not_picked":["Coffee Dripper","Calling Bell"],"picked":"Cursed Key"}],"items_purged_floors":[29],"is_endless":false,"potions_floor_spawned":[6,11,19,33,36,44],"ascension_level":4}