{"gold_per_floor":[118,137,151,161,175,201,219,238,265,265,299,299,317,417,417,516,516,529,228,242,253,264,264,289,28,28,51,83,105,143,169,181,296,308,336,348,374,403,415,454,566,578,590,602,168,168,201,219,219,219],"floor_reached":51,"playtime":3496,"items_purged":["Strike_R","Strike_R","Strike_R"],"score":815,"play_id":"9e8fe7f4-7120-48d8-b9d3-9b52432ba15b","local_time":"20190225222157","is_ascension_mode":false,"campfire_choices":[{"data":"Whirlwind","floor":10.0,"key":"SMITH"},{"data":"Limit Break","floor":12.0,"key":"SMITH"},{"data":"Flex","floor":15.0,"key":"SMITH"},{"data":"Heavy Blade","floor":23.0,"key":"SMITH"},{"floor":32.0,"key":"REST"},{"data":"Shockwave","floor":44.0,"key":"SMITH"},{"data":"Madness","floor":49,"key":"SMITH"}],"neow_cost":"NONE","seed_source_timestamp":991896173120352,"circlet_count":0,"master_deck":["Strike_R","Defend_R","Defend_R","Defend_R+1","Defend_R","Bash","Heavy Blade+1","Ghostly Armor","Whirlwind+1","Limit Break+1","Flex+1","Headbutt","Dual Wield","Shrug It Off","Disarm","Double Tap","True Grit+1","Clothesline+1","Rage+1","Offering","Shockwave+1","Flame Barrier","Reaper","Battle Trance+1","Inflame+1","Disarm","Madness","Madness+1","Armaments+1"],"special_seed":0,"relics":["Burning Blood","Torii","Omamori","Red Skull","Cursed Key","Lantern","Du-Vu Doll","MawBank","PreservedInsect","Mark of Pain","Juzu Bracelet","Turnip","Letter Opener","Shuriken","War Paint"],"potions_floor_usage":[50,50],"damage_taken":[{"damage":0.0,"enemies":"Small Slimes","floor":1.0,"turns":6.0},{"damage":5.0,"enemies":"Cultist","floor":2.0,"turns":4.0},{"damage":1.0,"enemies":"Jaw Worm","floor":3.0,"turns":6.0},{"damage":0.0,"enemies":"Looter","floor":4.0,"turns":4.0},{"damage":20.0,"enemies":"3 Louse","floor":5.0,"turns":5.0},{"damage":21.0,"enemies":"3 Sentries","floor":6.0,"turns":4.0},{"damage":8.0,"enemies":"Large Slime","floor":7.0,"turns":6.0},{"damage":2.0,"enemies":"Looter","floor":8.0,"turns":3.0},{"damage":14.0,"enemies":"Gremlin Nob","floor":11.0,"turns":5.0},{"damage":0.0,"enemies":"2 Fungi Beasts","floor":13.0,"turns":2.0},{"damage":22.0,"enemies":"Hexaghost","floor":16.0,"turns":14.0},{"damage":17.0,"enemies":"3 Byrds","floor":18.0,"turns":5.0},{"damage":3.0,"enemies":"Shell Parasite","floor":20.0,"turns":6.0},{"damage":1.0,"enemies":"Centurion and Healer","floor":21.0,"turns":3.0},{"damage":19.0,"enemies":"Cultist and Chosen","floor":22.0,"turns":6.0},{"damage":8.0,"enemies":"Book of Stabbing","floor":24.0,"turns":6.0},{"damage":2.0,"enemies":"Snake Plant","floor":27.0,"turns":3.0},{"damage":13.0,"enemies":"Centurion and Healer","floor":28.0,"turns":7.0},{"damage":33.0,"enemies":"Cultist and Chosen","floor":29.0,"turns":7.0},{"damage":17.0,"enemies":"Slavers","floor":30.0,"turns":3.0},{"damage":1.0,"enemies":"Snake Plant","floor":31.0,"turns":4.0},{"damage":44.0,"enemies":"Collector","floor":33.0,"turns":9.0},{"damage":5.0,"enemies":"3 Shapes","floor":35.0,"turns":9.0},{"damage":0.0,"enemies":"3 Darklings","floor":37.0,"turns":1.0},{"damage":26.0,"enemies":"4 Shapes","floor":38.0,"turns":7.0},{"damage":0.0,"enemies":"Nemesis","floor":40.0,"turns":3.0},{"damage":10.0,"enemies":"Mind Bloom Boss Battle","floor":41.0,"turns":6.0},{"damage":24.0,"enemies":"Reptomancer","floor":47.0,"turns":7.0},{"damage":11,"enemies":"Sphere and 2 Shapes","floor":48,"turns":7},{"damage":36,"enemies":"Donu and Deca","floor":50,"turns":6}],"seed_played":"4571529613275036801","potions_obtained":[{"floor":1.0,"key":"SteroidPotion"},{"floor":2.0,"key":"Weak Potion"},{"floor":3.0,"key":"PowerPotion"},{"floor":8.0,"key":"LiquidBronze"},{"floor":13.0,"key":"Energy Potion"},{"floor":20.0,"key":"Strength Potion"},{"floor":27.0,"key":"SneckoOil"},{"floor":28.0,"key":"SkillPotion"},{"floor":31.0,"key":"SkillPotion"},{"floor":33.0,"key":"Strength Potion"},{"floor":40.0,"key":"Swift Potion"},{"floor":41.0,"key":"Ancient Potion"}],"is_trial":false,"path_per_floor":["M","M","M","M","M","E","M","M","T","R","E","R","M","?","R","B",null,"M","$","M","M","M","R","E","$","T","M","M","M","E","M","R","B",null,"M","?","M","M","?","E","?","?","T","R","$","?","E","M","R","B",null],"character_chosen":"IRONCLAD","items_purchased":["Inflame","Lantern","Offering","Shuriken","Disarm"],"campfire_rested":1,"item_purchase_floors":[19,19,25,45,45],"current_hp_per_floor":[80,80,80,80,66,51,49,53,53,53,45,45,51,51,51,35,80,69,69,72,77,64,64,62,62,62,66,59,32,21,26,50,12,80,80,80,80,76,76,80,80,80,80,80,80,70,52,61,61,43],"gold":219,"neow_bonus":"REMOVE_CARD","is_prod":false,"is_daily":false,"chose_seed":false,"campfire_upgraded":6,"win_rate":0,"timestamp":1551100917,"path_taken":["M","M","M","M","M","E","M","M","T","R","E","R","M","?","R","BOSS","M","$","M","M","?","R","E","?","T","M","M","M","E","?","R","BOSS","M","?","M","M","?","E","?","?","T","R","$","?","E","M","R","BOSS"],"build_version":"2019-01-23","purchased_purges":3,"victory":true,"max_hp_per_floor":[80,80,80,80,80,80,80,80,80,80,80,80,80,80,80,80,80,80,80,80,80,80,80,80,80,80,80,80,80,80,80,80,80,80,80,80,80,80,80,80,80,80,80,80,80,80,80,80,80,80],"card_choices":[{"not_picked":["Perfected Strike","Sentinel"],"picked":"Heavy Blade","floor":1.0},{"not_picked":["Headbutt","Anger"],"picked":"Ghostly Armor","floor":2.0},{"not_picked":["Uppercut","Body Slam"],"picked":"Whirlwind","floor":3.0},{"not_picked":["Perfected Strike","Warcry"],"picked":"Limit Break","floor":4.0},{"not_picked":["Heavy Blade","Sword Boomerang"],"picked":"Flex","floor":5.0},{"not_picked":["Anger","Havoc"],"picked":"Headbutt","floor":6.0},{"not_picked":["Thunderclap","Clash"],"picked":"Dual Wield","floor":7.0},{"not_picked":["Wild Strike","Perfected Strike"],"picked":"Shrug It Off","floor":8.0},{"not_picked":["Rage","Juggernaut"],"picked":"Disarm","floor":11.0},{"not_picked":["Burning Pact","Thunderclap","Flex"],"picked":"SKIP","floor":13.0},{"not_picked":["Bludgeon","Demon Form"],"picked":"Double Tap","floor":16.0},{"not_picked":["Hemokinesis","Corruption"],"picked":"True Grit+1","floor":18.0},{"not_picked":["Shrug It Off","Clash+1"],"picked":"Clothesline+1","floor":20.0},{"not_picked":["Armaments","Fire Breathing","Rampage"],"picked":"SKIP","floor":21.0},{"not_picked":["Anger","Seeing Red","Iron Wave"],"picked":"SKIP","floor":22.0},{"not_picked":["Anger","Seeing Red","Iron Wave"],"picked":"SKIP","floor":22.0},{"not_picked":["Spot Weakness","Cleave"],"picked":"Rage","floor":24.0},{"not_picked":["Spot Weakness","Perfected Strike+1","Havoc+1"],"picked":"SKIP","floor":27.0},{"not_picked":["Infernal Blade","Wild Strike+1","Pummel"],"picked":"SKIP","floor":28.0},{"not_picked":["Fire Breathing","Heavy Blade"],"picked":"Shockwave","floor":29.0},{"not_picked":["Whirlwind","Flex+1"],"picked":"Flame Barrier","floor":30.0},{"not_picked":["Dark Embrace","Sword Boomerang","Combust"],"picked":"SKIP","floor":31.0},{"not_picked":["Exhume","Demon Form"],"picked":"Reaper","floor":33.0},{"not_picked":["Power Through+1","Clash+1","Reckless Charge+1"],"picked":"SKIP","floor":35.0},{"not_picked":["Wild Strike","Shrug It Off","Sword Boomerang"],"picked":"SKIP","floor":37.0},{"not_picked":["Pummel","Clothesline+1"],"picked":"Battle Trance+1","floor":38.0},{"not_picked":["Infernal Blade+1","Combust+1"],"picked":"Inflame+1","floor":40.0},{"not_picked":["Cleave+1","Exhume"],"picked":"Armaments+1","floor":47.0},{"not_picked":["Hemokinesis+1","Shrug It Off","Power Through+1"],"picked":"SKIP","floor":48}],"player_experience":256263,"relics_obtained":[{"floor":6.0,"key":"Torii"},{"floor":9.0,"key":"Omamori"},{"floor":11.0,"key":"Red Skull"},{"floor":24.0,"key":"Du-Vu Doll"},{"floor":26.0,"key":"MawBank"},{"floor":30.0,"key":"PreservedInsect"},{"floor":40.0,"key":"Juzu Bracelet"},{"floor":41.0,"key":"Turnip"},{"floor":43.0,"key":"Letter Opener"},{"floor":47.0,"key":"War Paint"}],"event_choices":[{"damage_healed":0.0,"max_hp_gain":0.0,"max_hp_loss":0.0,"gold_gain":100.0,"event_name":"Golden Shrine","player_choice":"Pray","floor":14.0,"gold_loss":0.0,"damage_taken":0.0},{"damage_healed":0.0,"max_hp_gain":0.0,"max_hp_loss":0.0,"gold_gain":0.0,"event_name":"SensoryStone","player_choice":"Memory 1","floor":36.0,"gold_loss":0.0,"damage_taken":0.0},{"cards_removed":["Inflame"],"damage_healed":0.0,"max_hp_gain":0.0,"max_hp_loss":0.0,"gold_gain":0.0,"event_name":"Falling","player_choice":"Removed Power","floor":39.0,"gold_loss":0.0,"damage_taken":0.0},{"damage_healed":0.0,"max_hp_gain":0.0,"max_hp_loss":0.0,"gold_gain":0.0,"event_name":"MindBloom","player_choice":"Fight","floor":41.0,"gold_loss":0.0,"damage_taken":0.0},{"damage_healed":0.0,"max_hp_gain":0.0,"max_hp_loss":0.0,"gold_gain":0.0,"event_name":"Tomb of Lord Red Mask","player_choice":"Ignored","floor":42.0,"gold_loss":0.0,"damage_taken":0.0},{"damage_healed":0.0,"max_hp_gain":0.0,"max_hp_loss":0.0,"gold_gain":0.0,"event_name":"Winding Halls","player_choice":"Embrace Madness","floor":46.0,"gold_loss":0.0,"damage_taken":10.0,"cards_obtained":["Madness","Madness"]}],"is_beta":false,"boss_relics":[{"not_picked":["Empty Cage","Coffee Dripper"],"picked":"Cursed Key"},{"not_picked":["Lizard Tail","Tiny House"],"picked":"Mark of Pain"}],"items_purged_floors":[19,25,45],"is_endless":false,"potions_floor_spawned":[1,2,3,8,13,20,27,28,31,33,40,41,48],"ascension_level":0}