{"gold_per_floor":[114,17,17,192,207,207,261,261,261,261,291,320,270,303,303,427,427,455,477,605,687,22,22,65,88,88,88,125,172,97,97,97,217,217,230,280,385,459,483,522,522,641,641,641,651,669,715,119,119,125],"floor_reached":51,"playtime":3920,"items_purged":["animator:Defend_Katanagatari"],"score":853,"play_id":"1c64f715-02d0-4d10-8b4d-0b753dca394c","local_time":"20190623211618","is_ascension_mode":true,"campfire_choices":[{"data":"animator:Chris","floor":6,"key":"SMITH"},{"data":"animator:Aqua","floor":8,"key":"SMITH"},{"data":"animator:Kazuma","floor":10,"key":"SMITH"},{"data":"animator:MetalKnight","floor":15,"key":"SMITH"},{"data":"Mayhem","floor":23,"key":"SMITH"},{"data":"animator:AcuraShin","floor":27,"key":"SMITH"},{"data":"animator:Melzalgald","floor":32,"key":"SMITH"},{"data":"animator:Shizu","floor":41,"key":"SMITH"},{"data":"animator:HououinKyouma","floor":44,"key":"SMITH"},{"data":"animator:Hitei","floor":49,"key":"SMITH"}],"neow_cost":"NONE","seed_source_timestamp":1100384892581810,"circlet_count":0,"master_deck":["animator:Strike_Konosuba","animator:Defend_Konosuba+1","animator:Kazuma+1","animator:Aqua+1","animator:Genos","animator:Defend_Katanagatari","animator:Defend_Kancolle","animator:Strike_NoGameNoLife","animator:Strike_HitsugiNoChaika","animator:Strike_OwariNoSeraph","animator:Chris+1","animator:MetalKnight+1","animator:MumenRider","animator:YunYun","animator:AcuraShin+1","animator:Melzalgald+1","animator:Mitsurugi","animator:Konayuki","Mayhem+1","animator:Gluttony+1","animator:YunYun+1","animator:Shizu+1","animator:YunYun+1","animator:HououinKyouma+1","animator:Souei+1","animator:HiiragiShinya","animator:Chung+1","animator:Hitei+1","animator:Demiurge","Chrysalis","animator:Shigure"],"relics":["animator:LivingPicture","animator:PurgingStone_Cards","animator:TheMissingPiece","Vajra","Singing Bowl","Coffee Dripper","animator:Hoodie","Pear","Kunai","Lantern","Thread and Needle","War Paint","Bronze Scales","animator:HallowedScabbard","SsserpentHead","Black Star","Ginger","Orichalcum","Happy Flower","CatCart","animator:ShionDessert","Mercury Hourglass","Dream Catcher","Blood Vial","PreservedInsect"],"potions_floor_usage":[16,28,35,40,40,42,42,45,50,50,50],"damage_taken":[{"damage":1,"enemies":"2 Louse","floor":1,"turns":5},{"damage":0,"enemies":"Small Slimes","floor":5,"turns":3},{"damage":54,"enemies":"3 Sentries","floor":7,"turns":16},{"damage":8,"enemies":"Jaw Worm","floor":11,"turns":3},{"damage":12,"enemies":"Exordium Wildlife","floor":12,"turns":5},{"damage":7,"enemies":"Looter","floor":14,"turns":4},{"damage":1,"enemies":"Slime Boss","floor":16,"turns":7},{"damage":1,"enemies":"Chosen","floor":18,"turns":4},{"damage":0,"enemies":"3 Byrds","floor":19,"turns":3},{"damage":20,"enemies":"Colosseum Slavers","floor":20,"turns":5},{"damage":13,"enemies":"Colosseum Nobs","floor":20,"turns":4},{"damage":54,"enemies":"Slavers","floor":24,"turns":6},{"damage":0,"enemies":"Snecko","floor":25,"turns":4},{"damage":0,"enemies":"Centurion and Healer","floor":28,"turns":5},{"damage":31,"enemies":"Book of Stabbing","floor":29,"turns":5},{"damage":39,"enemies":"Champ","floor":33,"turns":7},{"damage":13,"enemies":"3 Shapes","floor":35,"turns":4},{"damage":34,"enemies":"2 Orb Walkers","floor":37,"turns":3},{"damage":13,"enemies":"3 Darklings","floor":38,"turns":7},{"damage":19,"enemies":"Sphere and 2 Shapes","floor":39,"turns":4},{"damage":26,"enemies":"Reptomancer","floor":40,"turns":6},{"damage":12,"enemies":"Orin","floor":42,"turns":5},{"damage":16,"enemies":"4 Shapes","floor":45,"turns":3},{"damage":6,"enemies":"Jaw Worm Horde","floor":46,"turns":4},{"damage":45,"enemies":"Nemesis","floor":47,"turns":5},{"damage":45,"enemies":"Awakened One","floor":50,"turns":10}],"seed_played":"3975806051452496110","potions_obtained":[{"floor":11,"key":"LiquidBronze"},{"floor":12,"key":"Fire Potion"},{"floor":14,"key":"EssenceOfSteel"},{"floor":16,"key":"Fire Potion"},{"floor":29,"key":"SpeedPotion"},{"floor":35,"key":"SteroidPotion"},{"floor":40,"key":"EssenceOfSteel"},{"floor":42,"key":"Fire Potion"},{"floor":45,"key":"FairyPotion"},{"floor":47,"key":"animator:FalseLifePotion"}],"is_trial":false,"path_per_floor":["M","?","$","?","M","R","E","R","T","R","M","M","?","M","R","B",null,"M","M","?","T","$","R","E","M","T","R","M","E","$","?","R","B",null,"M","?","?","M","M","E","R","?","T","R","M","M","E","$","R","B",null],"character_chosen":"THE_ANIMATOR","items_purchased":["Lantern","Thread and Needle","Mayhem","animator:Gluttony","PreservedInsect","animator:Hitei","animator:Demiurge","Weak Potion","Poison Potion","Chrysalis","animator:Shigure"],"campfire_rested":0,"item_purchase_floors":[22,22,22,22,48,48,48,48,48,48,48],"current_hp_per_floor":[78,78,78,78,79,79,37,37,37,37,38,40,40,45,45,57,81,81,81,76,76,76,76,39,54,54,54,71,49,49,49,49,41,103,97,97,65,66,53,41,41,38,38,38,31,36,28,28,28,25],"gold":125,"neow_bonus":"TEN_PERCENT_HP_BONUS","is_prod":false,"is_daily":false,"chose_seed":false,"campfire_upgraded":10,"win_rate":0,"timestamp":1561338978,"path_taken":["M","?","$","?","M","R","E","R","T","R","M","M","?","?","R","BOSS","M","M","?","?","$","R","E","M","T","R","?","E","$","?","R","BOSS","M","?","?","?","M","E","R","?","T","R","M","M","E","$","R","BOSS"],"build_version":"2019-01-23","purchased_purges":1,"victory":true,"max_hp_per_floor":[79,79,79,79,79,79,79,79,79,79,79,81,81,81,81,81,81,81,81,91,91,91,91,93,98,98,98,103,103,103,103,103,103,103,103,103,105,105,107,109,109,109,109,109,111,111,113,113,113,113],"card_choices":[{"not_picked":["animator:MaesHughes","animator:Shinoa"],"picked":"animator:Genos","floor":1},{"not_picked":["animator:Kuribayashi","animator:Chung"],"picked":"animator:Chris","floor":5},{"not_picked":["animator:Genos","animator:Witch"],"picked":"animator:MetalKnight","floor":7},{"not_picked":["animator:Boros","animator:SilverFang"],"picked":"animator:MumenRider","floor":11},{"not_picked":["animator:Entoma","animator:ChlammyZell","animator:PandorasActor"],"picked":"Singing Bowl","floor":12},{"not_picked":["animator:Mitsuba","animator:Millim"],"picked":"animator:YunYun","floor":14},{"not_picked":["animator:Elesis","animator:Ainz"],"picked":"animator:AcuraShin","floor":16},{"not_picked":["animator:SilverFang","animator:MumenRider"],"picked":"animator:Melzalgald","floor":18},{"not_picked":["animator:MaesHughes","animator:Guy+1"],"picked":"animator:Mitsurugi","floor":19},{"not_picked":["animator:Gluttony","animator:MetalKnight"],"picked":"animator:Konayuki","floor":20},{"not_picked":["animator:ChlammyZell+1","animator:DwarfShaman","animator:Lancer"],"picked":"Singing Bowl","floor":24},{"not_picked":["animator:SilverFang","animator:MumenRider","animator:Boros"],"picked":"Singing Bowl","floor":25},{"not_picked":["animator:Chris","animator:TukaLunaMarceau","animator:Sloth"],"picked":"Singing Bowl","floor":28},{"not_picked":["animator:Sebas","animator:Souei"],"picked":"animator:YunYun+1","floor":29},{"not_picked":["animator:Boros","animator:Ainz"],"picked":"animator:Shizu","floor":33},{"not_picked":["animator:Darkness","animator:Chris"],"picked":"animator:YunYun+1","floor":35},{"not_picked":["animator:Zero","Good Instincts"],"picked":"animator:HououinKyouma","floor":36},{"not_picked":["animator:YaoHaDucy","animator:LeleiLaLalena+1","animator:Shalltear"],"picked":"Singing Bowl","floor":37},{"not_picked":["animator:Guy+1","animator:Vanir"],"picked":"animator:Souei+1","floor":38},{"not_picked":["animator:CrowleyEusford","animator:Aisha","animator:Kazuma+1"],"picked":"Singing Bowl","floor":39},{"not_picked":["animator:Geryuganshoop+1","animator:Tatsumaki+1","animator:Melzalgald+1"],"picked":"Singing Bowl","floor":40},{"not_picked":["animator:TukaLunaMarceau","animator:DolaRiku"],"picked":"animator:HiiragiShinya","floor":42},{"not_picked":["animator:Spearman","animator:Millim+1","animator:Rimuru"],"picked":"Singing Bowl","floor":45},{"not_picked":["animator:Elsword","animator:Gluttony+1"],"picked":"animator:Chung+1","floor":46},{"not_picked":["animator:Sonic","animator:MumenRider","animator:SilverFang"],"picked":"Singing Bowl","floor":47}],"player_experience":552567,"relics_obtained":[{"floor":7,"key":"Vajra"},{"floor":9,"key":"Singing Bowl"},{"floor":20,"key":"animator:Hoodie"},{"floor":20,"key":"Pear"},{"floor":21,"key":"Kunai"},{"floor":24,"key":"War Paint"},{"floor":26,"key":"Bronze Scales"},{"floor":29,"key":"animator:HallowedScabbard"},{"floor":37,"key":"Ginger"},{"floor":40,"key":"Orichalcum"},{"floor":40,"key":"Happy Flower"},{"floor":42,"key":"CatCart"},{"floor":43,"key":"animator:ShionDessert"},{"floor":46,"key":"Mercury Hourglass"},{"floor":47,"key":"Dream Catcher"},{"floor":47,"key":"Blood Vial"}],"event_choices":[{"damage_healed":0,"gold_gain":175,"player_choice":"AGREE","damage_taken":0,"max_hp_gain":0,"max_hp_loss":0,"event_name":"Liars Game","floor":4,"gold_loss":0,"cards_obtained":["Doubt"]},{"cards_removed":["Doubt"],"damage_healed":0,"gold_gain":0,"player_choice":"Card Removal","damage_taken":0,"max_hp_gain":0,"max_hp_loss":0,"event_name":"The Cleric","floor":13,"gold_loss":50},{"damage_healed":0,"gold_gain":0,"player_choice":"Fight","damage_taken":0,"max_hp_gain":0,"max_hp_loss":0,"event_name":"Colosseum","floor":20,"gold_loss":0},{"damage_healed":0,"gold_gain":0,"player_choice":"Fought Nobs","damage_taken":0,"max_hp_gain":0,"max_hp_loss":0,"event_name":"Colosseum","floor":20,"gold_loss":0},{"damage_healed":0,"gold_gain":0,"player_choice":"Trade","damage_taken":0,"relics_obtained":["SsserpentHead"],"max_hp_gain":0,"max_hp_loss":0,"event_name":"FaceTrader","floor":31,"gold_loss":0},{"damage_healed":0,"gold_gain":0,"player_choice":"Memory 1","damage_taken":0,"max_hp_gain":0,"max_hp_loss":0,"event_name":"SensoryStone","floor":36,"gold_loss":0},{"damage_healed":0,"gold_gain":0,"player_choice":"Fight","damage_taken":0,"max_hp_gain":0,"max_hp_loss":0,"event_name":"Mysterious Sphere","floor":37,"gold_loss":0},{"damage_healed":0,"gold_gain":0,"player_choice":"Fight","damage_taken":0,"max_hp_gain":0,"max_hp_loss":0,"event_name":"OrinTheCat","floor":42,"gold_loss":0}],"is_beta":false,"boss_relics":[{"not_picked":["Cursed Key","Sozu"],"picked":"Coffee Dripper"},{"not_picked":["Runic Pyramid","Orrery"],"picked":"Black Star"}],"items_purged_floors":[30],"is_endless":false,"potions_floor_spawned":[11,12,14,16,20,25,29,35,40,42,45,47],"ascension_level":1}