{"gold_per_floor":[118,118,19,35,49,49,59,91,91,91,103,3,3,3,3,106,106,121,121,396,415,74,74,87,87,87,115,134,134,151,151,151,256,256,269,7,18,36,36],"floor_reached":39,"playtime":2029,"items_purged":["Defend_R","Strike_R","Strike_R"],"score":451,"play_id":"3385acb3-6383-41b8-91ba-896546754190","local_time":"20190129232511","is_ascension_mode":false,"campfire_choices":[{"data":"Armaments","floor":6,"key":"SMITH"},{"data":"Flex","floor":10,"key":"SMITH"},{"data":"Twin Strike","floor":13,"key":"SMITH"},{"data":"Shrug It Off","floor":15,"key":"SMITH"},{"data":"Barricade","floor":23,"key":"SMITH"},{"data":"Shrug It Off","floor":25,"key":"SMITH"},{"data":"Bash","floor":29,"key":"SMITH"},{"floor":32,"key":"REST"}],"neow_cost":"NONE","seed_source_timestamp":134632923825185,"circlet_count":0,"master_deck":["Strike_R","Defend_R+1","Defend_R+1","Bash+1","Cleave","Shrug It Off+1","Flex+1","Armaments+1","Twin Strike+1","Heavy Blade","Cleave","Barricade+1","Cleave","Shrug It Off+1","Twin Strike","Evolve+1","Cleave","Juggernaut","Iron Wave+1","Clothesline+1"],"relics":["Burning Blood","Omamori","Potion Belt","Busted Crown","Mercury Hourglass","Oddly Smooth Stone","Pear","Happy Flower","War Paint","Empty Cage","Molten Egg 2"],"potions_floor_usage":[8],"damage_taken":[{"damage":2,"enemies":"Small Slimes","floor":1,"turns":5},{"damage":0,"enemies":"2 Louse","floor":4,"turns":3},{"damage":0,"enemies":"Jaw Worm","floor":5,"turns":3},{"damage":0,"enemies":"Large Slime","floor":7,"turns":5},{"damage":32,"enemies":"Lagavulin","floor":8,"turns":6},{"damage":8,"enemies":"Red Slaver","floor":11,"turns":2},{"damage":38,"enemies":"The Guardian","floor":16,"turns":13},{"damage":0,"enemies":"Spheric Guardian","floor":18,"turns":3},{"damage":0,"enemies":"3 Byrds","floor":21,"turns":3},{"damage":18,"enemies":"Centurion and Healer","floor":24,"turns":5},{"damage":42,"enemies":"Book of Stabbing","floor":27,"turns":7},{"damage":0,"enemies":"Sentry and Sphere","floor":28,"turns":4},{"damage":24,"enemies":"Snake Plant","floor":30,"turns":3},{"damage":35,"enemies":"Collector","floor":33,"turns":10},{"damage":3,"enemies":"3 Shapes","floor":35,"turns":3},{"damage":15,"enemies":"Orb Walker","floor":37,"turns":4},{"damage":54,"enemies":"Spire Growth","floor":38,"turns":6},{"damage":41,"enemies":"Writhing Mass","floor":39,"turns":4}],"seed_played":"-7159018099041508066","potions_obtained":[{"floor":1,"key":"Fire Potion"},{"floor":11,"key":"Ancient Potion"},{"floor":16,"key":"Ancient Potion"},{"floor":21,"key":"LiquidBronze"},{"floor":27,"key":"GamblersBrew"},{"floor":33,"key":"Swift Potion"},{"floor":38,"key":"Energy Potion"}],"is_trial":false,"path_per_floor":["M","?","$","M","M","R","M","E","T","R","M","$","R","?","R","B",null,"M","?","?","M","$","R","M","R","T","E","M","R","M","T","R","B",null,"M","$","M","M","M"],"character_chosen":"IRONCLAD","items_purchased":["Shrug It Off","Shrug It Off","Oddly Smooth Stone","Twin Strike","Molten Egg 2"],"campfire_rested":1,"item_purchase_floors":[3,22,22,22,36],"current_hp_per_floor":[88,88,88,88,88,88,88,62,62,62,60,60,60,60,60,28,88,88,88,88,88,88,88,76,76,86,50,56,56,38,38,67,38,98,98,98,89,41,0],"gold":36,"neow_bonus":"TEN_PERCENT_HP_BONUS","is_prod":false,"is_daily":false,"chose_seed":false,"campfire_upgraded":7,"win_rate":0.0,"timestamp":1548771911,"path_taken":["M","?","$","M","M","R","M","E","T","R","M","$","R","?","R","BOSS","M","?","?","M","$","R","M","R","T","E","M","R","?","?","R","BOSS","M","$","M","M","M"],"build_version":"2019-01-23","purchased_purges":3,"victory":false,"max_hp_per_floor":[88,88,88,88,88,88,88,88,88,88,88,88,88,88,88,88,88,88,88,88,88,88,88,88,88,98,98,98,98,98,98,98,98,98,98,98,98,98,98],"card_choices":[{"not_picked":["Reckless Charge","Power Through"],"picked":"Cleave","floor":1},{"not_picked":["Thunderclap","True Grit"],"picked":"Flex","floor":4},{"not_picked":["Dual Wield","Iron Wave"],"picked":"Armaments","floor":5},{"not_picked":["Impervious","Rampage"],"picked":"Twin Strike","floor":7},{"not_picked":["Reckless Charge","Clothesline"],"picked":"Heavy Blade","floor":8},{"not_picked":["Body Slam","Disarm"],"picked":"Cleave","floor":11},{"not_picked":["Double Tap","Dark Embrace"],"picked":"Barricade","floor":16},{"not_picked":[],"picked":"Cleave","floor":18},{"not_picked":["Sword Boomerang"],"picked":"SKIP","floor":21},{"not_picked":["Headbutt"],"picked":"SKIP","floor":24},{"not_picked":[],"picked":"Evolve+1","floor":27},{"not_picked":["Whirlwind"],"picked":"SKIP","floor":28},{"not_picked":[],"picked":"Cleave","floor":30},{"not_picked":[],"picked":"Juggernaut","floor":33},{"not_picked":["Rupture+1"],"picked":"SKIP","floor":35},{"not_picked":[],"picked":"Iron Wave+1","floor":37},{"not_picked":[],"picked":"Clothesline+1","floor":38}],"player_experience":27455,"relics_obtained":[{"floor":8,"key":"Omamori"},{"floor":9,"key":"Potion Belt"},{"floor":26,"key":"Pear"},{"floor":27,"key":"Happy Flower"},{"floor":31,"key":"War Paint"}],"event_choices":[{"cards_removed":["Strike_R"],"damage_healed":0,"gold_gain":0,"player_choice":"Forget","damage_taken":0,"max_hp_gain":0,"max_hp_loss":0,"event_name":"Living Wall","floor":2,"gold_loss":0},{"damage_healed":0,"gold_gain":0,"player_choice":"Leave","damage_taken":0,"max_hp_gain":0,"max_hp_loss":0,"event_name":"The Cleric","floor":14,"gold_loss":0},{"damage_healed":0,"gold_gain":0,"player_choice":"Stole Relic","damage_taken":0,"relics_obtained":["Mercury Hourglass"],"max_hp_gain":0,"max_hp_loss":0,"event_name":"Addict","floor":19,"gold_loss":0,"cards_obtained":["Shame"]},{"damage_healed":0,"gold_gain":275,"player_choice":"Desecrate","damage_taken":0,"max_hp_gain":0,"max_hp_loss":0,"event_name":"Golden Shrine","floor":20,"gold_loss":0,"cards_obtained":["Regret"]}],"is_beta":false,"boss_relics":[{"not_picked":["Runic Cube","Lizard Tail"],"picked":"Busted Crown"},{"not_picked":["Black Blood","White Beast Statue"],"picked":"Empty Cage"}],"items_purged_floors":[3,12,22],"is_endless":false,"potions_floor_spawned":[1,11,16,21,27,33,38],"killed_by":"Writhing Mass","ascension_level":0}