{"gold_per_floor":[117,127,202,30,30,30,30,30,30,30,43,58,75,92,92,189,189,200,200,211,9,9],"floor_reached":22,"playtime":2515,"items_purged":["Strike_P"],"score":176,"play_id":"711c46cc-bd12-41cc-ad38-6f6abaa6eaff","local_time":"20190910135034","is_ascension_mode":false,"campfire_choices":[{"data":"Halt","floor":6,"key":"SMITH"},{"data":"TalkToTheHand","floor":8,"key":"SMITH"},{"data":"Eruption","floor":10,"key":"SMITH"},{"data":"Weave","floor":15,"key":"SMITH"}],"neow_cost":"NONE","seed_source_timestamp":240202415840349,"circlet_count":0,"master_deck":["Strike_P+1","Strike_P","Strike_P","Defend_P","Defend_P","Defend_P+1","Defend_P","Eruption+1","Vigilance","TalkToTheHand+1","FollowUp+1","Halt+1","JustLucky","Weave+1","LessonLearned","EmptyFist","DeusExMachina","ThirdEye","Crescendo"],"relics":["PureWater","NeowsBlessing","Toy Ornithopter","Kunai","VioletLotus","Membership Card"],"potions_floor_usage":[12,14,16,20],"damage_taken":[{"damage":0,"enemies":"2 Louse","floor":1,"turns":1},{"damage":0,"enemies":"Small Slimes","floor":2,"turns":1},{"damage":0,"enemies":"Jaw Worm","floor":11,"turns":1},{"damage":0,"enemies":"Large Slime","floor":12,"turns":4},{"damage":0,"enemies":"Red Slaver","floor":13,"turns":3},{"damage":8,"enemies":"Exordium Wildlife","floor":14,"turns":3},{"damage":7,"enemies":"The Guardian","floor":16,"turns":17},{"damage":3,"enemies":"Shell Parasite","floor":18,"turns":10},{"damage":24,"enemies":"2 Thieves","floor":20,"turns":4},{"damage":33,"enemies":"Snake Plant","floor":22,"turns":3}],"seed_played":"364266741347547466","potions_obtained":[{"floor":2,"key":"Swift Potion"},{"floor":13,"key":"Energy Potion"},{"floor":14,"key":"Dexterity Potion"},{"floor":16,"key":"SpeedPotion"}],"is_trial":false,"path_per_floor":["M","M","?","$","?","R","$","R","T","R","M","M","M","M","R","B",null,"M","?","M","$","M"],"character_chosen":"WATCHER","items_purchased":["Toy Ornithopter","Halt","Membership Card","Crescendo"],"campfire_rested":0,"item_purchase_floors":[4,4,21,21],"current_hp_per_floor":[65,65,54,54,54,54,54,54,54,54,54,59,59,56,56,54,65,62,51,32,32,0],"gold":9,"neow_bonus":"THREE_ENEMY_KILL","is_prod":false,"is_daily":false,"chose_seed":false,"campfire_upgraded":4,"win_rate":0.0,"timestamp":1568137834,"path_taken":["M","M","?","$","?","R","$","R","T","R","M","M","?","M","R","BOSS","M","?","M","$","M"],"build_version":"2019-09-09v2","purchased_purges":1,"victory":false,"max_hp_per_floor":[65,65,65,65,65,65,65,65,65,65,65,65,65,65,65,65,65,65,70,70,70,70],"card_choices":[{"not_picked":["FlyingSleeves","CarveReality"],"picked":"TalkToTheHand","floor":1},{"not_picked":["EmptyMind","EmptyFist"],"picked":"FollowUp","floor":2},{"not_picked":["WindmillStrike","Halt"],"picked":"JustLucky","floor":11},{"not_picked":["CrushJoints","JustLucky"],"picked":"Weave","floor":12},{"not_picked":["FearNoEvil","Collect"],"picked":"LessonLearned","floor":13},{"not_picked":["Establishment","Scrawl"],"picked":"EmptyFist","floor":14},{"not_picked":["Judgement","Nirvana"],"picked":"DeusExMachina","floor":16},{"not_picked":["Crescendo","Vengeance"],"picked":"ThirdEye","floor":18},{"not_picked":["Tantrum","Sanctity","Scrawl+1"],"picked":"SKIP","floor":20}],"player_experience":165820,"relics_obtained":[{"floor":9,"key":"Kunai"}],"event_choices":[{"damage_healed":0,"gold_gain":75,"player_choice":"Gather Gold","damage_taken":11,"max_hp_gain":0,"max_hp_loss":0,"event_name":"World of Goop","floor":3,"gold_loss":0},{"damage_healed":0,"gold_gain":0,"player_choice":"Grow","damage_taken":0,"max_hp_gain":0,"max_hp_loss":0,"event_name":"Living Wall","floor":5,"gold_loss":0,"cards_upgraded":["FollowUp"]},{"damage_healed":0,"gold_gain":0,"player_choice":"Shed Blood","damage_taken":16,"max_hp_gain":5,"max_hp_loss":0,"event_name":"Forgotten Altar","floor":19,"gold_loss":0}],"is_beta":true,"boss_relics":[{"not_picked":["Runic Dome","Cursed Key"],"picked":"VioletLotus"}],"items_purged_floors":[21],"is_endless":false,"potions_floor_spawned":[2,13,14,16],"killed_by":"Snake Plant","ascension_level":0}