{"gold_per_floor":[118,128,128,128,140,167,184,199,271,304,304,82,107,120,120,225,225,241,258,270,43,43,43,77,77,77,111,111,122,150,150,150,249,249,261,314,1313,1313],"floor_reached":38,"playtime":2591,"items_purged":["Strike_G"],"score":489,"play_id":"5b8affed-1bdb-4446-a1a3-691bcec60c34","local_time":"20190601221143","is_ascension_mode":true,"campfire_choices":[{"floor":15,"key":"REST"},{"data":"A Thousand Cuts","floor":23,"key":"SMITH"},{"data":"Tools of the Trade","floor":25,"key":"SMITH"},{"floor":28,"key":"REST"},{"floor":32,"key":"REST"}],"neow_cost":"NONE","seed_source_timestamp":43438505629911,"circlet_count":0,"master_deck":["Defend_G+1","Defend_G+1","Defend_G","Defend_G","Defend_G","Survivor","Neutralize","Glass Knife+1","Backflip+1","Leg Sweep","Caltrops","Poisoned Stab","Envenom","Cloak And Dagger","Wraith Form v2","Infinite Blades","PiercingWail","A Thousand Cuts+1","Deadly Poison+1","Crippling Poison+1","All Out Attack+1","Finisher","Sucker Punch","Dodge and Roll+1","RitualDagger","Tools of the Trade+1","Bane","Normality","Normality"],"relics":["Ring of the Snake","Regal Pillow","Paper Crane","Pocketwatch","Blood Vial","Astrolabe","Pen Nib","Ancient Tea Set","Shuriken","Lantern","War Paint","Runic Pyramid","Ginger"],"potions_floor_usage":[8,16,19,30,36],"damage_taken":[{"damage":0,"enemies":"Small Slimes","floor":1,"turns":3},{"damage":0,"enemies":"2 Louse","floor":2,"turns":2},{"damage":0,"enemies":"Jaw Worm","floor":5,"turns":3},{"damage":15,"enemies":"Gremlin Nob","floor":6,"turns":4},{"damage":2,"enemies":"Exordium Thugs","floor":7,"turns":5},{"damage":17,"enemies":"Gremlin Gang","floor":8,"turns":5},{"damage":9,"enemies":"3 Sentries","floor":10,"turns":13},{"damage":0,"enemies":"Red Slaver","floor":14,"turns":5},{"damage":34,"enemies":"Hexaghost","floor":16,"turns":9},{"damage":6,"enemies":"Shell Parasite","floor":18,"turns":5},{"damage":7,"enemies":"2 Thieves","floor":19,"turns":5},{"damage":4,"enemies":"Centurion and Healer","floor":20,"turns":7},{"damage":4,"enemies":"Book of Stabbing","floor":24,"turns":7},{"damage":38,"enemies":"Gremlin Leader","floor":27,"turns":7},{"damage":6,"enemies":"Cultist and Chosen","floor":29,"turns":4},{"damage":30,"enemies":"Slavers","floor":30,"turns":5},{"damage":9,"enemies":"Colosseum Slavers","floor":31,"turns":5},{"damage":15,"enemies":"Champ","floor":33,"turns":11},{"damage":29,"enemies":"3 Shapes","floor":35,"turns":3},{"damage":42,"enemies":"2 Orb Walkers","floor":36,"turns":7},{"damage":8,"enemies":"3 Darklings","floor":38,"turns":4}],"seed_played":"-8794534636693753095","potions_obtained":[{"floor":1,"key":"GamblersBrew"},{"floor":6,"key":"Fruit Juice"},{"floor":7,"key":"Fire Potion"},{"floor":8,"key":"FearPotion"},{"floor":14,"key":"Energy Potion"},{"floor":18,"key":"AttackPotion"},{"floor":19,"key":"GamblersBrew"},{"floor":30,"key":"SteroidPotion"}],"is_trial":false,"path_per_floor":["M","M","?","?","M","E","M","M","T","E","?","$","T","M","R","B",null,"M","M","M","$","?","R","E","R","T","E","R","M","E","?","R","B",null,"M","?","?","M"],"character_chosen":"THE_SILENT","items_purchased":["Infinite Blades","Blood Vial","Pen Nib"],"campfire_rested":3,"item_purchase_floors":[12,12,21],"current_hp_per_floor":[70,70,63,49,49,34,32,20,20,11,11,11,11,13,50,18,75,69,64,62,62,56,56,54,54,54,18,55,51,23,16,53,40,75,46,6,6,0],"gold":1313,"neow_bonus":"ONE_RANDOM_RARE_CARD","is_prod":false,"is_daily":false,"chose_seed":false,"campfire_upgraded":2,"win_rate":0,"timestamp":1559441503,"path_taken":["M","M","?","?","M","E","M","M","T","E","?","$","?","?","R","BOSS","M","M","?","$","?","R","E","R","T","E","R","M","E","?","R","BOSS","M","?","?","M"],"build_version":"2019-01-23","purchased_purges":1,"victory":false,"max_hp_per_floor":[70,70,70,70,70,70,70,75,75,75,75,75,75,75,75,75,75,75,75,75,75,75,75,75,75,75,75,75,75,75,75,75,75,75,75,75,75,75],"card_choices":[{"not_picked":["Choke","Accuracy"],"picked":"Backflip","floor":1},{"not_picked":["Quick Slash","All Out Attack"],"picked":"Leg Sweep","floor":2},{"not_picked":["Heel Hook","Prepared"],"picked":"Caltrops","floor":5},{"not_picked":["Catalyst","Riddle With Holes"],"picked":"Poisoned Stab","floor":6},{"not_picked":["Underhanded Strike","Dagger Throw"],"picked":"Envenom","floor":7},{"not_picked":["Endless Agony","Quick Slash"],"picked":"Cloak And Dagger","floor":8},{"not_picked":["Poisoned Stab","Catalyst"],"picked":"Wraith Form v2","floor":10},{"not_picked":["Prepared","Choke"],"picked":"PiercingWail","floor":14},{"not_picked":["Adrenaline","Envenom"],"picked":"A Thousand Cuts","floor":16},{"not_picked":["Prepared","Quick Slash+1"],"picked":"Finisher","floor":18},{"not_picked":["Finisher","Backflip"],"picked":"Sucker Punch","floor":19},{"not_picked":["Terror","Bouncing Flask"],"picked":"Dodge and Roll+1","floor":20},{"not_picked":["Envenom","PiercingWail"],"picked":"Tools of the Trade","floor":24},{"not_picked":["Night Terror","Flying Knee"],"picked":"Bane","floor":27},{"not_picked":["Outmaneuver","Flying Knee","Escape Plan"],"picked":"SKIP","floor":29},{"not_picked":["Deflect+1","Envenom","Sucker Punch+1"],"picked":"SKIP","floor":30},{"not_picked":["Dodge and Roll+1","Prepared","Dagger Throw"],"picked":"SKIP","floor":35}],"player_experience":73736,"relics_obtained":[{"floor":6,"key":"Regal Pillow"},{"floor":9,"key":"Paper Crane"},{"floor":10,"key":"Pocketwatch"},{"floor":24,"key":"Ancient Tea Set"},{"floor":26,"key":"Shuriken"},{"floor":27,"key":"Lantern"},{"floor":30,"key":"War Paint"},{"floor":36,"key":"Ginger"}],"event_choices":[{"cards_removed":["Strike_G"],"damage_healed":0,"gold_gain":0,"player_choice":"Card Removal","damage_taken":7,"max_hp_gain":0,"max_hp_loss":0,"event_name":"Golden Wing","floor":3,"gold_loss":0},{"damage_healed":0,"gold_gain":0,"player_choice":"Entered Light","damage_taken":14,"max_hp_gain":0,"max_hp_loss":0,"event_name":"Shining Light","floor":4,"gold_loss":0,"cards_upgraded":["Glass Knife","Backflip"]},{"damage_healed":0,"gold_gain":0,"player_choice":"Searched \u00270\u0027 times","damage_taken":0,"max_hp_gain":0,"max_hp_loss":0,"event_name":"Dead Adventurer","floor":11,"gold_loss":0},{"damage_healed":0,"gold_gain":0,"player_choice":"Joined the Cult","damage_taken":6,"max_hp_gain":0,"max_hp_loss":0,"event_name":"Nest","floor":22,"gold_loss":0,"cards_obtained":["RitualDagger"]},{"damage_healed":0,"gold_gain":0,"player_choice":"Fight","damage_taken":0,"max_hp_gain":0,"max_hp_loss":0,"event_name":"Colosseum","floor":31,"gold_loss":0},{"damage_healed":0,"gold_gain":0,"player_choice":"Fled From Nobs","damage_taken":0,"max_hp_gain":0,"max_hp_loss":0,"event_name":"Colosseum","floor":31,"gold_loss":0},{"damage_healed":0,"gold_gain":0,"player_choice":"Fight","damage_taken":0,"max_hp_gain":0,"max_hp_loss":0,"event_name":"Mysterious Sphere","floor":36,"gold_loss":0},{"damage_healed":0,"gold_gain":999,"player_choice":"Gold","damage_taken":0,"max_hp_gain":0,"max_hp_loss":0,"event_name":"MindBloom","floor":37,"gold_loss":0,"cards_obtained":["Normality","Normality"]}],"is_beta":false,"boss_relics":[{"not_picked":["Orrery","Empty Cage"],"picked":"Astrolabe"},{"not_picked":["Runic Dome","Eternal Feather"],"picked":"Runic Pyramid"}],"items_purged_floors":[21],"is_endless":false,"potions_floor_spawned":[1,6,7,8,14,18,19,30,31],"killed_by":"3 Darklings","ascension_level":1}