{"gold_per_floor":[110,122,122,137,28,59,74,94,94,94,194,24,36,371,371,472,472,490,509,509,153,164,189,189,202,202,218,218,218,9,9,9,112,112,130,0,11,25,25,25,43,62,62,92,92,12,24,35,35,35,35,35,35,35],"floor_reached":54,"playtime":3700,"items_purged":["Strike_R","Strike_R","Strike_R"],"score":836,"play_id":"58b208bf-a35b-432b-925d-1d4522e7889f","local_time":"20190620221222","is_ascension_mode":true,"campfire_choices":[{"floor":15,"key":"REST"},{"floor":24,"key":"REST"},{"data":"Armaments","floor":28,"key":"SMITH"},{"data":"Juggernaut","floor":32,"key":"SMITH"},{"floor":40,"key":"RECALL"},{"floor":45,"key":"REST"},{"data":"Power Through","floor":49,"key":"SMITH"},{"data":"Demon Form","floor":52,"key":"SMITH"}],"neow_cost":"NONE","seed_source_timestamp":43014570906002,"circlet_count":0,"master_deck":["Defend_R","Defend_R","Defend_R","Defend_R","Bash","Juggernaut+1","Headbutt","Burning Pact","Power Through+1","Second Wind","Iron Wave","Armaments+1","Rampage","Headbutt","Flame Barrier","Demon Form+1","Inflame","Shrug It Off+1","Disarm","Anger","Exhume","Havoc+1","Headbutt","Metallicize","Immolate","Evolve"],"relics":["Black Blood","Mummified Hand","Gambling Chip","Old Coin","Runic Pyramid","Enchiridion","Blood Vial","Kunai","Bird Faced Urn","Frozen Eye","Red Mask","Oddly Smooth Stone"],"potions_floor_usage":[6,16,16,33,33,42,50,50],"damage_taken":[{"damage":7,"enemies":"Small Slimes","floor":1,"turns":4},{"damage":0,"enemies":"Cultist","floor":2,"turns":3},{"damage":0,"enemies":"Jaw Worm","floor":4,"turns":4},{"damage":37,"enemies":"Gremlin Nob","floor":6,"turns":4},{"damage":6,"enemies":"Lots of Slimes","floor":7,"turns":5},{"damage":2,"enemies":"2 Fungi Beasts","floor":8,"turns":3},{"damage":5,"enemies":"Blue Slaver","floor":13,"turns":6},{"damage":18,"enemies":"3 Sentries","floor":14,"turns":8},{"damage":6,"enemies":"Hexaghost","floor":16,"turns":10},{"damage":13,"enemies":"2 Thieves","floor":18,"turns":5},{"damage":0,"enemies":"3 Byrds","floor":19,"turns":5},{"damage":29,"enemies":"Cultist and Chosen","floor":22,"turns":7},{"damage":38,"enemies":"Book of Stabbing","floor":23,"turns":8},{"damage":11,"enemies":"Snake Plant","floor":25,"turns":6},{"damage":0,"enemies":"Chosen and Byrds","floor":27,"turns":6},{"damage":41,"enemies":"Collector","floor":33,"turns":9},{"damage":11,"enemies":"3 Shapes","floor":35,"turns":5},{"damage":52,"enemies":"3 Darklings","floor":37,"turns":8},{"damage":0,"enemies":"Maw","floor":38,"turns":8},{"damage":27,"enemies":"Sphere and 2 Shapes","floor":41,"turns":9},{"damage":39,"enemies":"Writhing Mass","floor":42,"turns":6},{"damage":17,"enemies":"Nemesis","floor":44,"turns":7},{"damage":43,"enemies":"Spire Growth","floor":47,"turns":6},{"damage":4,"enemies":"4 Shapes","floor":48,"turns":2},{"damage":59,"enemies":"Time Eater","floor":50,"turns":12},{"damage":117,"enemies":"Shield and Spear","floor":54,"turns":6}],"seed_played":"-8599723853488705200","potions_obtained":[{"floor":1,"key":"EssenceOfSteel"},{"floor":3,"key":"Poison Potion"},{"floor":3,"key":"SneckoOil"},{"floor":6,"key":"EssenceOfSteel"},{"floor":13,"key":"Ancient Potion"},{"floor":23,"key":"Poison Potion"},{"floor":25,"key":"Poison Potion"},{"floor":33,"key":"AttackPotion"},{"floor":42,"key":"Block Potion"},{"floor":47,"key":"Dexterity Potion"},{"floor":48,"key":"Fire Potion"}],"is_trial":false,"path_per_floor":["M","M","?","M","$","E","M","M","T","?","?","$","M","E","R","B",null,"M","M","?","$","M","E","R","M","T","M","R","?","$","?","R","B",null,"M","?","M","M","?","R","M","M","T","E","R","$","M","M","R","B",null,"R","$","E"],"character_chosen":"IRONCLAD","items_purchased":["Power Through","Rampage","Blood Vial","Inflame","Frozen Eye","Evolve"],"campfire_rested":3,"item_purchase_floors":[5,12,21,21,30,46],"current_hp_per_floor":[79,80,80,80,80,49,49,53,53,46,46,46,47,35,59,59,80,73,79,63,63,42,12,36,33,33,49,49,49,49,49,49,24,80,79,79,40,60,60,60,53,36,36,41,65,65,46,62,62,27,80,80,80,0],"gold":35,"neow_bonus":"TRANSFORM_CARD","is_prod":false,"is_daily":false,"chose_seed":false,"campfire_upgraded":4,"win_rate":0,"timestamp":1561083142,"path_taken":["M","M","?","?","?","E","M","?","T","?","?","$","?","E","R","BOSS","M","?","?","$","M","E","R","M","T","M","R","?","$","?","R","BOSS","M","?","M","M","?","R","M","M","T","E","R","$","M","M","R","BOSS","R","$","E"],"build_version":"2019-01-23","purchased_purges":3,"victory":false,"max_hp_per_floor":[80,80,80,80,80,80,80,80,80,80,80,80,80,80,80,80,80,80,80,80,80,80,80,80,80,80,80,80,80,80,80,80,80,80,80,80,80,80,80,80,80,80,80,80,80,80,80,80,80,80,80,80,80,80],"card_choices":[{"not_picked":["Dropkick","Havoc"],"picked":"Rage","floor":1},{"not_picked":["Intimidate","Sever Soul"],"picked":"Headbutt","floor":2},{"not_picked":["Body Slam","Perfected Strike"],"picked":"Burning Pact","floor":4},{"not_picked":["Juggernaut","Body Slam"],"picked":"Second Wind","floor":6},{"not_picked":["Body Slam","Combust"],"picked":"Iron Wave","floor":7},{"not_picked":["Spot Weakness","Clash"],"picked":"Armaments","floor":8},{"not_picked":["Wild Strike","Rage"],"picked":"Headbutt","floor":13},{"not_picked":["Rampage","Ghostly Armor"],"picked":"Flame Barrier","floor":14},{"not_picked":["Impervious","Berserk"],"picked":"Demon Form","floor":16},{"not_picked":["True Grit","Perfected Strike"],"picked":"Reckless Charge","floor":18},{"not_picked":["Sever Soul","Rupture","Perfected Strike+1"],"picked":"SKIP","floor":19},{"not_picked":["Pommel Strike","Sword Boomerang"],"picked":"Shrug It Off+1","floor":22},{"not_picked":["Flex","Armaments"],"picked":"Disarm","floor":23},{"not_picked":["Blood for Blood","Dual Wield","Armaments"],"picked":"SKIP","floor":25},{"not_picked":["Intimidate","Armaments+1"],"picked":"Anger","floor":27},{"not_picked":["Double Tap","Demon Form"],"picked":"Exhume","floor":33},{"not_picked":["Reckless Charge","Sword Boomerang"],"picked":"Havoc+1","floor":35},{"not_picked":["Pommel Strike+1","Havoc+1","Burning Pact+1"],"picked":"SKIP","floor":37},{"not_picked":["Burning Pact+1","Clash+1","Shrug It Off+1"],"picked":"SKIP","floor":38},{"not_picked":["Flex+1","Body Slam+1"],"picked":"Metallicize","floor":41},{"not_picked":["Anger+1","Armaments+1","Rupture"],"picked":"SKIP","floor":42},{"not_picked":["Reckless Charge","Armaments"],"picked":"Immolate","floor":44},{"not_picked":["Iron Wave+1","Warcry+1","Sword Boomerang"],"picked":"SKIP","floor":47},{"not_picked":["Armaments","Whirlwind","Headbutt+1"],"picked":"SKIP","floor":48}],"player_experience":168928,"relics_obtained":[{"floor":6,"key":"Mummified Hand"},{"floor":9,"key":"Gambling Chip"},{"floor":14,"key":"Old Coin"},{"floor":20,"key":"Enchiridion"},{"floor":23,"key":"Kunai"},{"floor":26,"key":"Bird Faced Urn"},{"floor":44,"key":"Oddly Smooth Stone"}],"event_choices":[{"damage_healed":0,"gold_gain":0,"player_choice":"Got Potions","damage_taken":0,"max_hp_gain":0,"max_hp_loss":0,"event_name":"Lab","floor":3,"gold_loss":0},{"cards_removed":["Strike_R"],"damage_healed":0,"gold_gain":0,"player_choice":"Card Removal","damage_taken":7,"max_hp_gain":0,"max_hp_loss":0,"event_name":"Golden Wing","floor":10,"gold_loss":0},{"damage_healed":0,"gold_gain":100,"player_choice":"Pray","damage_taken":0,"max_hp_gain":0,"max_hp_loss":0,"event_name":"Golden Shrine","floor":11,"gold_loss":0},{"damage_healed":0,"gold_gain":0,"player_choice":"Obtained Book","damage_taken":16,"max_hp_gain":0,"max_hp_loss":0,"event_name":"Cursed Tome","floor":20,"gold_loss":0},{"cards_removed":["Rage"],"damage_healed":0,"gold_gain":0,"player_choice":"Elegance","damage_taken":0,"max_hp_gain":0,"max_hp_loss":0,"event_name":"Back to Basics","floor":29,"gold_loss":0},{"damage_healed":0,"gold_gain":0,"player_choice":"Ignored","damage_taken":0,"max_hp_gain":0,"max_hp_loss":0,"event_name":"Beggar","floor":31,"gold_loss":0},{"damage_healed":0,"gold_gain":0,"player_choice":"Paid","damage_taken":0,"relics_obtained":["Red Mask"],"max_hp_gain":0,"max_hp_loss":0,"event_name":"Tomb of Lord Red Mask","floor":36,"gold_loss":130},{"damage_healed":0,"gold_gain":0,"cards_transformed":["Reckless Charge"],"player_choice":"Transformed","damage_taken":0,"max_hp_gain":0,"max_hp_loss":0,"event_name":"Transmorgrifier","floor":39,"gold_loss":0,"cards_obtained":["Headbutt"]}],"is_beta":false,"boss_relics":[{"not_picked":["Mark of Pain","Black Star"],"picked":"Runic Pyramid"},{"not_picked":["Orrery","Calling Bell"],"picked":"Black Blood"}],"items_purged_floors":[5,12,21],"is_endless":false,"potions_floor_spawned":[1,4,6,13,14,23,25,27,33,42,47,48],"killed_by":"Shield and Spear","ascension_level":4}