{"gold_per_floor":[111,124,144,164,176,206,206,223,223,248,248,279,279,297,297,396,396,407,109,109,109,109,135,153,153,153,166,183,183,194,207,207,305,305,318,335,81,131,131,162,162,197,249,249,64,98,115,135,135,135],"floor_reached":51,"playtime":2855,"items_purged":["Strike_R","Rupture"],"score":843,"play_id":"dae62881-620e-45da-876c-4d2854c499fe","local_time":"20190206223535","is_ascension_mode":true,"campfire_choices":[{"data":"Armaments","floor":7,"key":"SMITH"},{"data":"Entrench","floor":11,"key":"SMITH"},{"data":"Body Slam","floor":13,"key":"SMITH"},{"data":"Bash","floor":15,"key":"SMITH"},{"data":"Double Tap","floor":25,"key":"SMITH"},{"floor":29,"key":"REST"},{"data":"Whirlwind","floor":32,"key":"SMITH"},{"floor":41,"key":"REST"},{"data":"Spot Weakness","floor":44,"key":"SMITH"},{"data":"Corruption","floor":49,"key":"SMITH"}],"neow_cost":"NONE","seed_source_timestamp":822044278983847,"circlet_count":0,"master_deck":["Bash+1","Battle Trance","Iron Wave","Entrench+1","Armaments+1","Double Tap+1","Body Slam+1","Impervious","Immolate","Intimidate","Bludgeon","Metallicize","RitualDagger","Seeing Red+1","Carnage+1","Whirlwind+1","Spot Weakness+1","Impervious","Feed","Iron Wave","Fiend Fire","Blood for Blood","Disarm","Corruption+1","Shrug It Off","Havoc+1","Shrug It Off+1","Feel No Pain","RitualDagger","Metallicize+1","Impervious","Exhume","Havoc+1"],"relics":["Burning Blood","PreservedInsect","Self Forming Clay","Blue Candle","Pantograph","Sozu","Oddly Smooth Stone","Nilry\u0027s Codex","Regal Pillow","Bottled Flame","Pandora\u0027s Box","Bottled Lightning","Unceasing Top","Happy Flower","Mummified Hand","Smiling Mask","Anchor"],"potions_floor_usage":[2,6,6,8,23,35],"damage_taken":[{"damage":0,"enemies":"Cultist","floor":1,"turns":4},{"damage":1,"enemies":"Jaw Worm","floor":2,"turns":2},{"damage":4,"enemies":"2 Louse","floor":3,"turns":3},{"damage":11,"enemies":"Exordium Wildlife","floor":4,"turns":6},{"damage":1,"enemies":"2 Fungi Beasts","floor":5,"turns":5},{"damage":21,"enemies":"3 Sentries","floor":6,"turns":10},{"damage":17,"enemies":"Gremlin Gang","floor":8,"turns":7},{"damage":11,"enemies":"Lagavulin","floor":10,"turns":7},{"damage":14,"enemies":"3 Sentries","floor":12,"turns":9},{"damage":5,"enemies":"Exordium Thugs","floor":14,"turns":5},{"damage":33,"enemies":"The Guardian","floor":16,"turns":13},{"damage":15,"enemies":"2 Thieves","floor":18,"turns":3},{"damage":6,"enemies":"Book of Stabbing","floor":23,"turns":5},{"damage":1,"enemies":"Spheric Guardian","floor":24,"turns":4},{"damage":2,"enemies":"Snake Plant","floor":27,"turns":5},{"damage":9,"enemies":"Shelled Parasite and Fungi","floor":28,"turns":5},{"damage":10,"enemies":"Chosen and Byrds","floor":30,"turns":4},{"damage":22,"enemies":"Snecko","floor":31,"turns":6},{"damage":8,"enemies":"Champ","floor":33,"turns":11},{"damage":0,"enemies":"Orb Walker","floor":35,"turns":2},{"damage":12,"enemies":"3 Shapes","floor":36,"turns":2},{"damage":38,"enemies":"2 Orb Walkers","floor":38,"turns":5},{"damage":27,"enemies":"Giant Head","floor":40,"turns":7},{"damage":16,"enemies":"Reptomancer","floor":42,"turns":4},{"damage":0,"enemies":"Giant Head","floor":46,"turns":5},{"damage":16,"enemies":"Maw","floor":47,"turns":6},{"damage":0,"enemies":"Sphere and 2 Shapes","floor":48,"turns":3},{"damage":66,"enemies":"Time Eater","floor":50,"turns":12}],"seed_played":"4388374740946640519","potions_obtained":[{"floor":0,"key":"SmokeBomb"},{"floor":0,"key":"LiquidBronze"},{"floor":0,"key":"AttackPotion"},{"floor":3,"key":"Regen Potion"},{"floor":5,"key":"Energy Potion"},{"floor":8,"key":"SneckoOil"},{"floor":10,"key":"GamblersBrew"},{"floor":16,"key":"Poison Potion"}],"is_trial":false,"path_per_floor":["M","M","M","M","M","E","R","M","T","E","R","E","R","M","R","B",null,"M","$","?","?","?","E","M","R","T","M","M","R","M","M","R","B",null,"M","M","$","?","?","E","R","E","T","R","$","E","M","M","R","B",null],"character_chosen":"IRONCLAD","items_purchased":["Oddly Smooth Stone","Metallicize","Bottled Lightning","Impervious"],"campfire_rested":2,"item_purchase_floors":[19,19,37,45],"current_hp_per_floor":[80,80,80,75,80,65,65,69,69,64,64,56,56,57,57,53,80,71,71,55,49,34,34,39,39,39,43,40,80,76,60,60,83,85,85,79,79,47,47,26,66,59,59,59,59,65,58,64,64,29],"gold":135,"neow_bonus":"THREE_SMALL_POTIONS","is_prod":false,"is_daily":false,"chose_seed":false,"campfire_upgraded":8,"win_rate":0,"timestamp":1549460135,"path_taken":["M","M","M","M","M","E","R","M","T","E","R","E","R","?","R","BOSS","M","$","?","?","?","E","M","R","T","M","M","R","?","M","R","BOSS","M","M","$","?","?","E","R","E","T","R","$","E","M","M","R","BOSS"],"build_version":"2019-01-23","purchased_purges":2,"victory":true,"max_hp_per_floor":[80,80,80,80,80,80,80,80,80,80,80,80,80,80,80,80,80,80,80,80,80,85,85,85,85,85,85,85,85,85,85,85,85,85,85,85,85,85,85,85,85,88,88,88,88,88,91,91,91,91],"card_choices":[{"not_picked":["Pummel","Rupture","Evolve"],"picked":"SKIP","floor":1},{"not_picked":["Ghostly Armor","Twin Strike"],"picked":"Battle Trance","floor":2},{"not_picked":["Feel No Pain","Cleave"],"picked":"Iron Wave","floor":3},{"not_picked":["Evolve","Anger"],"picked":"Entrench","floor":4},{"not_picked":["Hemokinesis","Clash"],"picked":"Armaments","floor":5},{"not_picked":["Clothesline","Rampage"],"picked":"Double Tap","floor":6},{"not_picked":["Anger","Headbutt"],"picked":"Body Slam","floor":8},{"not_picked":["Thunderclap","Twin Strike"],"picked":"Impervious","floor":10},{"not_picked":["Carnage","Headbutt"],"picked":"Immolate","floor":12},{"not_picked":["Sword Boomerang","Armaments"],"picked":"Intimidate","floor":14},{"not_picked":["Berserk","Double Tap"],"picked":"Bludgeon","floor":16},{"not_picked":["Evolve+1","Uppercut","Anger"],"picked":"SKIP","floor":18},{"not_picked":["Pummel","Iron Wave","Feel No Pain"],"picked":"SKIP","floor":23},{"not_picked":["Combust","Clash"],"picked":"Seeing Red+1","floor":24},{"not_picked":["Carnage","Clash","Searing Blow"],"picked":"SKIP","floor":27},{"not_picked":["Clash+1","Wild Strike+1"],"picked":"Carnage+1","floor":28},{"not_picked":["Sever Soul+1","Sword Boomerang+1"],"picked":"Whirlwind","floor":30},{"not_picked":["Ghostly Armor","Feel No Pain"],"picked":"Spot Weakness","floor":31},{"not_picked":["Feed","Double Tap"],"picked":"Impervious","floor":33},{"not_picked":["Blood for Blood","Clothesline+1"],"picked":"Havoc+1","floor":35},{"not_picked":["Armaments","Spot Weakness"],"picked":"Shrug It Off+1","floor":36},{"not_picked":["Headbutt+1","Cleave+1"],"picked":"Feel No Pain","floor":38},{"not_picked":["Disarm","Armaments","Infernal Blade+1"],"picked":"SKIP","floor":40},{"not_picked":["Iron Wave+1","Intimidate+1"],"picked":"Metallicize+1","floor":42},{"not_picked":["Fire Breathing+1","Thunderclap"],"picked":"Exhume","floor":46},{"not_picked":["Warcry","Thunderclap+1","Clash"],"picked":"SKIP","floor":47},{"not_picked":["Twin Strike","Bloodletting+1"],"picked":"Havoc+1","floor":48}],"player_experience":182292,"relics_obtained":[{"floor":6,"key":"PreservedInsect"},{"floor":9,"key":"Self Forming Clay"},{"floor":10,"key":"Blue Candle"},{"floor":12,"key":"Pantograph"},{"floor":20,"key":"Nilry\u0027s Codex"},{"floor":23,"key":"Regal Pillow"},{"floor":26,"key":"Bottled Flame"},{"floor":38,"key":"Unceasing Top"},{"floor":40,"key":"Happy Flower"},{"floor":42,"key":"Mummified Hand"},{"floor":43,"key":"Smiling Mask"},{"floor":46,"key":"Anchor"}],"event_choices":[{"damage_healed":0,"gold_gain":0,"player_choice":"Obtained Book","damage_taken":16,"max_hp_gain":0,"max_hp_loss":0,"event_name":"Cursed Tome","floor":20,"gold_loss":0},{"damage_healed":0,"gold_gain":0,"player_choice":"Joined the Cult","damage_taken":6,"max_hp_gain":0,"max_hp_loss":0,"event_name":"Nest","floor":21,"gold_loss":0,"cards_obtained":["RitualDagger"]},{"damage_healed":0,"gold_gain":0,"player_choice":"Shed Blood","damage_taken":20,"max_hp_gain":5,"max_hp_loss":0,"event_name":"Forgotten Altar","floor":22,"gold_loss":0},{"damage_healed":0,"gold_gain":0,"player_choice":"Fight","damage_taken":0,"max_hp_gain":0,"max_hp_loss":0,"event_name":"Mysterious Sphere","floor":38,"gold_loss":0},{"damage_healed":0,"gold_gain":0,"player_choice":"Copied","damage_taken":0,"max_hp_gain":0,"max_hp_loss":0,"event_name":"Duplicator","floor":39,"gold_loss":0,"cards_obtained":["RitualDagger"]}],"is_beta":false,"boss_relics":[{"not_picked":["Orrery","Coffee Dripper"],"picked":"Sozu"},{"not_picked":["Astrolabe","Mark of Pain"],"picked":"Pandora\u0027s Box"}],"items_purged_floors":[19,45],"is_endless":false,"potions_floor_spawned":[3,5,8,10,16,23,24,28,36,40,42,46],"ascension_level":1}