{"gold_per_floor":[115,134,147,164,179,205,224,257,280,280,292,292,303,323,323,427,427,445,445,460,375,300,300,326,341,364,364,364,289,289,309,309,413,413,424,444,444,142,142,142,17,17,17,63,63,63],"floor_reached":46,"playtime":1789,"items_purged":["Strike_R","Slimebound:Icky","Strike_R"],"score":450,"play_id":"95684077-bdbe-4ee6-959d-ae6443d612f1","local_time":"20190212174305","is_ascension_mode":false,"campfire_choices":[{"data":"Armaments","floor":10.0,"key":"SMITH"},{"data":"Whirlwind","floor":12.0,"key":"SMITH"},{"data":"Hemokinesis","floor":15.0,"key":"SMITH"},{"data":"Barricade","floor":28,"key":"SMITH"},{"data":"Entrench","floor":30,"key":"SMITH"},{"data":"Uppercut","floor":32,"key":"SMITH"},{"data":"Rupture","floor":40,"key":"SMITH"},{"data":"Madness","floor":42,"key":"SMITH"}],"neow_cost":"NONE","seed_source_timestamp":432354743577686,"circlet_count":0,"master_deck":["Strike_R","Strike_R","Defend_R+1","Defend_R","Defend_R","Defend_R","Bash","Armaments+1","Pummel","Whirlwind+1","Pummel","Clothesline","Brutality","Shrug It Off","Hemokinesis+1","Entrench+1","Metallicize","Barricade+1","Uppercut+1","Entrench+1","Flame Barrier","Reaper","Spot Weakness","Infernal Blade+1","Double Tap","Inflame","Rupture+1","Ghostly Armor+1","Madness+1","Madness"],"special_seed":0,"relics":["Burning Blood","Boot","Prayer Wheel","Anchor","Pen Nib","Cursed Key","War Paint","Juzu Bracelet","Vajra","Sozu","ClockworkSouvenir","Gambling Chip"],"potions_floor_usage":[46,46],"damage_taken":[{"damage":3.0,"enemies":"Cultist","floor":1.0,"turns":5.0},{"damage":11.0,"enemies":"Jaw Worm","floor":2.0,"turns":5.0},{"damage":1.0,"enemies":"2 Louse","floor":3.0,"turns":3.0},{"damage":4.0,"enemies":"Blue Slaver","floor":4.0,"turns":4.0},{"damage":0.0,"enemies":"3 Louse","floor":5.0,"turns":1.0},{"damage":6.0,"enemies":"Gremlin Nob","floor":6.0,"turns":3.0},{"damage":0.0,"enemies":"Gremlin Gang","floor":7.0,"turns":5.0},{"damage":21.0,"enemies":"3 Sentries","floor":8.0,"turns":4.0},{"damage":0.0,"enemies":"Exordium Wildlife","floor":11.0,"turns":2.0},{"damage":3.0,"enemies":"Red Slaver","floor":13.0,"turns":2.0},{"damage":4.0,"enemies":"Large Slime","floor":14.0,"turns":3.0},{"damage":37.0,"enemies":"Slime Boss","floor":16.0,"turns":8.0},{"damage":0.0,"enemies":"3 Byrds","floor":18.0,"turns":2.0},{"damage":0.0,"enemies":"Chosen","floor":20.0,"turns":4.0},{"damage":42.0,"enemies":"Gremlin Leader","floor":24.0,"turns":7.0},{"damage":0.0,"enemies":"Snake Plant","floor":25.0,"turns":8.0},{"damage":0,"enemies":"Cultist and Chosen","floor":31,"turns":7},{"damage":23,"enemies":"Automaton","floor":33,"turns":13},{"damage":4,"enemies":"Orb Walker","floor":35,"turns":3},{"damage":2,"enemies":"3 Shapes","floor":36,"turns":5},{"damage":61,"enemies":"2 Orb Walkers","floor":44,"turns":7},{"damage":18,"enemies":"Nemesis","floor":46,"turns":3}],"seed_played":"-6402265621019382532","potions_obtained":[{"floor":2.0,"key":"SkillPotion"},{"floor":3.0,"key":"SpeedPotion"},{"floor":4.0,"key":"EssenceOfSteel"},{"floor":16.0,"key":"SkillPotion"}],"is_trial":false,"path_per_floor":["M","M","M","M","M","E","M","E","T","R","M","R","M","M","R","B",null,"M","?","M","?","?","?","E","M","T","?","R","$","R","M","R","B",null,"M","M","?","$","?","R","$","R","T","?","$","E"],"character_chosen":"IRONCLAD","items_purchased":["ClockworkSouvenir"],"campfire_rested":0,"item_purchase_floors":[38],"current_hp_per_floor":[80,75,80,80,80,80,80,65,65,65,71,71,74,76,76,45,80,80,80,80,80,80,80,44,55,55,55,55,55,55,77,77,60,80,80,80,80,80,70,70,70,70,70,15,15,0],"gold":63,"neow_bonus":"RANDOM_COMMON_RELIC","is_prod":false,"is_daily":false,"chose_seed":false,"campfire_upgraded":8,"win_rate":0,"timestamp":1549960985,"path_taken":["M","M","M","?","M","E","M","E","T","R","M","R","M","M","R","BOSS","M","?","M","?","?","?","E","M","T","?","R","$","R","M","R","BOSS","M","M","?","$","?","R","$","R","T","?","?","E"],"build_version":"2019-01-23","purchased_purges":3,"victory":false,"max_hp_per_floor":[80,80,80,80,80,80,80,80,80,80,80,80,80,80,80,80,80,80,80,80,80,80,80,80,80,80,80,80,80,80,80,80,80,80,80,80,80,80,80,80,80,80,80,80,80,80],"card_choices":[{"not_picked":["Dual Wield","Sword Boomerang"],"picked":"Armaments","floor":1.0},{"not_picked":["Fire Breathing","Havoc"],"picked":"Pummel","floor":2.0},{"not_picked":["Seeing Red","Entrench"],"picked":"Whirlwind","floor":3.0},{"not_picked":["Flex","Cleave"],"picked":"Pummel","floor":4.0},{"not_picked":["Warcry","Sever Soul"],"picked":"Clothesline","floor":5.0},{"not_picked":["Cleave","Armaments"],"picked":"Brutality","floor":6.0},{"not_picked":["Evolve","Seeing Red","Clash"],"picked":"SKIP","floor":7.0},{"not_picked":["Rampage","Iron Wave","Searing Blow"],"picked":"SKIP","floor":7.0},{"not_picked":["Warcry","Carnage"],"picked":"Shrug It Off","floor":8.0},{"not_picked":["Seeing Red","Infernal Blade"],"picked":"Hemokinesis","floor":11.0},{"not_picked":["Pommel Strike","Battle Trance","Rampage"],"picked":"SKIP","floor":11.0},{"not_picked":["Headbutt","Iron Wave"],"picked":"Entrench","floor":13.0},{"not_picked":["Second Wind","Feed","Blood for Blood"],"picked":"SKIP","floor":13.0},{"not_picked":["Iron Wave","Reckless Charge"],"picked":"Metallicize","floor":14.0},{"not_picked":["Shrug It Off","Anger","Thunderclap"],"picked":"SKIP","floor":14.0},{"not_picked":["Juggernaut","Immolate"],"picked":"Barricade","floor":16.0},{"not_picked":["Sword Boomerang+1","Carnage+1"],"picked":"Uppercut","floor":18.0},{"not_picked":["Perfected Strike","Rampage+1","Flex"],"picked":"SKIP","floor":18.0},{"not_picked":["Havoc","Clothesline"],"picked":"Flame Barrier","floor":20.0},{"not_picked":["Anger","Pommel Strike","Cleave"],"picked":"SKIP","floor":20.0},{"not_picked":["Flex+1","Clothesline+1"],"picked":"Reaper","floor":24.0},{"not_picked":["Intimidate+1","Twin Strike"],"picked":"Spot Weakness","floor":25.0},{"not_picked":["Cleave","Whirlwind","Fire Breathing+1"],"picked":"SKIP","floor":25.0},{"not_picked":["Power Through","Clothesline"],"picked":"Infernal Blade+1","floor":31},{"not_picked":["Reckless Charge","Pommel Strike","Evolve+1"],"picked":"SKIP","floor":31},{"not_picked":["Fiend Fire","Brutality"],"picked":"Double Tap","floor":33},{"not_picked":["True Grit+1","Pommel Strike+1"],"picked":"Inflame","floor":35},{"not_picked":["Shrug It Off","Shockwave"],"picked":"Rupture","floor":35},{"not_picked":["True Grit+1","Pommel Strike"],"picked":"Ghostly Armor+1","floor":36},{"not_picked":["Flex+1","Thunderclap","Spot Weakness+1"],"picked":"SKIP","floor":36}],"player_experience":212999,"relics_obtained":[{"floor":6.0,"key":"Prayer Wheel"},{"floor":8.0,"key":"Anchor"},{"floor":9.0,"key":"Pen Nib"},{"floor":24.0,"key":"Juzu Bracelet"},{"floor":26,"key":"Vajra"},{"floor":44,"key":"Gambling Chip"}],"event_choices":[{"damage_healed":0.0,"max_hp_gain":0.0,"max_hp_loss":0.0,"gold_gain":0.0,"event_name":"The Library","player_choice":"Read","floor":19.0,"gold_loss":0.0,"damage_taken":0.0,"cards_obtained":["Entrench"]},{"damage_healed":0.0,"max_hp_gain":0.0,"max_hp_loss":0.0,"gold_gain":0.0,"event_name":"Addict","player_choice":"Obtained Relic","floor":21.0,"gold_loss":85.0,"damage_taken":0.0,"relics_obtained":["War Paint"]},{"cards_removed":["Strike_R"],"damage_healed":0.0,"max_hp_gain":0.0,"max_hp_loss":0.0,"gold_gain":0.0,"event_name":"Beggar","player_choice":"Gave Gold","floor":22.0,"gold_loss":75.0,"damage_taken":0.0},{"damage_healed":0.0,"max_hp_gain":0.0,"max_hp_loss":0.0,"gold_gain":0.0,"event_name":"Vampires","player_choice":"Ignored","floor":23.0,"gold_loss":0.0,"damage_taken":0.0},{"damage_healed":0,"gold_gain":0,"player_choice":"Bought 0 Potions","damage_taken":0,"max_hp_gain":0,"max_hp_loss":0,"event_name":"The Woman in Blue","floor":27,"gold_loss":0},{"damage_healed":0,"gold_gain":0,"player_choice":"Ignored","damage_taken":0,"max_hp_gain":0,"max_hp_loss":0,"event_name":"Tomb of Lord Red Mask","floor":37,"gold_loss":0},{"damage_healed":0,"gold_gain":0,"player_choice":"Embrace Madness","damage_taken":10,"max_hp_gain":0,"max_hp_loss":0,"event_name":"Winding Halls","floor":39,"gold_loss":0,"cards_obtained":["Madness","Madness"]},{"damage_healed":0,"gold_gain":0,"player_choice":"Fight","damage_taken":0,"max_hp_gain":0,"max_hp_loss":0,"event_name":"Mysterious Sphere","floor":44,"gold_loss":0}],"is_beta":false,"boss_relics":[{"not_picked":["Mark of Pain","Runic Cube"],"picked":"Cursed Key"},{"not_picked":["Velvet Choker","Calling Bell"],"picked":"Sozu"}],"items_purged_floors":[29,38,41],"is_endless":false,"potions_floor_spawned":[2,3,4,16,20,35,36,44],"killed_by":"Nemesis","ascension_level":0}