{"gold_per_floor":[116,30,30,30,30,30,65,79,103,103,116,44,59,80,80,203,203,216,141,157,83,104,104,138,138,165,165,264,264,288,288,288,419,419,434,482,482,496,496,496,57,57,57,75,98,98,122,41,41,41],"floor_reached":50,"playtime":1649,"items_purged":["Strike_B","Writhe"],"score":508,"play_id":"fbe4432f-e614-4c36-8098-62160d702f59","local_time":"20181128050758","is_ascension_mode":false,"campfire_choices":[{"data":"Zap","floor":6,"key":"SMITH"},{"data":"Storm","floor":15,"key":"SMITH"},{"data":"Storm","floor":23,"key":"SMITH"},{"data":"White Noise","floor":27,"key":"SMITH"},{"data":"Zap","floor":32,"key":"SMITH"},{"data":"Biased Cognition","floor":40,"key":"SMITH"},{"data":"Apotheosis","floor":42,"key":"SMITH"},{"floor":46,"key":"RECALL"},{"floor":49,"key":"REST"}],"neow_cost":"NONE","seed_source_timestamp":1056559391583000,"circlet_count":0,"master_deck":["Strike_B","Strike_B","Strike_B","Defend_B","Defend_B","Defend_B","Zap+1","Dualcast","Storm+1","Self Repair","Leap","Force Field","Capacitor","Zap+1","Scrape","Defragment","Echo Form","Redo","Go for the Eyes+1","Storm+1","Fission+1","White Noise+1","Doubt","Loop+1","Biased Cognition+1","Writhe","Conserve Battery","Finesse","Apotheosis+1","Rainbow","Shame","Consume+1","Defragment+1","Defragment"],"relics":["Cracked Core","Anchor","Golden Idol","Pear","Art of War","Cursed Key","Strawberry","Boot","Sozu","Bronze Scales","Bottled Lightning"],"potions_floor_usage":[7,18,24,24,33],"damage_taken":[{"damage":0,"enemies":"2 Louse","floor":1,"turns":2},{"damage":25,"enemies":"3 Sentries","floor":7,"turns":9},{"damage":0,"enemies":"Cultist","floor":8,"turns":4},{"damage":0,"enemies":"Jaw Worm","floor":11,"turns":3},{"damage":8,"enemies":"Large Slime","floor":13,"turns":6},{"damage":0,"enemies":"Looter","floor":14,"turns":2},{"damage":17,"enemies":"The Guardian","floor":16,"turns":9},{"damage":0,"enemies":"Shell Parasite","floor":18,"turns":3},{"damage":7,"enemies":"3 Byrds","floor":20,"turns":3},{"damage":7,"enemies":"Snecko","floor":22,"turns":5},{"damage":7,"enemies":"Book of Stabbing","floor":24,"turns":4},{"damage":16,"enemies":"Shelled Parasite and Fungi","floor":30,"turns":5},{"damage":27,"enemies":"Collector","floor":33,"turns":6},{"damage":37,"enemies":"3 Darklings","floor":35,"turns":5},{"damage":9,"enemies":"Orb Walker","floor":38,"turns":3},{"damage":23,"enemies":"3 Darklings","floor":44,"turns":5},{"damage":9,"enemies":"4 Shapes","floor":45,"turns":4},{"damage":16,"enemies":"Writhing Mass","floor":47,"turns":4},{"damage":74,"enemies":"Time Eater","floor":50,"turns":6}],"seed_played":"6011521069024001303","potions_obtained":[{"floor":1,"key":"Strength Potion"},{"floor":8,"key":"SpeedPotion"},{"floor":16,"key":"AttackPotion"},{"floor":20,"key":"GamblersBrew"},{"floor":24,"key":"FocusPotion"}],"is_trial":false,"path_per_floor":["M","$","?","?","?","R","E","M","T","?","M","$","M","M","R","B",null,"M","$","M","$","M","R","E","?","T","R","?","?","M","?","R","B",null,"M","T","?","M","?","R","$","R","T","M","M","R","M","$","R","B"],"character_chosen":"DEFECT","items_purchased":["Self Repair","Leap","Defragment","Storm","Finesse","Apotheosis","Rainbow","Defragment"],"campfire_rested":1,"item_purchase_floors":[2,2,12,21,41,41,41,48],"current_hp_per_floor":[75,75,68,50,53,53,35,42,42,42,42,42,41,41,41,31,85,85,85,78,78,85,85,92,92,92,92,92,92,83,83,83,63,92,69,69,92,83,83,83,83,83,83,60,51,51,45,45,72,0],"gold":41,"neow_bonus":"RANDOM_COMMON_RELIC","is_prod":false,"is_daily":false,"chose_seed":false,"campfire_upgraded":7,"win_rate":0,"timestamp":1543403278,"path_taken":["M","$","?","?","?","R","E","M","T","?","M","$","?","M","R","BOSS","M","$","M","$","M","R","E","?","T","R","?","?","?","?","R","BOSS","M","?","?","M","?","R","$","R","T","M","M","R","?","?","R","BOSS"],"build_version":"2018-11-15","purchased_purges":2,"victory":false,"max_hp_per_floor":[75,75,75,75,85,85,85,85,85,85,85,85,85,85,85,85,85,85,85,85,85,85,85,92,92,92,92,92,92,92,92,92,92,92,92,92,92,92,92,92,92,92,92,92,92,92,92,92,92,92],"card_choices":[{"not_picked":["Steam Power","Tempest"],"picked":"Storm","floor":1},{"not_picked":["Hologram","Coolheaded"],"picked":"Force Field","floor":7},{"not_picked":["Stack","Genetic Algorithm"],"picked":"Capacitor","floor":8},{"not_picked":["Chill","Gash","Go for the Eyes"],"picked":"SKIP","floor":11},{"not_picked":["Beam Cell","Barrage","Sweeping Beam"],"picked":"SKIP","floor":13},{"not_picked":["Stack","Hologram","Sweeping Beam"],"picked":"SKIP","floor":14},{"not_picked":["Hyperbeam","Amplify"],"picked":"Echo Form","floor":16},{"not_picked":["Stack","Coolheaded"],"picked":"Redo","floor":18},{"not_picked":["Rip and Tear","Coolheaded"],"picked":"Go for the Eyes+1","floor":20},{"not_picked":["Steam+1","Barrage+1","Go for the Eyes"],"picked":"SKIP","floor":22},{"not_picked":["Redo","Double Energy"],"picked":"Fission","floor":24},{"not_picked":["Steam","Rip and Tear"],"picked":"Loop+1","floor":30},{"not_picked":["All For One","Reboot"],"picked":"Biased Cognition","floor":33},{"not_picked":["Sweeping Beam","Steam","Compile Driver"],"picked":"SKIP","floor":35},{"not_picked":["Lockon","Turbo"],"picked":"Conserve Battery","floor":38},{"not_picked":["Streamline","Barrage+1"],"picked":"Consume+1","floor":44},{"not_picked":["Redo","Reinforced Body"],"picked":"Defragment+1","floor":45},{"not_picked":["Rebound+1","Beam Cell","Sweeping Beam"],"picked":"SKIP","floor":47}],"player_experience":261128,"relics_obtained":[{"floor":7,"key":"Art of War"},{"floor":24,"key":"Strawberry"},{"floor":26,"key":"Boot"},{"floor":36,"key":"Bronze Scales"},{"floor":43,"key":"Bottled Lightning"}],"event_choices":[{"cards_removed":["Defend_B"],"damage_healed":0,"gold_gain":0,"player_choice":"Card Removal","damage_taken":7,"max_hp_gain":0,"max_hp_loss":0,"event_name":"Golden Wing","floor":3,"gold_loss":0},{"damage_healed":0,"gold_gain":0,"player_choice":"Take Damage","damage_taken":18,"relics_obtained":["Golden Idol"],"max_hp_gain":0,"max_hp_loss":0,"event_name":"Golden Idol","floor":4,"gold_loss":0},{"damage_healed":0,"gold_gain":0,"player_choice":"Success","damage_taken":7,"relics_obtained":["Pear"],"max_hp_gain":0,"max_hp_loss":0,"event_name":"Scrap Ooze","floor":5,"gold_loss":0},{"damage_healed":0,"gold_gain":0,"player_choice":"2 cards matched","damage_taken":0,"max_hp_gain":0,"max_hp_loss":0,"event_name":"Match and Keep!","floor":10,"gold_loss":0,"cards_obtained":["Zap","Scrape"]},{"damage_healed":0,"gold_gain":0,"player_choice":"Read","damage_taken":0,"max_hp_gain":0,"max_hp_loss":0,"event_name":"The Library","floor":25,"gold_loss":0,"cards_obtained":["White Noise"]},{"damage_healed":0,"gold_gain":99,"player_choice":"Stole From Cult","damage_taken":0,"max_hp_gain":0,"max_hp_loss":0,"event_name":"Nest","floor":28,"gold_loss":0},{"damage_healed":0,"gold_gain":0,"player_choice":"0 cards matched","damage_taken":0,"max_hp_gain":0,"max_hp_loss":0,"event_name":"Match and Keep!","floor":29,"gold_loss":0,"cards_obtained":[]},{"damage_healed":0,"gold_gain":0,"player_choice":"Upgraded","damage_taken":0,"max_hp_gain":0,"max_hp_loss":0,"event_name":"Upgrade Shrine","floor":31,"gold_loss":0,"cards_upgraded":["Fission"]},{"damage_healed":23,"gold_gain":0,"player_choice":"Writhe","damage_taken":0,"max_hp_gain":0,"max_hp_loss":0,"event_name":"Winding Halls","floor":37,"gold_loss":0,"cards_obtained":["Writhe"]},{"damage_healed":0,"gold_gain":0,"player_choice":"Ignored","damage_taken":0,"max_hp_gain":0,"max_hp_loss":0,"event_name":"Mysterious Sphere","floor":39,"gold_loss":0}],"is_beta":true,"boss_relics":[{"not_picked":["Fusion Hammer","Tiny House"],"picked":"Cursed Key"},{"not_picked":["Nuclear Battery","Orrery"],"picked":"Sozu"}],"items_purged_floors":[19,41],"is_endless":false,"potions_floor_spawned":[1,8,16,20,24,45],"killed_by":"Time Eater","ascension_level":0}