{"path_per_floor":["M","?","M","M","?","R","M","R","T","E","R","M","E","M","R"],"character_chosen":"IRONCLAD","items_purchased":[],"gold_per_floor":[118,68,83,96,96,96,115,115,141,197,197,209,237,255,255,255],"floor_reached":16,"campfire_rested":0,"playtime":858,"item_purchase_floors":[],"current_hp_per_floor":[80,80,80,80,85,85,85,85,85,75,75,74,67,67,67,0],"items_purged":[],"gold":255,"score":134,"play_id":"e1a9bcd0-8100-4469-bd57-2f86f73ae309","local_time":"20180621142407","is_prod":false,"is_daily":false,"chose_seed":false,"is_ascension_mode":true,"campfire_upgraded":4,"win_rate":0,"timestamp":1529583847,"campfire_choices":[{"data":"Armaments","floor":6,"key":"SMITH"},{"data":"Bash","floor":8,"key":"SMITH"},{"data":"Searing Blow","floor":11,"key":"SMITH"},{"data":"Seeing Red","floor":15,"key":"SMITH"}],"path_taken":["M","?","M","M","?","R","M","R","T","E","R","M","E","M","R","BOSS"],"build_version":"2018-06-20v3","seed_source_timestamp":8387233688395,"purchased_purges":0,"circlet_count":0,"victory":false,"master_deck":["Strike_R","Strike_R","Strike_R","Strike_R","Strike_R","Defend_R","Defend_R","Defend_R","Defend_R","Bash+1","Searing Blow+1","Armaments+1","Seeing Red+1","Thunderclap"],"max_hp_per_floor":[80,80,80,80,85,85,85,85,85,85,85,85,85,85,85,85],"relics":["Burning Blood","Bird Faced Urn","Art of War","Tiny Chest","Ancient Tea Set"],"card_choices":[{"not_picked":["Headbutt","Rupture","Disarm"],"picked":"SKIP","floor":1},{"not_picked":["Rage","Corruption"],"picked":"Searing Blow","floor":3},{"not_picked":["Entrench","Flame Barrier"],"picked":"Armaments","floor":4},{"not_picked":["Iron Wave","Evolve","Twin Strike"],"picked":"SKIP","floor":7},{"not_picked":["Clothesline","Perfected Strike","Ghostly Armor"],"picked":"SKIP","floor":10},{"not_picked":["Wild Strike","Body Slam"],"picked":"Seeing Red","floor":12},{"not_picked":["Havoc","Feed"],"picked":"Thunderclap","floor":13},{"not_picked":["Pommel Strike","Iron Wave","Sword Boomerang"],"picked":"SKIP","floor":14}],"player_experience":222135,"potions_floor_usage":[10,10,13,16],"damage_taken":[{"damage":0,"enemies":"Small Slimes","floor":1,"turns":3},{"damage":6,"enemies":"Jaw Worm","floor":3,"turns":5},{"damage":0,"enemies":"2 Louse","floor":4,"turns":2},{"damage":6,"enemies":"Blue Slaver","floor":7,"turns":5},{"damage":16,"enemies":"Gremlin Nob","floor":10,"turns":4},{"damage":7,"enemies":"3 Louse","floor":12,"turns":4},{"damage":13,"enemies":"3 Sentries","floor":13,"turns":8},{"damage":6,"enemies":"Looter","floor":14,"turns":3},{"damage":71,"enemies":"Hexaghost","floor":16,"turns":10}],"relics_obtained":[{"floor":9,"key":"Art of War"},{"floor":10,"key":"Tiny Chest"},{"floor":13,"key":"Ancient Tea Set"}],"event_choices":[{"event_name":"The Cleric","player_choice":"Card Removal","floor":2,"damage_taken":0},{"event_name":"Big Fish","player_choice":"Donut","floor":5,"damage_taken":0}],"boss_relics":[],"items_purged_floors":[],"is_endless":false,"potions_floor_spawned":[3,7,12,13],"seed_played":"-4148519665446555904","killed_by":"Hexaghost","ascension_level":4,"potions_obtained":[{"floor":3,"key":"Poison Potion"},{"floor":7,"key":"SpeedPotion"},{"floor":12,"key":"SteroidPotion"},{"floor":13,"key":"SkillPotion"}],"is_trial":false}