{"gold_per_floor":[109,129,129,129,145,170,85,85],"floor_reached":8,"playtime":429,"items_purged":["Strike_G"],"score":59,"play_id":"cce4f13f-3567-47cd-aa76-f93559ee8482","local_time":"20190602163721","is_ascension_mode":true,"campfire_choices":[],"neow_cost":"NONE","seed_source_timestamp":21126112770327,"circlet_count":0,"master_deck":["Defend_G","Defend_G","Defend_G","Defend_G","Defend_G","Strike_G","Strike_G","Strike_G","Survivor","Neutralize","Crippling Poison","Bullet Time","Leg Sweep","Cloak And Dagger","Distraction","Noxious Fumes"],"relics":["Ring of the Snake","Smiling Mask","Sundial","Pantograph"],"potions_floor_usage":[6],"damage_taken":[{"damage":1,"enemies":"2 Louse","floor":1,"turns":2},{"damage":0,"enemies":"Jaw Worm","floor":2,"turns":4},{"damage":0,"enemies":"Cultist","floor":5,"turns":6},{"damage":26,"enemies":"Lagavulin","floor":6,"turns":14},{"damage":47,"enemies":"Gremlin Nob","floor":8,"turns":7}],"seed_played":"-659033322149195292","potions_obtained":[{"floor":2,"key":"Strength Potion"}],"is_trial":false,"path_per_floor":["M","M","?","?","M","E","$","E"],"character_chosen":"THE_SILENT","items_purchased":["Noxious Fumes"],"campfire_rested":0,"item_purchase_floors":[7],"current_hp_per_floor":[69,69,66,66,66,40,40,0],"gold":85,"neow_bonus":"RANDOM_COMMON_RELIC","is_prod":false,"is_daily":false,"chose_seed":false,"campfire_upgraded":0,"win_rate":0,"timestamp":1559507841,"path_taken":["M","M","?","?","M","E","$","E"],"build_version":"2019-01-23","purchased_purges":1,"victory":false,"max_hp_per_floor":[70,70,70,70,70,70,70,70],"card_choices":[{"not_picked":["Dagger Throw","Poisoned Stab"],"picked":"Crippling Poison","floor":1},{"not_picked":["PiercingWail","Dodge and Roll"],"picked":"Bullet Time","floor":2},{"not_picked":["Dagger Throw","PiercingWail"],"picked":"Cloak And Dagger","floor":5},{"not_picked":["Endless Agony","Prepared"],"picked":"Distraction","floor":6}],"player_experience":82983,"relics_obtained":[{"floor":6,"key":"Pantograph"}],"event_choices":[{"damage_healed":0,"gold_gain":0,"player_choice":"Success","damage_taken":3,"relics_obtained":["Sundial"],"max_hp_gain":0,"max_hp_loss":0,"event_name":"Scrap Ooze","floor":3,"gold_loss":0},{"damage_healed":0,"gold_gain":0,"cards_transformed":["Strike_G"],"player_choice":"Change","damage_taken":0,"max_hp_gain":0,"max_hp_loss":0,"event_name":"Living Wall","floor":4,"gold_loss":0,"cards_obtained":["Leg Sweep"]}],"is_beta":false,"boss_relics":[],"items_purged_floors":[7],"is_endless":false,"potions_floor_spawned":[2],"killed_by":"Gremlin Nob","ascension_level":1}