{"gold_per_floor":[18,32,207,221,221,221,246,257,257,292,8,8,8,40,40,142,142,153,153,78,78,96,110,144,144],"floor_reached":25,"playtime":1179,"items_purged":["Doubt"],"score":263,"play_id":"0b801e99-62c4-4b6b-89c8-34d1db35f2d0","local_time":"20190604235220","is_ascension_mode":true,"campfire_choices":[{"floor":13,"key":"REST"},{"data":"Armaments","floor":15,"key":"SMITH"}],"neow_cost":"NO_GOLD","seed_source_timestamp":1400381489639,"circlet_count":0,"master_deck":["Strike_R","Strike_R","Strike_R","Strike_R+1","Defend_R","Defend_R+1","Bash","Infernal Blade","Wild Strike","Cleave","Flex","Shrug It Off","Armaments+1","Heavy Blade","Immolate","Heavy Blade","Anger","Power Through"],"relics":["Black Blood","Happy Flower","Bottled Lightning","Centennial Puzzle","Ice Cream","Sling","Pocketwatch","Bag of Preparation"],"potions_floor_usage":[10,16,23,25],"damage_taken":[{"damage":12,"enemies":"Jaw Worm","floor":1,"turns":3},{"damage":12,"enemies":"2 Louse","floor":2,"turns":2},{"damage":10,"enemies":"Small Slimes","floor":4,"turns":3},{"damage":18,"enemies":"3 Sentries","floor":7,"turns":5},{"damage":5,"enemies":"Blue Slaver","floor":8,"turns":2},{"damage":16,"enemies":"Lagavulin","floor":10,"turns":4},{"damage":11,"enemies":"Gremlin Nob","floor":14,"turns":3},{"damage":3,"enemies":"Slime Boss","floor":16,"turns":10},{"damage":25,"enemies":"3 Byrds","floor":18,"turns":4},{"damage":14,"enemies":"2 Thieves","floor":22,"turns":4},{"damage":30,"enemies":"Shelled Parasite and Fungi","floor":23,"turns":9},{"damage":45,"enemies":"Gremlin Leader","floor":24,"turns":5},{"damage":11,"enemies":"Sentry and Sphere","floor":25,"turns":3}],"seed_played":"-3265458208696365443","potions_obtained":[{"floor":7,"key":"AttackPotion"},{"floor":14,"key":"EssenceOfSteel"},{"floor":16,"key":"EssenceOfSteel"},{"floor":23,"key":"Energy Potion"}],"is_trial":false,"path_per_floor":["M","M","?","M","?","?","E","M","T","E","$","?","R","E","R","B",null,"M","?","?","?","M","M","E","M"],"character_chosen":"IRONCLAD","items_purchased":["Sling"],"campfire_rested":1,"item_purchase_floors":[11],"current_hp_per_floor":[74,68,68,64,57,41,29,30,30,20,20,25,50,45,45,48,85,70,70,70,70,66,46,11,0],"gold":144,"neow_bonus":"REMOVE_TWO","is_prod":false,"is_daily":false,"chose_seed":false,"campfire_upgraded":1,"win_rate":0,"timestamp":1559706740,"path_taken":["M","M","?","M","?","?","E","M","T","E","$","?","R","E","R","BOSS","M","?","?","?","M","M","E","?"],"build_version":"2019-01-23","purchased_purges":1,"victory":false,"max_hp_per_floor":[80,80,80,80,80,80,80,80,80,80,80,85,85,85,85,85,85,85,85,85,85,85,85,85,85],"card_choices":[{"not_picked":["Anger","Pommel Strike"],"picked":"Infernal Blade","floor":1},{"not_picked":["Reckless Charge","Pommel Strike"],"picked":"Wild Strike","floor":2},{"not_picked":["Rupture","Havoc"],"picked":"Cleave","floor":4},{"not_picked":["Second Wind","Havoc"],"picked":"Flex","floor":7},{"not_picked":["Twin Strike","Dropkick"],"picked":"Shrug It Off","floor":8},{"not_picked":["Warcry","Shrug It Off"],"picked":"Armaments","floor":10},{"not_picked":["Armaments","Intimidate"],"picked":"Heavy Blade","floor":14},{"not_picked":["Exhume","Reaper"],"picked":"Immolate","floor":16},{"not_picked":["Warcry","Shrug It Off","Searing Blow+1"],"picked":"SKIP","floor":18},{"not_picked":["Iron Wave+1","Armaments","Warcry+1"],"picked":"SKIP","floor":22},{"not_picked":["Cleave","Sentinel"],"picked":"Anger","floor":23},{"not_picked":["Second Wind+1","Hemokinesis"],"picked":"Power Through","floor":24}],"player_experience":105231,"relics_obtained":[{"floor":7,"key":"Bottled Lightning"},{"floor":9,"key":"Centennial Puzzle"},{"floor":10,"key":"Ice Cream"},{"floor":14,"key":"Pocketwatch"},{"floor":24,"key":"Bag of Preparation"}],"event_choices":[{"damage_healed":0,"gold_gain":175,"player_choice":"AGREE","damage_taken":0,"max_hp_gain":0,"max_hp_loss":0,"event_name":"Liars Game","floor":3,"gold_loss":0,"cards_obtained":["Doubt"]},{"damage_healed":0,"gold_gain":0,"player_choice":"Success","damage_taken":7,"relics_obtained":["Happy Flower"],"max_hp_gain":0,"max_hp_loss":0,"event_name":"Scrap Ooze","floor":5,"gold_loss":0},{"damage_healed":0,"gold_gain":0,"player_choice":"Entered Light","damage_taken":16,"max_hp_gain":0,"max_hp_loss":0,"event_name":"Shining Light","floor":6,"gold_loss":0,"cards_upgraded":["Defend_R","Strike_R"]},{"damage_healed":0,"gold_gain":0,"player_choice":"Donut","damage_taken":0,"max_hp_gain":5,"max_hp_loss":0,"event_name":"Big Fish","floor":12,"gold_loss":0},{"damage_healed":0,"gold_gain":0,"player_choice":"Ignored","damage_taken":0,"max_hp_gain":0,"max_hp_loss":0,"event_name":"Ghosts","floor":19,"gold_loss":0},{"cards_removed":["Strike_R"],"damage_healed":0,"gold_gain":0,"player_choice":"Gave Gold","damage_taken":0,"max_hp_gain":0,"max_hp_loss":0,"event_name":"Beggar","floor":20,"gold_loss":75},{"damage_healed":0,"gold_gain":0,"player_choice":"1 cards matched","damage_taken":0,"max_hp_gain":0,"max_hp_loss":0,"event_name":"Match and Keep!","floor":21,"gold_loss":0,"cards_obtained":["Heavy Blade"]}],"is_beta":false,"boss_relics":[{"not_picked":["Calling Bell","Fusion Hammer"],"picked":"Black Blood"}],"items_purged_floors":[11],"is_endless":false,"potions_floor_spawned":[7,14,16,23],"killed_by":"Sentry and Sphere","ascension_level":2}