{"gold_per_floor":[112,112,42,117,117,117,160,160,160,179,219,242,242,266,266,390,390,408,408,333,345,46,46,58,58,58,58,90,66,66,93,93,188,188,204,223,38,54,68,68,68,68,68,84,84,100,100,117,117,117],"floor_reached":51,"playtime":2784,"items_purged":["Strike_P"],"score":693,"play_id":"d0a700d0-0b91-4ffd-b539-f140e3a3ff31","local_time":"20190909193036","is_ascension_mode":false,"campfire_choices":[{"data":"Devotion","floor":6.0,"key":"SMITH"},{"data":"Eruption","floor":8.0,"key":"SMITH"},{"data":"EmptyFist","floor":13.0,"key":"SMITH"},{"data":"PathToVictory","floor":15.0,"key":"SMITH"},{"floor":23.0,"key":"RECALL"},{"data":"ThirdEye","floor":25.0,"key":"SMITH"},{"data":"ReachHeaven","floor":30.0,"key":"SMITH"},{"data":"Protect","floor":32.0,"key":"SMITH"},{"data":"MentalFortress","floor":40.0,"key":"SMITH"},{"data":"Pray","floor":42.0,"key":"SMITH"},{"data":"Devotion","floor":45.0,"key":"SMITH"},{"data":"DeceiveReality","floor":47.0,"key":"SMITH"},{"data":"Vigilance","floor":49.0,"key":"SMITH"}],"neow_cost":"NONE","seed_source_timestamp":0,"circlet_count":0,"master_deck":["Eruption+1","Vigilance+1","EmptyFist+1","Devotion+1","Sanctity","EmptyBody+1","PathToVictory+1","ReachHeaven+1","ThirdEye+1","Perseverance+1","Protect+1","Pray+1","Worship","Conclude","Wallop","DeceiveReality+1","MentalFortress+1","Weave","Devotion+1","Protect+1","CutThroughFate+1","SandsOfTime+1","FearNoEvil+1"],"special_seed":0,"relics":["PureWater","NeowsBlessing","Bloody Idol","Vajra","Meat on the Bone","Toy Ornithopter","Coffee Dripper","Calipers","Singing Bowl","War Paint","Bottled Lightning","Pandora\u0027s Box","Medical Kit","Letter Opener"],"potions_floor_usage":[],"damage_taken":[{"damage":0.0,"enemies":"2 Louse","floor":1.0,"turns":1.0},{"damage":0.0,"enemies":"3 Sentries","floor":7.0,"turns":1.0},{"damage":0.0,"enemies":"Small Slimes","floor":10.0,"turns":1.0},{"damage":6.0,"enemies":"Gremlin Nob","floor":11.0,"turns":3.0},{"damage":0.0,"enemies":"Cultist","floor":12.0,"turns":2.0},{"damage":0.0,"enemies":"Exordium Thugs","floor":14.0,"turns":3.0},{"damage":33.0,"enemies":"The Guardian","floor":16.0,"turns":12.0},{"damage":6.0,"enemies":"Spheric Guardian","floor":18.0,"turns":4.0},{"damage":0.0,"enemies":"2 Thieves","floor":21.0,"turns":3.0},{"damage":21.0,"enemies":"Snake Plant","floor":24.0,"turns":5.0},{"damage":12.0,"enemies":"Gremlin Leader","floor":28.0,"turns":5.0},{"damage":41.0,"enemies":"Slavers","floor":31.0,"turns":5.0},{"damage":1.0,"enemies":"Automaton","floor":33.0,"turns":14.0},{"damage":0.0,"enemies":"Orb Walker","floor":35.0,"turns":4.0},{"damage":7.0,"enemies":"3 Shapes","floor":36.0,"turns":6.0},{"damage":18.0,"enemies":"Spire Growth","floor":38.0,"turns":7.0},{"damage":19.0,"enemies":"Jaw Worm Horde","floor":39.0,"turns":7.0},{"damage":10.0,"enemies":"Sphere and 2 Shapes","floor":44.0,"turns":6.0},{"damage":25.0,"enemies":"3 Darklings","floor":46.0,"turns":3.0},{"damage":0.0,"enemies":"Maw","floor":48.0,"turns":6.0},{"damage":6,"enemies":"Donu and Deca","floor":50,"turns":8}],"seed_played":"-3407662836373895284","potions_obtained":[{"floor":10.0,"key":"Strength Potion"},{"floor":14.0,"key":"AttackPotion"},{"floor":16.0,"key":"Dexterity Potion"},{"floor":28.0,"key":"LiquidBronze"},{"floor":31.0,"key":"Weak Potion"},{"floor":33.0,"key":"SteroidPotion"}],"is_trial":false,"path_per_floor":["M","?","$","?","?","R","E","R","T","M","E","M","R","M","R","B",null,"M","?","$","M","$","R","M","R","T","?","E","$","R","E","R","B",null,"M","M","$","M","M","R","$","R","T","M","R","M","R","M","R","B",null],"character_chosen":"WATCHER","items_purchased":["Devotion","Calipers","Protect","Medical Kit","Devotion"],"campfire_rested":0,"item_purchase_floors":[3,22,29,37,37],"current_hp_per_floor":[65,49,49,38,38,38,38,38,38,38,44,44,44,44,44,28,65,59,59,59,65,65,65,54,54,54,54,49,49,49,27,27,43,69,71,69,69,56,42,42,42,42,42,51,51,43,43,48,48,42],"gold":117,"neow_bonus":"THREE_ENEMY_KILL","is_prod":false,"is_daily":false,"chose_seed":false,"campfire_upgraded":12,"win_rate":0.0,"timestamp":1568071836,"path_taken":["M","?","$","?","?","R","E","R","T","?","E","M","R","M","R","BOSS","M","?","?","M","$","R","?","R","T","?","E","$","R","E","R","BOSS","M","M","$","?","M","R","$","R","T","M","R","M","R","M","R","BOSS"],"build_version":"2019-09-09","purchased_purges":1,"victory":true,"max_hp_per_floor":[65,65,65,65,65,65,65,65,65,65,65,65,65,65,65,65,65,65,65,65,65,65,65,65,65,65,65,67,67,67,69,69,69,69,71,71,71,71,71,71,71,71,71,73,73,73,73,73,73,73],"card_choices":[{"not_picked":["Consecrate","Halt"],"picked":"EmptyFist","floor":1.0},{"not_picked":["Crescendo","Adaptation","Weave"],"picked":"SKIP","floor":7.0},{"not_picked":["FollowUp","Vengeance","CrushJoints"],"picked":"SKIP","floor":10.0},{"not_picked":["CrushJoints","EmptyFist"],"picked":"Sanctity","floor":11.0},{"not_picked":["Crescendo","CrushJoints"],"picked":"EmptyBody","floor":12.0},{"not_picked":["EmptyBody","FlyingSleeves"],"picked":"PathToVictory","floor":14.0},{"not_picked":["Judgement","Brilliance"],"picked":"ReachHeaven","floor":16.0},{"not_picked":["Sanctity","SpiritShield"],"picked":"ThirdEye","floor":18.0},{"not_picked":["ClearTheMind","EmptyFist"],"picked":"Perseverance+1","floor":21.0},{"not_picked":["FollowUp","InnerPeace","ThirdEye"],"picked":"SKIP","floor":24.0},{"not_picked":["CrushJoints","WindmillStrike","FlyingSleeves+1"],"picked":"Singing Bowl","floor":28.0},{"not_picked":["WreathOfFlame","CutThroughFate","Wallop"],"picked":"Singing Bowl","floor":31.0},{"not_picked":["Metaphysics","FlowState"],"picked":"Pray","floor":33.0},{"not_picked":["StepAndStrike+1","Sanctity","Prostrate"],"picked":"Singing Bowl","floor":35.0},{"not_picked":["JustLucky","DeceiveReality"],"picked":"Weave","floor":36.0},{"not_picked":["InnerPeace","JustLucky+1"],"picked":"Protect+1","floor":38.0},{"not_picked":["FollowUp","EmptyBody"],"picked":"CutThroughFate+1","floor":39.0},{"not_picked":["JustLucky+1","ClearTheMind+1","EmptyFist+1"],"picked":"Singing Bowl","floor":44.0},{"not_picked":["EmptyBody+1","FlyingSleeves+1"],"picked":"SandsOfTime+1","floor":46.0},{"not_picked":["CarveReality+1","TalkToTheHand"],"picked":"FearNoEvil+1","floor":48.0}],"player_experience":1907934,"relics_obtained":[{"floor":7.0,"key":"Vajra"},{"floor":9.0,"key":"Meat on the Bone"},{"floor":11.0,"key":"Toy Ornithopter"},{"floor":26.0,"key":"Singing Bowl"},{"floor":28.0,"key":"War Paint"},{"floor":31.0,"key":"Bottled Lightning"},{"floor":43.0,"key":"Letter Opener"}],"event_choices":[{"damage_healed":0.0,"max_hp_gain":0.0,"max_hp_loss":0.0,"gold_gain":0.0,"event_name":"Golden Idol","player_choice":"Take Damage","floor":2.0,"gold_loss":0.0,"damage_taken":16.0,"relics_obtained":["Golden Idol"]},{"damage_healed":0.0,"max_hp_gain":0.0,"max_hp_loss":0.0,"gold_gain":75.0,"event_name":"World of Goop","player_choice":"Gather Gold","floor":4.0,"gold_loss":0.0,"damage_taken":11.0},{"cards_removed":["Strike_P"],"damage_healed":0.0,"max_hp_gain":0.0,"max_hp_loss":0.0,"gold_gain":0.0,"event_name":"Bonfire Elementals","player_choice":"Offered Basic","floor":5.0,"gold_loss":0.0,"damage_taken":0.0},{"damage_healed":0.0,"max_hp_gain":0.0,"max_hp_loss":0.0,"gold_gain":0.0,"event_name":"Forgotten Altar","player_choice":"Gave Idol","floor":19.0,"relics_lost":["Golden Idol"],"gold_loss":0.0,"damage_taken":0.0,"relics_obtained":["Bloody Idol"]},{"cards_removed":["Strike_P"],"damage_healed":0.0,"max_hp_gain":0.0,"max_hp_loss":0.0,"gold_gain":0.0,"event_name":"Purifier","player_choice":"Purged","floor":27.0,"gold_loss":0.0,"damage_taken":0.0}],"is_beta":true,"boss_relics":[{"not_picked":["Tiny House","Runic Dome"],"picked":"Coffee Dripper"},{"not_picked":["Sozu","Fusion Hammer"],"picked":"Pandora\u0027s Box"}],"items_purged_floors":[20],"is_endless":false,"potions_floor_spawned":[10,14,16,28,31,33,36,39,46,48],"ascension_level":0}