{"path_per_floor":["M","$","?","M","M","E","R","?","T","M","?","E","R","M","R","B",null,"M","?","M","M","?","R","$","?","T","E","R","M","R","E","R","B",null,"M","?","M","M","$","R","E","M","T","M","R","M","M","?","R","B"],"character_chosen":"DEFECT","items_purchased":["Frozen Egg 2","Reinforced Body"],"gold_per_floor":[113,38,38,58,74,109,109,59,127,141,216,245,245,261,261,356,356,373,373,387,398,313,313,60,60,60,89,89,99,99,124,124,222,222,232,232,242,255,84,84,119,139,139,152,152,166,184,184,184,184],"floor_reached":51,"campfire_rested":2,"playtime":2915,"item_purchase_floors":[24,39],"current_hp_per_floor":[71,71,71,71,64,53,53,53,63,63,52,45,45,45,69,27,82,67,41,41,38,38,38,38,38,38,35,35,34,34,34,34,41,41,36,36,36,36,36,36,33,41,41,41,41,41,41,41,41,40],"items_purged":["Parasite","Defend_B"],"gold":184,"score":915,"play_id":"805a817e-0209-4f51-94d3-9eeb0a6d2a72","local_time":"20180617165340","is_prod":false,"is_daily":false,"chose_seed":false,"is_ascension_mode":true,"campfire_upgraded":8,"win_rate":0,"timestamp":1529247220,"campfire_choices":[{"data":"Defragment","floor":7,"key":"SMITH"},{"data":"Dualcast","floor":13,"key":"SMITH"},{"floor":15,"key":"REST"},{"data":"Electrodynamics","floor":23,"key":"SMITH"},{"data":"Biased Cognition","floor":28,"key":"SMITH"},{"data":"Conserve Battery","floor":30,"key":"SMITH"},{"data":"Zap","floor":32,"key":"SMITH"},{"data":"Reinforced Body","floor":40,"key":"SMITH"},{"data":"Seek","floor":45,"key":"SMITH"},{"floor":49,"key":"REST"}],"path_taken":["M","$","?","M","M","E","R","?","T","?","?","E","R","M","R","BOSS","M","?","?","M","?","R","$","?","T","E","R","?","R","E","R","BOSS","M","?","M","M","$","R","E","M","T","M","R","M","?","?","R","BOSS"],"build_version":"2018-06-14v2","seed_source_timestamp":740476035082,"purchased_purges":2,"victory":true,"master_deck":["Strike_B+1","Strike_B+1","Defend_B+1","Defend_B+1","Defend_B+1","Zap+1","Dualcast+1","Electrodynamics+1","Ball Lightning+1","Ball Lightning+1","Defragment+1","Seek+1","Biased Cognition+1","Ghostly+1","Ghostly+1","Ghostly+1","Ghostly+1","Ghostly+1","Defragment+1","Conserve Battery+1","Loop+1","Echo Form+1","Conserve Battery+1","Conserve Battery+1","Reinforced Body+1","Consume+1","Writhe"],"max_hp_per_floor":[75,72,72,72,72,72,72,72,82,82,82,82,82,82,82,82,82,82,41,41,41,41,41,41,41,41,41,41,41,41,41,41,41,41,41,41,41,41,41,41,41,41,41,41,41,41,41,41,41,41],"relics":["Cracked Core","Happy Flower","Pear","Pantograph","Cursed Key","Bag of Marbles","Frozen Egg 2","Bronze Scales","Anchor","Meat on the Bone","Inserter","Bird Faced Urn","Bottled Lightning","Mark of the Bloom"],"card_choices":[{"not_picked":["All For One","Machine Learning"],"picked":"Electrodynamics","floor":0},{"not_picked":["Stack","Barrage"],"picked":"Ball Lightning","floor":1},{"not_picked":["Genetic Algorithm","White Noise"],"picked":"Ball Lightning","floor":4},{"not_picked":["Barrage","Melter"],"picked":"Defragment","floor":5},{"not_picked":["Gash","Barrage","Core Surge"],"picked":"SKIP","floor":6},{"not_picked":["Turbo","Streamline","Coolheaded"],"picked":"SKIP","floor":10},{"not_picked":["Steam","Beam Cell","Chaos"],"picked":"SKIP","floor":12},{"not_picked":["Steam Power","Double Energy"],"picked":"Seek","floor":14},{"not_picked":["Fission","Rainbow"],"picked":"Biased Cognition","floor":16},{"not_picked":["Gash","Sweeping Beam","Hologram"],"picked":"SKIP","floor":18},{"not_picked":["Streamline+1","Reprogram+1","Ball Lightning"],"picked":"SKIP","floor":20},{"not_picked":["Scrape","Rip and Tear"],"picked":"Defragment+1","floor":21},{"not_picked":["Gash+1","Rip and Tear","Redo"],"picked":"SKIP","floor":27},{"not_picked":["Ball Lightning","Turbo"],"picked":"Conserve Battery","floor":29},{"not_picked":["Streamline","Stack"],"picked":"Loop+1","floor":31},{"not_picked":["Reboot","Buffer+1"],"picked":"Echo Form+1","floor":33},{"not_picked":["Hologram+1","Loop+1"],"picked":"Conserve Battery+1","floor":35},{"not_picked":["Hologram","Turbo+1"],"picked":"Conserve Battery","floor":37},{"not_picked":["Cold Snap+1","Sweeping Beam","Barrage+1"],"picked":"SKIP","floor":38},{"not_picked":["Blizzard","Sweeping Beam","Rebound"],"picked":"SKIP","floor":41},{"not_picked":["Heatsinks+1","Multi-Cast"],"picked":"Consume+1","floor":42},{"not_picked":["Coolheaded+1","Lockon+1","Cold Snap+1"],"picked":"SKIP","floor":44},{"not_picked":["Sweeping Beam","Beam Cell+1","Compile Driver"],"picked":"SKIP","floor":46},{"not_picked":["Streamline+1","Sweeping Beam","Auto Shields"],"picked":"SKIP","floor":47}],"player_experience":207115,"potions_floor_usage":[6,6,12,12,14,18,35,35,50],"damage_taken":[{"damage":4,"enemies":"Small Slimes","floor":1,"turns":3},{"damage":0,"enemies":"Cultist","floor":4,"turns":2},{"damage":7,"enemies":"Jaw Worm","floor":5,"turns":2},{"damage":11,"enemies":"3 Sentries","floor":6,"turns":3},{"damage":0,"enemies":"2 Fungi Beasts","floor":10,"turns":2},{"damage":7,"enemies":"Gremlin Nob","floor":12,"turns":3},{"damage":0,"enemies":"Looter","floor":14,"turns":1},{"damage":55,"enemies":"Hexaghost","floor":16,"turns":8},{"damage":15,"enemies":"Shell Parasite","floor":18,"turns":4},{"damage":0,"enemies":"Chosen","floor":20,"turns":3},{"damage":3,"enemies":"Snake Plant","floor":21,"turns":4},{"damage":3,"enemies":"Book of Stabbing","floor":27,"turns":4},{"damage":1,"enemies":"Centurion and Healer","floor":29,"turns":3},{"damage":0,"enemies":"Gremlin Leader","floor":31,"turns":4},{"damage":0,"enemies":"Champ","floor":33,"turns":7},{"damage":5,"enemies":"Orb Walker","floor":35,"turns":4},{"damage":0,"enemies":"Flame Bruiser 1 Orb","floor":37,"turns":4},{"damage":0,"enemies":"Spire Growth","floor":38,"turns":5},{"damage":3,"enemies":"2 Orb Walkers","floor":41,"turns":4},{"damage":1,"enemies":"Transient","floor":42,"turns":5},{"damage":0,"enemies":"3 Darklings","floor":44,"turns":2},{"damage":0,"enemies":"Sphere and 2 Shapes","floor":46,"turns":3},{"damage":2,"enemies":"Flame Bruiser 2 Orb","floor":47,"turns":4},{"damage":1,"enemies":"Time Eater","floor":50,"turns":7}],"relics_obtained":[{"floor":6,"key":"Happy Flower"},{"floor":9,"key":"Pear"},{"floor":12,"key":"Pantograph"},{"floor":27,"key":"Anchor"},{"floor":31,"key":"Meat on the Bone"},{"floor":41,"key":"Bird Faced Urn"},{"floor":43,"key":"Bottled Lightning"}],"event_choices":[{"event_name":"The Lab","player_choice":"Got Potions","floor":3,"damage_taken":0},{"event_name":"The Cleric","player_choice":"Card Removal","floor":8,"damage_taken":0},{"event_name":"World of Goop","player_choice":"Gather Gold","floor":11,"damage_taken":0},{"event_name":"Ghosts","player_choice":"Became a Ghost","floor":19,"damage_taken":0},{"event_name":"Addict","player_choice":"Obtained Relic","floor":22,"damage_taken":0},{"event_name":"The Mausoleum","player_choice":"Yes","floor":25,"damage_taken":0},{"event_name":"Wheel of Change","player_choice":"Card Removal","floor":36,"damage_taken":0},{"event_name":"MindBloom","player_choice":"Upgrade","floor":48,"damage_taken":0}],"boss_relics":[{"not_picked":["Runic Dome","Philosopher\u0027s Stone"],"picked":"Cursed Key"},{"not_picked":["Velvet Choker","Pandora\u0027s Box"],"picked":"Inserter"}],"items_purged_floors":[2,39],"is_endless":false,"potions_floor_spawned":[1,10,12,16,27,29,31,37,38,46],"seed_played":"-2791234167065102677","ascension_level":3,"potions_obtained":[{"floor":1,"key":"Strength Potion"},{"floor":3,"key":"Dexterity Potion"},{"floor":3,"key":"FearPotion"},{"floor":10,"key":"Weak Potion"},{"floor":12,"key":"Fire Potion"},{"floor":16,"key":"SpeedPotion"},{"floor":27,"key":"EssenceOfSteel"},{"floor":29,"key":"Explosive Potion"},{"floor":31,"key":"Regen Potion"},{"floor":37,"key":"Poison Potion"},{"floor":38,"key":"GamblersBrew"}],"is_trial":false}