{"gold_per_floor":[110,185,135,135,153,181,192,212,237,8,22,40,40,50,50,152,152,164,164,164,65,78,78,89,89,89,107,137,157,171,181,181,283,283,295,35,47,0,15,15,41,41,41,58,69,87,87,50,50,50,50,50,24,57,57],"floor_reached":55,"playtime":2862,"items_purged":["Defend_B","Sunder","Defend_B"],"score":700,"play_id":"26b66146-77ed-4f20-8a3d-d3c589a64578","local_time":"20190907204603","is_ascension_mode":false,"campfire_choices":[{"data":"Dualcast","floor":13.0,"key":"SMITH"},{"data":"Zap","floor":15.0,"key":"SMITH"},{"data":"Defragment","floor":23.0,"key":"SMITH"},{"data":"All For One","floor":25.0,"key":"SMITH"},{"data":"Double Energy","floor":32.0,"key":"SMITH"},{"data":"Seek","floor":40.0,"key":"SMITH"},{"floor":49.0,"key":"RECALL"},{"data":"Panache","floor":52.0,"key":"SMITH"}],"neow_cost":"NONE","seed_source_timestamp":32033609170300,"circlet_count":0,"master_deck":["Zap+1","Dualcast+1","Cold Snap","All For One+1","FTL","Defragment+1","Ball Lightning","Cold Snap","Electrodynamics","Defragment+1","Buffer+1","Lockon+1","Steam+1","Tempest+1","Biased Cognition","Gash","Auto Shields+1","Beam Cell","Double Energy+1","Self Repair","Go for the Eyes+1","Core Surge","Seek+1","Auto Shields+1","Undo+1","Panache+1","Conserve Battery+1","Hologram+1","FTL","Steam","Stack+1"],"special_seed":0,"relics":["Cracked Core","NeowsBlessing","Smiling Mask","Lantern","Anchor","Astrolabe","Blood Vial","Pen Nib","Eternal Feather","ClockworkSouvenir","Red Mask","Bag of Preparation","War Paint"],"potions_floor_usage":[55,55,55,55,55,55],"damage_taken":[{"damage":0.0,"enemies":"2 Louse","floor":1.0,"turns":1.0},{"damage":0.0,"enemies":"Small Slimes","floor":5.0,"turns":1.0},{"damage":0.0,"enemies":"Lagavulin","floor":6.0,"turns":1.0},{"damage":0.0,"enemies":"Jaw Worm","floor":7.0,"turns":3.0},{"damage":4.0,"enemies":"Gremlin Gang","floor":8.0,"turns":3.0},{"damage":0.0,"enemies":"3 Louse","floor":11.0,"turns":3.0},{"damage":4.0,"enemies":"Blue Slaver","floor":12.0,"turns":3.0},{"damage":0.0,"enemies":"Exordium Wildlife","floor":14.0,"turns":2.0},{"damage":24.0,"enemies":"Hexaghost","floor":16.0,"turns":8.0},{"damage":8.0,"enemies":"2 Thieves","floor":18.0,"turns":3.0},{"damage":0.0,"enemies":"3 Byrds","floor":22.0,"turns":2.0},{"damage":0.0,"enemies":"Sentry and Sphere","floor":24.0,"turns":4.0},{"damage":2.0,"enemies":"Centurion and Healer","floor":27.0,"turns":3.0},{"damage":9.0,"enemies":"Gremlin Leader","floor":28.0,"turns":5.0},{"damage":13.0,"enemies":"Snake Plant","floor":29.0,"turns":4.0},{"damage":0.0,"enemies":"3 Cultists","floor":30.0,"turns":4.0},{"damage":8.0,"enemies":"Centurion and Healer","floor":31.0,"turns":3.0},{"damage":12.0,"enemies":"Champ","floor":33.0,"turns":10.0},{"damage":20.0,"enemies":"3 Darklings","floor":35.0,"turns":3.0},{"damage":0.0,"enemies":"Orb Walker","floor":37.0,"turns":4.0},{"damage":0.0,"enemies":"Transient","floor":39.0,"turns":5.0},{"damage":35.0,"enemies":"Reptomancer","floor":41.0,"turns":6.0},{"damage":0.0,"enemies":"3 Darklings","floor":44.0,"turns":2.0},{"damage":0.0,"enemies":"Spire Growth","floor":45.0,"turns":4.0},{"damage":3.0,"enemies":"4 Shapes","floor":46.0,"turns":2.0},{"damage":51.0,"enemies":"Awakened One","floor":50.0,"turns":14.0},{"damage":19.0,"enemies":"Shield and Spear","floor":54.0,"turns":6.0},{"damage":100,"enemies":"The Heart","floor":55,"turns":6}],"seed_played":"4377275596776376021","potions_obtained":[{"floor":5.0,"key":"EntropicBrew"},{"floor":7.0,"key":"FocusPotion"},{"floor":8.0,"key":"LiquidBronze"},{"floor":27.0,"key":"Explosive Potion"},{"floor":29.0,"key":"Ancient Potion"},{"floor":31.0,"key":"FocusPotion"},{"floor":35.0,"key":"FocusPotion"},{"floor":37.0,"key":"Strength Potion"},{"floor":44.0,"key":"SkillPotion"},{"floor":54.0,"key":"EntropicBrew"}],"is_trial":false,"path_per_floor":["M","?","?","?","M","E","M","M","T","$","M","M","R","M","R","B",null,"M","?","?","$","M","R","M","R","T","M","E","M","M","M","R","B",null,"M","$","M","?","M","R","E","?","T","M","M","M","?","$","R","B",null,"R","$","E","B"],"character_chosen":"DEFECT","items_purchased":["Anchor","Defragment","Gash","ClockworkSouvenir","FTL","Steam"],"campfire_rested":0,"item_purchase_floors":[10,10,21,36,48,53],"current_hp_per_floor":[75,64,64,69,69,69,69,65,65,65,65,61,61,61,61,37,80,72,57,57,57,57,57,57,57,57,57,50,46,48,49,49,46,85,72,72,81,81,85,85,57,57,57,59,68,67,67,67,82,40,85,85,85,66,0],"gold":57,"neow_bonus":"THREE_ENEMY_KILL","is_prod":false,"is_daily":false,"chose_seed":false,"campfire_upgraded":7,"win_rate":0,"timestamp":1567856763,"path_taken":["M","?","?","?","M","E","M","M","T","$","?","M","R","?","R","BOSS","M","?","?","$","M","R","M","R","T","M","E","M","M","M","R","BOSS","M","$","M","?","M","R","E","?","T","M","M","?","?","$","R","BOSS","R","$","E","BOSS"],"build_version":"2019-07-17","purchased_purges":3,"victory":false,"max_hp_per_floor":[75,75,75,80,80,80,80,80,80,80,80,80,80,80,80,80,80,80,85,85,85,85,85,85,85,85,85,85,85,85,85,85,85,85,85,85,85,85,85,85,85,85,85,85,85,85,85,85,85,85,85,85,85,85,85],"card_choices":[{"not_picked":["Go for the Eyes","Redo"],"picked":"Sunder","floor":1.0},{"not_picked":["Auto Shields","Stack"],"picked":"Cold Snap","floor":5.0},{"not_picked":["Loop","Compile Driver"],"picked":"All For One","floor":6.0},{"not_picked":["Compile Driver","Fusion","Stack"],"picked":"SKIP","floor":7.0},{"not_picked":["Conserve Battery","Scrape"],"picked":"FTL","floor":8.0},{"not_picked":["Stack","Creative AI"],"picked":"Ball Lightning","floor":11.0},{"not_picked":["Redo","Blizzard"],"picked":"Cold Snap","floor":12.0},{"not_picked":["Streamline","Compile Driver","Coolheaded"],"picked":"SKIP","floor":14.0},{"not_picked":["Streamline","Compile Driver","Coolheaded"],"picked":"SKIP","floor":14.0},{"not_picked":["Thunder Strike","Fission"],"picked":"Electrodynamics","floor":16.0},{"not_picked":["FTL","Undo"],"picked":"Steam","floor":18.0},{"not_picked":["Doom and Gloom+1","Redo+1"],"picked":"Auto Shields+1","floor":22.0},{"not_picked":["Tempest","Double Energy"],"picked":"Beam Cell","floor":24.0},{"not_picked":["Coolheaded+1","Sweeping Beam"],"picked":"Double Energy","floor":27.0},{"not_picked":["Stack+1","Scrape+1"],"picked":"Self Repair","floor":28.0},{"not_picked":["Cold Snap","Redo","Conserve Battery"],"picked":"SKIP","floor":29.0},{"not_picked":["Turbo","Steam+1"],"picked":"Go for the Eyes+1","floor":30.0},{"not_picked":["Leap","Rebound"],"picked":"Core Surge","floor":31.0},{"not_picked":["Meteor Strike","Multi-Cast"],"picked":"Seek","floor":33.0},{"not_picked":["Turbo+1","Chaos","Reinforced Body+1"],"picked":"SKIP","floor":35.0},{"not_picked":["Beam Cell","Stack"],"picked":"Auto Shields+1","floor":37.0},{"not_picked":["Gash+1","Consume+1"],"picked":"Undo+1","floor":39.0},{"not_picked":["Beam Cell","Self Repair+1","Turbo"],"picked":"SKIP","floor":41.0},{"not_picked":["Finesse","Discovery"],"picked":"Panache","floor":42.0},{"not_picked":["Cold Snap","Hologram","Reprogram"],"picked":"SKIP","floor":44.0},{"not_picked":["Compile Driver+1","Rebound"],"picked":"Conserve Battery+1","floor":45.0},{"not_picked":["Coolheaded+1","Sweeping Beam"],"picked":"Hologram+1","floor":46.0},{"not_picked":["Cold Snap+1","Lockon+1"],"picked":"Stack+1","floor":54.0}],"player_experience":352342,"relics_obtained":[{"floor":6.0,"key":"Smiling Mask"},{"floor":9.0,"key":"Lantern"},{"floor":26.0,"key":"Blood Vial"},{"floor":28.0,"key":"Pen Nib"},{"floor":41.0,"key":"Bag of Preparation"},{"floor":54.0,"key":"War Paint"}],"event_choices":[{"damage_healed":0.0,"max_hp_gain":0.0,"max_hp_loss":0.0,"gold_gain":75.0,"event_name":"World of Goop","player_choice":"Gather Gold","floor":2.0,"gold_loss":0.0,"damage_taken":11.0},{"cards_removed":["Strike_B"],"damage_healed":0.0,"max_hp_gain":0.0,"max_hp_loss":0.0,"gold_gain":0.0,"event_name":"The Cleric","player_choice":"Card Removal","floor":3.0,"gold_loss":50.0,"damage_taken":0.0},{"damage_healed":0.0,"max_hp_gain":5.0,"max_hp_loss":0.0,"gold_gain":0.0,"event_name":"Big Fish","player_choice":"Donut","floor":4.0,"gold_loss":0.0,"damage_taken":0.0},{"damage_healed":0.0,"max_hp_gain":5.0,"max_hp_loss":0.0,"gold_gain":0.0,"event_name":"Forgotten Altar","player_choice":"Shed Blood","floor":19.0,"gold_loss":0.0,"damage_taken":20.0},{"damage_healed":0.0,"max_hp_gain":0.0,"max_hp_loss":0.0,"gold_gain":0.0,"cards_transformed":["Defend_B","Strike_B"],"event_name":"Drug Dealer","player_choice":"Became Test Subject","floor":20.0,"gold_loss":0.0,"damage_taken":0.0,"cards_obtained":["Tempest","Biased Cognition"]},{"damage_healed":0.0,"max_hp_gain":0.0,"max_hp_loss":0.0,"gold_gain":0.0,"event_name":"Tomb of Lord Red Mask","player_choice":"Paid","floor":38.0,"gold_loss":47.0,"damage_taken":0.0,"relics_obtained":["Red Mask"]},{"damage_healed":0.0,"max_hp_gain":0.0,"max_hp_loss":0.0,"gold_gain":0.0,"event_name":"SensoryStone","player_choice":"Memory 1","floor":42.0,"gold_loss":0.0,"damage_taken":0.0},{"damage_healed":0.0,"max_hp_gain":0.0,"max_hp_loss":0.0,"gold_gain":0.0,"event_name":"Mysterious Sphere","player_choice":"Ignored","floor":47.0,"gold_loss":0.0,"damage_taken":0.0}],"is_beta":false,"boss_relics":[{"not_picked":["Empty Cage","Runic Dome"],"picked":"Astrolabe"},{"not_picked":["Orrery","Lizard Tail"],"picked":"Eternal Feather"}],"items_purged_floors":[10,21,36],"is_endless":false,"potions_floor_spawned":[5,7,8,12,27,29,31,35,37,44,45,54],"killed_by":"The Heart","ascension_level":0}