{"gold_per_floor":[115,115,126,126,126,126,144,43,69,79,79,90,107,126,126,231,231,249,53,73,87,7,7,7,31,31,31,47,47,47,62,62,62],"floor_reached":33,"playtime":1028,"items_purged":["Strike_B","Strike_B"],"score":239,"play_id":"b95e01bf-f55e-48b5-88b0-97b4b8a5b2ee","local_time":"20190901131210","is_ascension_mode":false,"campfire_choices":[{"data":"Zap","floor":6,"key":"SMITH"},{"data":"Dualcast","floor":11,"key":"SMITH"},{"data":"White Noise","floor":15,"key":"SMITH"},{"data":"Defragment","floor":23,"key":"SMITH"},{"data":"Coolheaded","floor":32,"key":"SMITH"}],"neow_cost":"NONE","seed_source_timestamp":1395395247666500,"circlet_count":0,"master_deck":["Defend_B","Defend_B","Defend_B","Defend_B","Zap+1","Dualcast+1","Ball Lightning","White Noise+1","Genetic Algorithm","Streamline","Leap","Turbo","Coolheaded+1","Seek","Ball Lightning+1","Stack","Self Repair","Defragment+1"],"relics":["Cracked Core","NeowsBlessing","Vajra","Sozu","Pen Nib"],"potions_floor_usage":[16,16,16,20],"damage_taken":[{"damage":0,"enemies":"2 Louse","floor":1,"turns":1},{"damage":0,"enemies":"Small Slimes","floor":3,"turns":1},{"damage":0,"enemies":"Cultist","floor":7,"turns":1},{"damage":8,"enemies":"Gremlin Gang","floor":10,"turns":4},{"damage":0,"enemies":"3 Louse","floor":12,"turns":4},{"damage":1,"enemies":"Exordium Wildlife","floor":13,"turns":3},{"damage":0,"enemies":"Blue Slaver","floor":14,"turns":3},{"damage":31,"enemies":"Hexaghost","floor":16,"turns":10},{"damage":4,"enemies":"Shell Parasite","floor":18,"turns":4},{"damage":1,"enemies":"2 Thieves","floor":20,"turns":4},{"damage":41,"enemies":"3 Cultists","floor":21,"turns":7},{"damage":13,"enemies":"Cultist and Chosen","floor":28,"turns":5},{"damage":2,"enemies":"Chosen and Byrds","floor":31,"turns":6},{"damage":51,"enemies":"Champ","floor":33,"turns":11}],"seed_played":"-3044233208602649679","potions_obtained":[{"floor":3,"key":"Energy Potion"},{"floor":7,"key":"GamblersBrew"},{"floor":12,"key":"FearPotion"},{"floor":13,"key":"SkillPotion"},{"floor":16,"key":"Block Potion"}],"is_trial":false,"path_per_floor":["M","?","M","?","?","R","M","$","T","M","R","M","M","M","R","B",null,"M","$","M","M","$","R","?","T","T","?","M","?","$","M","R","B"],"character_chosen":"DEFECT","items_purchased":["Streamline","Stack","Self Repair","Defragment"],"campfire_rested":0,"item_purchase_floors":[8,19,19,22],"current_hp_per_floor":[75,75,75,80,80,80,80,80,80,72,72,72,71,71,71,40,80,76,76,80,46,46,46,46,46,46,46,40,40,40,45,45,0],"gold":62,"neow_bonus":"THREE_ENEMY_KILL","is_prod":false,"is_daily":false,"chose_seed":false,"campfire_upgraded":5,"win_rate":0,"timestamp":1567311130,"path_taken":["M","?","M","?","?","R","M","$","T","M","R","?","M","M","R","BOSS","M","$","?","M","$","R","?","?","T","?","?","?","$","M","R","BOSS"],"build_version":"2019-07-17","purchased_purges":2,"victory":false,"max_hp_per_floor":[75,75,75,80,80,80,80,80,80,80,80,80,80,80,80,80,80,80,80,80,80,80,80,80,80,80,80,80,80,80,80,80,80],"card_choices":[{"not_picked":["Static Discharge","Fusion"],"picked":"Ball Lightning","floor":1},{"not_picked":["Hello World","Sweeping Beam"],"picked":"White Noise","floor":3},{"not_picked":["Turbo","Sweeping Beam"],"picked":"Genetic Algorithm","floor":7},{"not_picked":["Compile Driver","Blizzard"],"picked":"Leap","floor":10},{"not_picked":["Rebound","Heatsinks","Rip and Tear"],"picked":"SKIP","floor":12},{"not_picked":["Undo","Barrage"],"picked":"Turbo","floor":13},{"not_picked":["Redo","Multi-Cast"],"picked":"Coolheaded","floor":14},{"not_picked":["Amplify","Multi-Cast"],"picked":"Seek","floor":16},{"not_picked":["Rebound","Aggregate"],"picked":"Ball Lightning+1","floor":18},{"not_picked":["Coolheaded","Barrage","Blizzard+1"],"picked":"SKIP","floor":20},{"not_picked":["Barrage+1","Steam Power","Turbo"],"picked":"SKIP","floor":21},{"not_picked":["Loop","Steam","Redo"],"picked":"SKIP","floor":28},{"not_picked":["Beam Cell","Rebound+1","Gash"],"picked":"SKIP","floor":31}],"player_experience":323803,"relics_obtained":[{"floor":9,"key":"Vajra"},{"floor":26,"key":"Pen Nib"}],"event_choices":[{"damage_healed":0,"gold_gain":0,"player_choice":"Ignored","damage_taken":0,"max_hp_gain":0,"max_hp_loss":0,"event_name":"Liars Game","floor":2,"gold_loss":0},{"damage_healed":0,"gold_gain":0,"player_choice":"Donut","damage_taken":0,"max_hp_gain":5,"max_hp_loss":0,"event_name":"Big Fish","floor":4,"gold_loss":0},{"cards_removed":["Strike_B"],"damage_healed":0,"gold_gain":0,"player_choice":"Purged","damage_taken":0,"max_hp_gain":0,"max_hp_loss":0,"event_name":"Purifier","floor":5,"gold_loss":0},{"cards_removed":["Strike_B"],"damage_healed":0,"gold_gain":0,"player_choice":"Elegance","damage_taken":0,"max_hp_gain":0,"max_hp_loss":0,"event_name":"Back to Basics","floor":24,"gold_loss":0},{"damage_healed":0,"gold_gain":0,"player_choice":"Ignored","damage_taken":0,"max_hp_gain":0,"max_hp_loss":0,"event_name":"NoteForYourself","floor":27,"gold_loss":0},{"damage_healed":0,"gold_gain":0,"player_choice":"Ignored","damage_taken":0,"max_hp_gain":0,"max_hp_loss":0,"event_name":"Vampires","floor":29,"gold_loss":0}],"is_beta":false,"boss_relics":[{"not_picked":["Velvet Choker","Runic Dome"],"picked":"Sozu"}],"items_purged_floors":[8,19],"is_endless":false,"potions_floor_spawned":[3,7,12,13,16,20,31],"killed_by":"Champ","ascension_level":0}