{"gold_per_floor":[113,15,25,35,51,51,79,79,102,114,151,163,190,202,214,330,342,368,391,403,415],"floor_reached":21,"playtime":879,"items_purged":["Strike_G"],"score":227,"play_id":"826f187e-18d6-4f46-8d66-82f06b460439","local_time":"20190207153215","is_ascension_mode":true,"campfire_choices":[{"data":"Neutralize","floor":6,"key":"SMITH"},{"data":"Noxious Fumes","floor":8,"key":"SMITH"},{"floor":10,"key":"REST"},{"data":"Predator","floor":15,"key":"SMITH"}],"neow_cost":"NONE","seed_source_timestamp":885030519324567,"circlet_count":0,"master_deck":["Defend_G","Defend_G","Defend_G","Defend_G","Strike_G","Strike_G","Strike_G","Survivor","Neutralize+1","Slice","Flying Knee","Noxious Fumes+1","Blade Dance","Deadly Poison","Deadly Poison","Slice","Predator+1","A Thousand Cuts","Infinite Blades","Footwork","Backflip","Deflect","Poisoned Stab","Well Laid Plans"],"relics":["Ring of the Snake","NeowsBlessing","Anchor","MawBank","Happy Flower","Orrery","Gambling Chip"],"potions_floor_usage":[7],"damage_taken":[{"damage":0,"enemies":"Small Slimes","floor":1,"turns":1},{"damage":0,"enemies":"Cultist","floor":3,"turns":1},{"damage":0,"enemies":"Jaw Worm","floor":4,"turns":1},{"damage":4,"enemies":"Exordium Thugs","floor":5,"turns":4},{"damage":29,"enemies":"3 Sentries","floor":7,"turns":8},{"damage":22,"enemies":"Gremlin Nob","floor":11,"turns":5},{"damage":3,"enemies":"Lots of Slimes","floor":13,"turns":3},{"damage":23,"enemies":"The Guardian","floor":16,"turns":9},{"damage":8,"enemies":"Chosen","floor":18,"turns":5},{"damage":33,"enemies":"2 Thieves","floor":19,"turns":4},{"damage":40,"enemies":"Sentry and Sphere","floor":21,"turns":5}],"seed_played":"-6059590695838104581","potions_obtained":[{"floor":3,"key":"FairyPotion"},{"floor":5,"key":"Swift Potion"},{"floor":7,"key":"Ancient Potion"},{"floor":13,"key":"SpeedPotion"}],"is_trial":false,"path_per_floor":["M","$","M","M","M","R","E","R","T","R","E","?","M","?","R","B",null,"M","M","?","M"],"character_chosen":"THE_SILENT","items_purchased":["Flying Knee"],"campfire_rested":1,"item_purchase_floors":[2],"current_hp_per_floor":[70,70,70,70,66,66,37,37,37,58,36,36,33,33,33,10,70,62,29,29,0],"gold":415,"neow_bonus":"THREE_ENEMY_KILL","is_prod":false,"is_daily":false,"chose_seed":false,"campfire_upgraded":3,"win_rate":0,"timestamp":1549521135,"path_taken":["M","$","M","M","M","R","E","R","T","R","E","?","?","?","R","BOSS","M","M","?","M"],"build_version":"2019-01-23","purchased_purges":1,"victory":false,"max_hp_per_floor":[70,70,70,70,70,70,70,70,70,70,70,70,70,70,70,70,70,70,70,70,70],"card_choices":[{"not_picked":["Flying Knee","Riddle With Holes"],"picked":"Slice","floor":1},{"not_picked":["Choke","Prepared"],"picked":"Noxious Fumes","floor":3},{"not_picked":["Dagger Spray","Predator"],"picked":"Blade Dance","floor":4},{"not_picked":["Dodge and Roll","Bane"],"picked":"Deadly Poison","floor":5},{"not_picked":["Dodge and Roll","Setup"],"picked":"Deadly Poison","floor":7},{"not_picked":["Outmaneuver","Riddle With Holes"],"picked":"Slice","floor":11},{"not_picked":["Deadly Poison","Outmaneuver"],"picked":"Predator","floor":13},{"not_picked":["Grand Finale","Doppelganger"],"picked":"A Thousand Cuts","floor":16},{"not_picked":["Poisoned Stab","Prepared"],"picked":"Infinite Blades","floor":17},{"not_picked":["Eviscerate","Backflip"],"picked":"Footwork","floor":17},{"not_picked":["Outmaneuver","Leg Sweep"],"picked":"Backflip","floor":17},{"not_picked":["Underhanded Strike","Outmaneuver"],"picked":"Deflect","floor":17},{"not_picked":["Sucker Punch","Terror"],"picked":"Poisoned Stab","floor":17},{"not_picked":["Blade Dance","Heel Hook","Outmaneuver"],"picked":"SKIP","floor":18},{"not_picked":["Escape Plan+1","Deflect"],"picked":"Well Laid Plans","floor":19}],"player_experience":179196,"relics_obtained":[{"floor":7,"key":"Anchor"},{"floor":9,"key":"MawBank"},{"floor":11,"key":"Happy Flower"}],"event_choices":[{"cards_removed":["Strike_G"],"damage_healed":0,"gold_gain":0,"player_choice":"Offered Basic","damage_taken":0,"max_hp_gain":0,"max_hp_loss":0,"event_name":"Bonfire Elementals","floor":12,"gold_loss":0},{"cards_removed":["Defend_G"],"damage_healed":0,"gold_gain":0,"player_choice":"Purged","damage_taken":0,"max_hp_gain":0,"max_hp_loss":0,"event_name":"Purifier","floor":14,"gold_loss":0},{"damage_healed":0,"gold_gain":0,"player_choice":"Gave Potion","damage_taken":0,"relics_obtained":["Gambling Chip"],"max_hp_gain":0,"max_hp_loss":0,"event_name":"WeMeetAgain","floor":20,"gold_loss":0}],"is_beta":false,"boss_relics":[{"not_picked":["Pandora\u0027s Box","Snecko Eye"],"picked":"Orrery"}],"items_purged_floors":[2],"is_endless":false,"potions_floor_spawned":[3,5,7,13],"killed_by":"Sentry and Sphere","ascension_level":4}