{"gold_per_floor":[119,135,210,17,33,49,49,49,49,63,63,91,39,50,50,50],"floor_reached":16,"playtime":684,"items_purged":[],"score":128,"play_id":"3f89feb1-0dec-4f17-a98b-b15ac693d548","local_time":"20190221122954","is_ascension_mode":true,"campfire_choices":[{"data":"1","floor":7,"key":"LIFT"},{"floor":11,"key":"REST"},{"data":"2","floor":15,"key":"LIFT"}],"neow_cost":"TEN_PERCENT_HP_LOSS","seed_source_timestamp":637438390591699,"circlet_count":0,"master_deck":["Defend_G","Defend_G","Defend_G","Defend_G","Defend_G","Strike_G","Strike_G","Strike_G","Strike_G","Strike_G","Survivor","Neutralize","Choke","Quick Slash","Cloak And Dagger","Blade Dance","Dodge and Roll","Crippling Poison"],"relics":["Ring of the Snake","Girya","Vajra","Lantern","Bottled Flame","Happy Flower"],"potions_floor_usage":[10,14,16,16],"damage_taken":[{"damage":1,"enemies":"2 Louse","floor":1,"turns":3},{"damage":0,"enemies":"Cultist","floor":2,"turns":5},{"damage":0,"enemies":"Jaw Worm","floor":5,"turns":3},{"damage":0,"enemies":"Blue Slaver","floor":6,"turns":4},{"damage":0,"enemies":"Large Slime","floor":10,"turns":3},{"damage":12,"enemies":"Gremlin Nob","floor":12,"turns":3},{"damage":0,"enemies":"3 Louse","floor":14,"turns":2},{"damage":26,"enemies":"Slime Boss","floor":16,"turns":11}],"seed_played":"-3021632161491418968","potions_obtained":[{"floor":5,"key":"Swift Potion"},{"floor":6,"key":"Fire Potion"},{"floor":12,"key":"Weak Potion"}],"is_trial":false,"path_per_floor":["M","M","?","$","M","M","R","?","T","M","R","E","$","M","R","B"],"character_chosen":"THE_SILENT","items_purchased":["Vajra","Quick Slash","Block Potion"],"campfire_rested":1,"item_purchase_floors":[4,4,13],"current_hp_per_floor":[62,62,56,56,56,56,56,23,23,23,41,29,29,29,29,3],"gold":50,"neow_bonus":"ONE_RARE_RELIC","is_prod":false,"is_daily":false,"chose_seed":false,"campfire_upgraded":0,"win_rate":0,"timestamp":1550773794,"path_taken":["M","M","?","$","?","M","R","?","T","M","R","E","$","M","R","BOSS"],"build_version":"2019-02-06","purchased_purges":0,"victory":false,"max_hp_per_floor":[63,63,63,63,63,63,63,63,63,63,63,63,63,63,63,63],"card_choices":[{"not_picked":["Deadly Poison","Flying Knee","Quick Slash"],"picked":"SKIP","floor":1},{"not_picked":["Tactician","Underhanded Strike"],"picked":"Choke","floor":2},{"not_picked":["Bane","Dash"],"picked":"Cloak And Dagger","floor":5},{"not_picked":["Bane","Quick Slash"],"picked":"Blade Dance","floor":6},{"not_picked":["Underhanded Strike","Slice"],"picked":"Dodge and Roll","floor":10},{"not_picked":["Setup","Dagger Throw","Concentrate"],"picked":"SKIP","floor":12},{"not_picked":["Flying Knee","Unload"],"picked":"Crippling Poison","floor":14}],"player_experience":452774,"relics_obtained":[{"floor":9,"key":"Bottled Flame"},{"floor":12,"key":"Happy Flower"}],"event_choices":[{"damage_healed":0,"gold_gain":75,"player_choice":"Touch","damage_taken":6,"max_hp_gain":0,"max_hp_loss":0,"event_name":"FaceTrader","floor":3,"gold_loss":0},{"damage_healed":0,"gold_gain":0,"player_choice":"Success","damage_taken":33,"relics_obtained":["Lantern"],"max_hp_gain":0,"max_hp_loss":0,"event_name":"Scrap Ooze","floor":8,"gold_loss":0}],"is_beta":true,"boss_relics":[],"items_purged_floors":[],"is_endless":false,"potions_floor_spawned":[5,6,12],"killed_by":"Slime Boss","ascension_level":5}