{"gold_per_floor":[117,117,36,36,66,66,98,108,108,127,160,174,174],"floor_reached":13,"playtime":943,"items_purged":[],"score":112,"play_id":"6142d000-f342-47af-bc0b-0610c6a29c9f","local_time":"20190701110357","is_ascension_mode":true,"campfire_choices":[{"data":"animator:Cocytus","floor":6,"key":"SMITH"}],"neow_cost":"NONE","seed_source_timestamp":1422916833829825,"circlet_count":0,"master_deck":["animator:Strike_Overlord","animator:Defend_Overlord","animator:Strike","animator:Strike","animator:Strike","animator:Defend","animator:Defend+1","animator:Cocytus+1","animator:PandorasActor+1","animator:Sebas","animator:DolaStephanie","animator:Shizu","animator:AcuraTooru","animator:SirTouchMe","animator:Elesis","animator:Azekura"],"relics":["animator:LivingPicture","animator:PurgingStone_Cards","animator:TheMissingPiece","Bag of Preparation","Tiny Chest","Lantern","Happy Flower","animator:CursedGlyph","animator:AlchemistGlove","Champion Belt"],"potions_floor_usage":[7,13],"damage_taken":[{"damage":0,"enemies":"Small Slimes","floor":1,"turns":3},{"damage":41,"enemies":"Gremlin Nob","floor":7,"turns":5},{"damage":0,"enemies":"Jaw Worm","floor":8,"turns":3},{"damage":0,"enemies":"Cultist","floor":10,"turns":3},{"damage":9,"enemies":"3 Sentries","floor":11,"turns":7},{"damage":4,"enemies":"Large Slime","floor":12,"turns":4},{"damage":5,"enemies":"3 Louse","floor":13,"turns":1}],"seed_played":"-1784239185660666485","potions_obtained":[{"floor":1,"key":"PowerPotion"},{"floor":7,"key":"SpeedPotion"},{"floor":10,"key":"FearPotion"}],"is_trial":false,"path_per_floor":["M","?","$","?","?","R","E","M","T","M","E","M","M"],"character_chosen":"THE_ANIMATOR","items_purchased":["animator:DolaStephanie"],"campfire_rested":0,"item_purchase_floors":[3],"current_hp_per_floor":[71,57,57,57,54,54,13,13,13,17,8,4,0],"gold":174,"neow_bonus":"RANDOM_COMMON_RELIC","is_prod":false,"is_daily":false,"chose_seed":false,"campfire_upgraded":1,"win_rate":0,"timestamp":1562004237,"path_taken":["M","?","$","?","?","R","E","?","T","M","E","M","M"],"build_version":"2019-01-23","purchased_purges":0,"victory":false,"max_hp_per_floor":[71,71,71,71,71,71,71,71,71,67,67,67,67],"card_choices":[{"not_picked":["animator:GuildGirl","animator:ElricEdward"],"picked":"animator:Sebas","floor":1},{"not_picked":["animator:MetalKnight","animator:Gillette"],"picked":"animator:Shizu","floor":7},{"not_picked":["animator:Guy","animator:Rena"],"picked":"animator:AcuraTooru","floor":8},{"not_picked":["animator:Shalltear","animator:Sebas"],"picked":"animator:SirTouchMe","floor":10},{"not_picked":["animator:CowGirl","animator:Genos"],"picked":"animator:Elesis","floor":11},{"not_picked":["animator:Hitei","animator:Illya"],"picked":"animator:Azekura","floor":12}],"player_experience":582212,"relics_obtained":[{"floor":7,"key":"Lantern"},{"floor":9,"key":"Happy Flower"},{"floor":10,"key":"animator:CursedGlyph"},{"floor":11,"key":"animator:AlchemistGlove"},{"floor":12,"key":"Champion Belt"}],"event_choices":[{"damage_healed":0,"gold_gain":0,"player_choice":"Entered Light","damage_taken":14,"max_hp_gain":0,"max_hp_loss":0,"event_name":"Shining Light","floor":2,"gold_loss":0,"cards_upgraded":["animator:PandorasActor","animator:Defend"]},{"cards_removed":["animator:Defend"],"damage_healed":0,"gold_gain":0,"player_choice":"Forget","damage_taken":0,"max_hp_gain":0,"max_hp_loss":0,"event_name":"Living Wall","floor":4,"gold_loss":0},{"damage_healed":0,"gold_gain":0,"player_choice":"Success","damage_taken":3,"relics_obtained":["Tiny Chest"],"max_hp_gain":0,"max_hp_loss":0,"event_name":"Scrap Ooze","floor":5,"gold_loss":0}],"is_beta":false,"boss_relics":[],"items_purged_floors":[],"is_endless":false,"potions_floor_spawned":[1,7,10],"killed_by":"3 Louse","ascension_level":4}