{"path_per_floor":["M","M","?","?","M","E","R","M","T","?","R","$","R","M","R","B",null,"M","?","M","?","M","$","?","E","T","M","R","M","M","M","R"],"character_chosen":"DEFECT","items_purchased":["Bag of Preparation"],"gold_per_floor":[112,132,132,132,143,172,172,190,217,217,217,142,142,161,161,260,260,272,272,286,286,297,47,47,80,80,100,100,117,137,157,157,157],"floor_reached":33,"campfire_rested":4,"playtime":2313,"current_hp_per_floor":[33,32,32,25,36,22,44,29,29,29,51,51,51,51,51,26,75,58,58,58,58,41,41,41,11,11,11,33,6,6,6,28,0],"items_purged":["Injury","Defend_B"],"gold":157,"score":269,"play_id":"755709a0-06b1-4f3c-995d-ace35955eef6","local_time":"20180513220805","is_prod":false,"is_daily":false,"chose_seed":false,"is_ascension_mode":false,"campfire_upgraded":2,"timestamp":1526242085,"path_taken":["M","M","?","?","M","E","R","M","T","?","R","$","R","?","R","BOSS","M","?","M","?","M","$","?","E","T","M","R","?","?","M","R","BOSS"],"build_version":"2018-05-12v2","seed_source_timestamp":2806254794659,"purchased_purges":3,"victory":false,"master_deck":["Strike_B","Strike_B","Defend_B","Defend_B","Zap+1","White Noise+1","Streamline","Sunder+1","Streamline","Thunder Strike","Auto Shields","White Noise+1","Chill+1","Ball Lightning+1"],"max_hp_per_floor":[75,75,75,75,75,75,75,75,75,75,75,75,75,75,75,75,75,75,75,75,75,75,75,75,75,75,75,75,75,75,75,75,75],"relics":["Cracked Core","Happy Flower","Bag of Marbles","Lizard Tail","Bag of Preparation","Lantern","Toolbox"],"card_choices":[{"not_picked":["Barrage","Sweeping Beam","Doom and Gloom"],"picked":"SKIP","floor":1},{"not_picked":["Skim","Turbo","Axe Kick"],"picked":"SKIP","floor":2},{"not_picked":["Hello World","Hologram"],"picked":"White Noise","floor":5},{"not_picked":["Aggregate","Barrage"],"picked":"Streamline","floor":6},{"not_picked":["Redo","Skim"],"picked":"Sunder","floor":8},{"not_picked":["Consume","Cold Snap"],"picked":"Streamline","floor":14},{"not_picked":["Creative AI","Buffer"],"picked":"Thunder Strike","floor":16},{"not_picked":["Loop","Barrage"],"picked":"Auto Shields","floor":18},{"not_picked":["BootSequence","Beam Cell","Lockon"],"picked":"SKIP","floor":20},{"not_picked":["BootSequence","Beam Cell","Lockon"],"picked":"SKIP","floor":20},{"not_picked":["Capacitor+1","Rebound","Reprogram"],"picked":"SKIP","floor":22},{"not_picked":["Fusion","Cold Snap+1"],"picked":"Chill+1","floor":25},{"not_picked":["Rip and Tear","Aggregate+1","Doom and Gloom"],"picked":"SKIP","floor":27},{"not_picked":["Beam Cell","Coolheaded"],"picked":"Ball Lightning+1","floor":29},{"not_picked":["White Noise","Go for the Eyes+1","Rebound"],"picked":"SKIP","floor":30},{"not_picked":["Rebound","Glacier","Reinforced Body"],"picked":"SKIP","floor":31}],"player_experience":42244,"potions_floor_usage":[5,6,16,22,29,33],"damage_taken":[{"damage":5,"enemies":"Small Slimes","floor":1,"turns":3},{"damage":1,"enemies":"Cultist","floor":2,"turns":4},{"damage":1,"enemies":"Jaw Worm","floor":5,"turns":5},{"damage":14,"enemies":"3 Sentries","floor":6,"turns":6},{"damage":15,"enemies":"3 Louse","floor":8,"turns":3},{"damage":0,"enemies":"Looter","floor":14,"turns":2},{"damage":25,"enemies":"Hexaghost","floor":16,"turns":8},{"damage":17,"enemies":"3 Byrds","floor":18,"turns":4},{"damage":0,"enemies":"Chosen","floor":20,"turns":5},{"damage":17,"enemies":"Centurion and Healer","floor":22,"turns":6},{"damage":67,"enemies":"Book of Stabbing","floor":25,"turns":6},{"damage":0,"enemies":"Sentry and Sphere","floor":27,"turns":4},{"damage":27,"enemies":"Cultist and Chosen","floor":29,"turns":5},{"damage":0,"enemies":"3 Cultists","floor":30,"turns":4},{"damage":0,"enemies":"Sentry and Sphere","floor":31,"turns":3},{"damage":52,"enemies":"Collector","floor":33,"turns":6}],"event_choices":[{"event_name":"Living Wall","player_choice":"Forget","floor":3,"damage_taken":0},{"event_name":"Golden Wing","player_choice":"Card Removal","floor":4,"damage_taken":0},{"event_name":"Accursed Blacksmith","player_choice":"Forge","floor":10,"damage_taken":0},{"event_name":"Duplicator","player_choice":"One dupe","floor":19,"damage_taken":0},{"event_name":"Ghosts","player_choice":"Ignored","floor":21,"damage_taken":0},{"event_name":"Cursed Tome","player_choice":"Ignored","floor":24,"damage_taken":0}],"boss_relics":[{"not_picked":["Runic Pyramid","Sozu"],"picked":"Lizard Tail"}],"potions_floor_spawned":[1,2,14,20,25,31],"seed_played":"-8444995978213528532","killed_by":"Collector","ascension_level":0,"is_trial":false}