{"gold_per_floor":[14,14,41,54,54,54,73,73,73,73,93,111,138,157,157,260,260,271,261,276,276,46,79,91,91,117,117,129,164,164,174,174,274,274,285,285,296,73,84,84,99,129,153,167,194,24,24,42,42,42],"floor_reached":51,"playtime":2736,"items_purged":["Defend_G","Decay"],"score":1000,"play_id":"97f72088-b287-4514-915b-ce9cf30a2ee6","local_time":"20190311051122","is_ascension_mode":true,"campfire_choices":[{"data":"Neutralize","floor":6,"key":"SMITH"},{"data":"Venomology","floor":8,"key":"SMITH"},{"data":"Caltrops","floor":15,"key":"SMITH"},{"data":"Noxious Fumes","floor":25,"key":"SMITH"},{"data":"Cloak And Dagger","floor":27,"key":"SMITH"},{"data":"Well Laid Plans","floor":30,"key":"SMITH"},{"data":"Bite","floor":32,"key":"SMITH"},{"data":"Die Die Die","floor":40,"key":"SMITH"},{"data":"Bite","floor":49,"key":"SMITH"}],"neow_cost":"NO_GOLD","seed_source_timestamp":627951651034245,"circlet_count":0,"master_deck":["Defend_G","Defend_G","Defend_G","Survivor","Neutralize+1","Cloak And Dagger+1","Venomology+1","PiercingWail+1","Caltrops+1","Malaise+1","PiercingWail+1","Terror+1","Bite","Bite","Bite","Bite+1","Bite+1","Noxious Fumes+1","Die Die Die+1","Catalyst+1","Well Laid Plans+1","Cloak And Dagger+1","Venomology+1","PiercingWail+1","Madness+1","Madness+1","Crippling Poison+1","Burst+1","Deadly Poison+1","Prepared+1","Deflect+1","Crippling Poison+1"],"relics":["Ring of the Serpent","Mercury Hourglass","Dream Catcher","Toxic Egg 2","Toy Ornithopter","Ornamental Fan","Regal Pillow","Red Mask","Cursed Key","Bag of Marbles","Bag of Preparation","Du-Vu Doll"],"potions_floor_usage":[12,12,13,13,16,16,18,20,20,23,23,23,24,24,28,28,29,29,31,33,35,37,39,39,41,41,41,42,42,42,44,45,45,48,48,50,50,50,50],"damage_taken":[{"damage":0,"enemies":"Jaw Worm","floor":1,"turns":6},{"damage":0,"enemies":"2 Louse","floor":4,"turns":2},{"damage":0,"enemies":"Small Slimes","floor":7,"turns":4},{"damage":0,"enemies":"Exordium Wildlife","floor":11,"turns":3},{"damage":5,"enemies":"Gremlin Gang","floor":12,"turns":2},{"damage":11,"enemies":"Lagavulin","floor":13,"turns":6},{"damage":0,"enemies":"3 Louse","floor":14,"turns":3},{"damage":23,"enemies":"Hexaghost","floor":16,"turns":12},{"damage":2,"enemies":"3 Byrds","floor":18,"turns":3},{"damage":6,"enemies":"2 Thieves","floor":19,"turns":5},{"damage":8,"enemies":"Shelled Parasite and Fungi","floor":20,"turns":7},{"damage":39,"enemies":"Slavers","floor":23,"turns":6},{"damage":8,"enemies":"Cultist and Chosen","floor":24,"turns":6},{"damage":2,"enemies":"Snake Plant","floor":28,"turns":4},{"damage":10,"enemies":"Masked Bandits","floor":29,"turns":4},{"damage":18,"enemies":"Shelled Parasite and Fungi","floor":31,"turns":5},{"damage":81,"enemies":"Automaton","floor":33,"turns":12},{"damage":8,"enemies":"Orb Walker","floor":35,"turns":5},{"damage":8,"enemies":"3 Darklings","floor":37,"turns":5},{"damage":23,"enemies":"Transient","floor":39,"turns":5},{"damage":15,"enemies":"Spire Growth","floor":41,"turns":3},{"damage":44,"enemies":"Reptomancer","floor":42,"turns":5},{"damage":0,"enemies":"3 Darklings","floor":44,"turns":3},{"damage":0,"enemies":"Nemesis","floor":45,"turns":5},{"damage":0,"enemies":"Maw","floor":48,"turns":7},{"damage":23,"enemies":"Time Eater","floor":50,"turns":7}],"seed_played":"-1981803951969262189","potions_obtained":[{"floor":4,"key":"Poison Potion"},{"floor":11,"key":"GamblersBrew"},{"floor":12,"key":"PowerPotion"},{"floor":13,"key":"SpeedPotion"},{"floor":23,"key":"FearPotion"},{"floor":24,"key":"Energy Potion"},{"floor":28,"key":"SteroidPotion"},{"floor":37,"key":"Ancient Potion"},{"floor":39,"key":"Strength Potion"},{"floor":44,"key":"Swift Potion"},{"floor":48,"key":"GamblersBrew"}],"is_trial":false,"path_per_floor":["M","?","T","M","?","R","M","R","T","?","M","M","E","M","R","B",null,"M","M","M","?","$","E","M","R","T","R","M","?","R","M","R","B",null,"M","?","M","$","M","R","M","E","T","M","E","$","?","M","R","B",null],"character_chosen":"THE_SILENT","items_purchased":["Noxious Fumes","Toy Ornithopter","Burst+1","Crippling Poison+1"],"campfire_rested":0,"item_purchase_floors":[22,22,38,46],"current_hp_per_floor":[63,56,56,58,63,63,65,65,65,53,55,52,43,45,45,24,62,71,67,61,61,61,51,69,69,69,69,75,69,69,68,68,41,67,71,62,73,73,70,70,74,42,42,49,68,68,68,75,75,55],"gold":42,"neow_bonus":"REMOVE_TWO","is_prod":false,"is_daily":false,"chose_seed":false,"campfire_upgraded":9,"win_rate":0,"timestamp":1552299082,"path_taken":["M","?","?","M","?","R","M","R","T","?","?","?","E","M","R","BOSS","M","M","M","?","$","E","M","R","T","R","M","?","R","M","R","BOSS","M","?","M","$","M","R","M","E","T","M","E","$","?","M","R","BOSS"],"build_version":"2019-02-06","purchased_purges":2,"victory":true,"max_hp_per_floor":[70,70,70,70,75,75,75,75,75,75,75,75,75,75,75,75,75,75,75,75,75,75,75,75,75,75,75,75,75,75,75,75,75,75,75,75,75,75,75,75,75,75,75,75,75,75,75,75,75,75],"card_choices":[{"not_picked":["Dagger Throw","Dodge and Roll"],"picked":"Cloak And Dagger","floor":1},{"not_picked":["Underhanded Strike","Sucker Punch","Setup"],"picked":"SKIP","floor":4},{"not_picked":["Escape Plan","Dodge and Roll"],"picked":"Venomology","floor":7},{"not_picked":["Skewer","Dodge and Roll","Setup"],"picked":"SKIP","floor":11},{"not_picked":["Dodge and Roll","Quick Slash","Poisoned Stab"],"picked":"SKIP","floor":12},{"not_picked":["Backflip","Acrobatics"],"picked":"PiercingWail","floor":13},{"not_picked":["Quick Slash","Infinite Blades"],"picked":"Caltrops","floor":14},{"not_picked":["Night Terror+1","A Thousand Cuts"],"picked":"Malaise+1","floor":16},{"not_picked":["Dagger Throw","Quick Slash"],"picked":"PiercingWail+1","floor":18},{"not_picked":["Slice+1","Prepared+1","Sucker Punch"],"picked":"SKIP","floor":19},{"not_picked":["Poisoned Stab","Underhanded Strike+1"],"picked":"Terror+1","floor":20},{"not_picked":["Flying Knee","Underhanded Strike","Terror+1"],"picked":"SKIP","floor":23},{"not_picked":["Underhanded Strike","Flying Knee"],"picked":"Die Die Die","floor":24},{"not_picked":["Quick Slash","Underhanded Strike"],"picked":"Catalyst+1","floor":28},{"not_picked":["Calculated Gamble+1","Dagger Spray+1"],"picked":"Well Laid Plans","floor":29},{"not_picked":["Flechettes+1","Predator"],"picked":"Cloak And Dagger+1","floor":31},{"not_picked":["Wraith Form v2","Unload"],"picked":"Venomology+1","floor":33},{"not_picked":["Eviscerate+1","Blade Dance+1"],"picked":"PiercingWail+1","floor":35},{"not_picked":["Acrobatics+1","Sucker Punch"],"picked":"Crippling Poison+1","floor":37},{"not_picked":["PiercingWail+1","Poisoned Stab"],"picked":"Escape Plan+1","floor":39},{"not_picked":["PiercingWail+1","Escape Plan+1"],"picked":"Deadly Poison+1","floor":41},{"not_picked":["Quick Slash","Distraction+1"],"picked":"Prepared+1","floor":42},{"not_picked":["Slice","Acrobatics+1"],"picked":"Deflect+1","floor":44},{"not_picked":["Quick Slash","Riddle With Holes","Storm of Steel+1"],"picked":"SKIP","floor":45},{"not_picked":["Deflect+1","PiercingWail+1","Flying Knee"],"picked":"SKIP","floor":48}],"player_experience":466079,"relics_obtained":[{"floor":3,"key":"Blood Vial"},{"floor":9,"key":"Mercury Hourglass"},{"floor":13,"key":"Toxic Egg 2"},{"floor":23,"key":"Ornamental Fan"},{"floor":26,"key":"Regal Pillow"},{"floor":29,"key":"Red Mask"},{"floor":42,"key":"Bag of Marbles"},{"floor":43,"key":"Bag of Preparation"},{"floor":45,"key":"Du-Vu Doll"}],"event_choices":[{"cards_removed":["Defend_G"],"damage_healed":0,"gold_gain":0,"player_choice":"Card Removal","damage_taken":7,"max_hp_gain":0,"max_hp_loss":0,"event_name":"Golden Wing","floor":2,"gold_loss":0},{"damage_healed":0,"gold_gain":0,"player_choice":"Donut","damage_taken":0,"max_hp_gain":5,"max_hp_loss":0,"event_name":"Big Fish","floor":5,"gold_loss":0},{"damage_healed":0,"gold_gain":0,"player_choice":"Success","damage_taken":12,"relics_obtained":["Dream Catcher"],"max_hp_gain":0,"max_hp_loss":0,"event_name":"Scrap Ooze","floor":10,"gold_loss":0},{"damage_healed":0,"gold_gain":0,"player_choice":"Became a vampire (Vial)","damage_taken":0,"max_hp_gain":0,"max_hp_loss":0,"event_name":"Vampires","floor":21,"relics_lost":["Blood Vial"],"gold_loss":0,"cards_obtained":["Bite","Bite","Bite","Bite","Bite"]},{"damage_healed":0,"gold_gain":0,"player_choice":"Fought Bandits","damage_taken":0,"max_hp_gain":0,"max_hp_loss":0,"event_name":"Masked Bandits","floor":29,"gold_loss":0},{"damage_healed":0,"gold_gain":0,"player_choice":"Embrace Madness","damage_taken":9,"max_hp_gain":0,"max_hp_loss":0,"event_name":"Winding Halls","floor":36,"gold_loss":0,"cards_obtained":["Madness","Madness"]},{"cards_removed":["Escape Plan"],"damage_healed":0,"gold_gain":0,"player_choice":"Removed Skill","damage_taken":0,"max_hp_gain":0,"max_hp_loss":0,"event_name":"Falling","floor":47,"gold_loss":0}],"is_beta":true,"boss_relics":[{"not_picked":["Runic Pyramid","Ectoplasm"],"picked":"Ring of the Serpent"},{"not_picked":["Snecko Eye","Eternal Feather"],"picked":"Cursed Key"}],"items_purged_floors":[38,46],"is_endless":false,"potions_floor_spawned":[4,11,12,13,23,24,28,37,39,44,48],"ascension_level":6}