{"gold_per_floor":[115,135,155,169,189,189,199,199,199,229,249,249,281,281,281,382,382,402,402,402,126,143,143,153,172,172,172,188,218,218,244,244,340,340,353,4,14,14,24,24,49,61,120,146,178,210,255,322,334,346],"floor_reached":51,"playtime":3019,"items_purged":["Defend_R","Strike_R"],"score":836,"play_id":"d7f84017-2d28-4207-b6f6-a04526e44d65","local_time":"20190216164838","is_ascension_mode":false,"campfire_choices":[{"data":"Whirlwind","floor":6,"key":"SMITH"},{"data":"Bash","floor":8,"key":"SMITH"},{"floor":15,"key":"DIG"},{"floor":23,"key":"DIG"},{"floor":27,"key":"DIG"},{"data":"Bloodletting","floor":30,"key":"SMITH"},{"floor":32,"key":"REST"},{"floor":40,"key":"DIG"},{"floor":42,"key":"DIG"},{"floor":49,"key":"DIG"}],"neow_cost":"NONE","seed_source_timestamp":195260775668214,"circlet_count":0,"master_deck":["Strike_R","Strike_R+1","Defend_R","Defend_R","Bash+1","Clothesline","Whirlwind+1","Intimidate","Twin Strike","Flame Barrier","Battle Trance","Feed","Armaments+1","Exhume","Second Wind+1","RitualDagger","Inflame","Sever Soul","Twin Strike+1","Sentinel+1","Shrug It Off","Shockwave+1","Bloodletting+1","Burning Pact","Berserk","Panacea","Inflame+1","Regret","Inflame"],"relics":["Burning Blood","Ginger","Shovel","Gremlin Horn","Peace Pipe","Cursed Key","ClockworkSouvenir","Paper Frog","Smiling Mask","Ice Cream","Centennial Puzzle","Runic Pyramid","Red Skull","Orichalcum","The Courier","MawBank","Blue Candle","Pen Nib","Dodecahedron","Bird Faced Urn","Bottled Flame"],"potions_floor_usage":[1,1,13,13,22,25,41,50],"damage_taken":[{"damage":0,"enemies":"2 Louse","floor":1,"turns":4},{"damage":3,"enemies":"Small Slimes","floor":2,"turns":4},{"damage":3,"enemies":"Jaw Worm","floor":3,"turns":3},{"damage":16,"enemies":"Exordium Thugs","floor":4,"turns":7},{"damage":21,"enemies":"Large Slime","floor":5,"turns":9},{"damage":4,"enemies":"Exordium Wildlife","floor":7,"turns":2},{"damage":28,"enemies":"Gremlin Nob","floor":10,"turns":5},{"damage":0,"enemies":"2 Fungi Beasts","floor":11,"turns":2},{"damage":8,"enemies":"Lagavulin","floor":13,"turns":6},{"damage":28,"enemies":"Slime Boss","floor":16,"turns":11},{"damage":19,"enemies":"Shell Parasite","floor":18,"turns":7},{"damage":10,"enemies":"Spheric Guardian","floor":22,"turns":3},{"damage":19,"enemies":"Centurion and Healer","floor":24,"turns":9},{"damage":0,"enemies":"Sentry and Sphere","floor":25,"turns":3},{"damage":4,"enemies":"Snecko","floor":28,"turns":4},{"damage":23,"enemies":"Slavers","floor":29,"turns":3},{"damage":24,"enemies":"Gremlin Leader","floor":31,"turns":5},{"damage":46,"enemies":"Automaton","floor":33,"turns":8},{"damage":2,"enemies":"Orb Walker","floor":35,"turns":3},{"damage":8,"enemies":"3 Darklings","floor":37,"turns":3},{"damage":3,"enemies":"Maw","floor":39,"turns":5},{"damage":15,"enemies":"Giant Head","floor":41,"turns":8},{"damage":2,"enemies":"4 Shapes","floor":44,"turns":4},{"damage":9,"enemies":"Sphere and 2 Shapes","floor":45,"turns":4},{"damage":1,"enemies":"Writhing Mass","floor":46,"turns":3},{"damage":0,"enemies":"Nemesis","floor":47,"turns":3},{"damage":8,"enemies":"2 Orb Walkers","floor":48,"turns":3},{"damage":52,"enemies":"Time Eater","floor":50,"turns":7}],"seed_played":"5573020825829063289","potions_obtained":[{"floor":0,"key":"Fruit Juice"},{"floor":0,"key":"SpeedPotion"},{"floor":0,"key":"Fruit Juice"},{"floor":1,"key":"Block Potion"},{"floor":5,"key":"SmokeBomb"},{"floor":7,"key":"SkillPotion"},{"floor":13,"key":"Energy Potion"},{"floor":16,"key":"Explosive Potion"},{"floor":24,"key":"SmokeBomb"},{"floor":25,"key":"LiquidBronze"},{"floor":29,"key":"Swift Potion"},{"floor":48,"key":"BloodPotion"}],"is_trial":false,"path_per_floor":["M","M","M","M","M","R","M","R","T","E","M","?","E","?","R","B",null,"M","?","?","$","M","R","M","M","T","R","M","E","R","E","R","B",null,"M","$","M","?","M","R","E","R","T","M","M","M","E","?","R","B",null],"character_chosen":"IRONCLAD","items_purchased":["ClockworkSouvenir","Red Skull","Orichalcum"],"campfire_rested":1,"item_purchase_floors":[21,36,36],"current_hp_per_floor":[90,90,90,80,65,65,67,67,67,45,54,35,33,33,33,11,93,84,78,78,78,74,74,64,70,70,70,72,58,58,40,70,33,106,106,106,107,107,112,112,103,103,103,110,107,116,119,117,117,79],"gold":358,"neow_bonus":"THREE_SMALL_POTIONS","is_prod":false,"is_daily":false,"chose_seed":false,"campfire_upgraded":3,"win_rate":0,"timestamp":1550303318,"path_taken":["M","M","M","M","M","R","M","R","T","E","M","?","E","?","R","BOSS","M","?","?","?","M","R","?","M","T","R","M","E","R","E","R","BOSS","M","$","M","?","M","R","E","R","T","M","M","M","E","?","R","BOSS"],"build_version":"2019-01-23","purchased_purges":2,"victory":true,"max_hp_per_floor":[90,90,90,90,90,90,90,90,90,90,93,93,93,93,93,93,93,97,97,97,97,97,97,100,100,100,100,100,103,103,103,103,106,106,106,106,109,109,112,112,112,112,112,115,115,119,119,119,119,119],"card_choices":[{"not_picked":["Fire Breathing","Infernal Blade"],"picked":"Clothesline","floor":1},{"not_picked":["Dual Wield","Flex"],"picked":"Whirlwind","floor":2},{"not_picked":["Immolate","Perfected Strike"],"picked":"Intimidate","floor":3},{"not_picked":["Pummel","Clash"],"picked":"Twin Strike","floor":4},{"not_picked":["Thunderclap","Infernal Blade"],"picked":"Flame Barrier","floor":5},{"not_picked":["Perfected Strike","Sword Boomerang"],"picked":"Battle Trance","floor":7},{"not_picked":["Pummel","Heavy Blade"],"picked":"Feed","floor":10},{"not_picked":["Cleave","Combust"],"picked":"Armaments","floor":11},{"not_picked":["Reckless Charge","Iron Wave","Anger"],"picked":"SKIP","floor":13},{"not_picked":["Fiend Fire","Brutality"],"picked":"Exhume","floor":16},{"not_picked":["Iron Wave","Wild Strike"],"picked":"Second Wind+1","floor":18},{"not_picked":["Perfected Strike","True Grit"],"picked":"Twin Strike+1","floor":22},{"not_picked":["Armaments","Iron Wave"],"picked":"Sentinel+1","floor":24},{"not_picked":["Carnage","Anger"],"picked":"Shrug It Off","floor":25},{"not_picked":["Pummel","Power Through"],"picked":"Shockwave+1","floor":28},{"not_picked":["Cleave","Thunderclap+1"],"picked":"Bloodletting","floor":29},{"not_picked":["Metallicize","Brutality"],"picked":"Burning Pact","floor":31},{"not_picked":["Brutality","Dark Embrace"],"picked":"Berserk","floor":33},{"not_picked":["Whirlwind+1","Perfected Strike","Cleave+1"],"picked":"SKIP","floor":35},{"not_picked":["Iron Wave+1","Rampage+1","Searing Blow+1"],"picked":"SKIP","floor":37},{"not_picked":["Swift Strike","Dramatic Entrance"],"picked":"Panacea","floor":38},{"not_picked":["Pommel Strike","Burning Pact+1","Hemokinesis+1"],"picked":"SKIP","floor":39},{"not_picked":["Dropkick+1","Power Through"],"picked":"Inflame+1","floor":41},{"not_picked":["Inflame","Clash+1","Rampage+1"],"picked":"SKIP","floor":44},{"not_picked":["Battle Trance","Sword Boomerang+1","Cleave"],"picked":"SKIP","floor":45},{"not_picked":["Pummel","Armaments","Heavy Blade+1"],"picked":"SKIP","floor":46},{"not_picked":["Heavy Blade+1","Armaments","Cleave"],"picked":"SKIP","floor":47},{"not_picked":["Anger","Clothesline+1"],"picked":"Inflame","floor":48}],"player_experience":233344,"relics_obtained":[{"floor":9,"key":"Ginger"},{"floor":10,"key":"Shovel"},{"floor":13,"key":"Gremlin Horn"},{"floor":15,"key":"Peace Pipe"},{"floor":23,"key":"Paper Frog"},{"floor":27,"key":"Smiling Mask"},{"floor":29,"key":"Ice Cream"},{"floor":31,"key":"Centennial Puzzle"},{"floor":40,"key":"The Courier"},{"floor":41,"key":"MawBank"},{"floor":42,"key":"Blue Candle"},{"floor":43,"key":"Pen Nib"},{"floor":47,"key":"Dodecahedron"},{"floor":48,"key":"Bird Faced Urn"},{"floor":49,"key":"Bottled Flame"}],"event_choices":[{"damage_healed":0,"gold_gain":0,"player_choice":"Entered Light","damage_taken":19,"max_hp_gain":0,"max_hp_loss":0,"event_name":"Shining Light","floor":12,"gold_loss":0,"cards_upgraded":["Armaments","Strike_R"]},{"cards_removed":["Strike_R"],"damage_healed":0,"gold_gain":0,"player_choice":"Forget","damage_taken":0,"max_hp_gain":0,"max_hp_loss":0,"event_name":"Living Wall","floor":14,"gold_loss":0},{"damage_healed":0,"gold_gain":0,"player_choice":"Joined the Cult","damage_taken":6,"max_hp_gain":0,"max_hp_loss":0,"event_name":"Nest","floor":19,"gold_loss":0,"cards_obtained":["RitualDagger"]},{"damage_healed":0,"gold_gain":0,"cards_transformed":["Defend_R","Strike_R"],"player_choice":"Became Test Subject","damage_taken":0,"max_hp_gain":0,"max_hp_loss":0,"event_name":"Drug Dealer","floor":20,"gold_loss":0,"cards_obtained":["Inflame","Sever Soul"]},{"damage_healed":0,"gold_gain":0,"player_choice":"Memory 1","damage_taken":0,"max_hp_gain":0,"max_hp_loss":0,"event_name":"SensoryStone","floor":38,"gold_loss":0},{"damage_healed":0,"gold_gain":0,"player_choice":"Fight","damage_taken":0,"max_hp_gain":0,"max_hp_loss":0,"event_name":"Mysterious Sphere","floor":48,"gold_loss":0}],"is_beta":false,"boss_relics":[{"not_picked":["Busted Crown","Tiny House"],"picked":"Cursed Key"},{"not_picked":["White Beast Statue","Orrery"],"picked":"Runic Pyramid"}],"items_purged_floors":[21,36],"is_endless":false,"potions_floor_spawned":[1,5,7,11,13,16,24,25,29,31,33,35,37,48],"ascension_level":0}