{"gold_per_floor":[113,113,127,144,159,159,159,159,159,178,178,22,40,59,59,161,211,224,274,292,217,236,236,136,136,136,11,27,27,45,61,61,61],"floor_reached":33,"playtime":1145,"items_purged":["Capacitor","Defend_B","Strike_B+1"],"score":241,"play_id":"f11663d8-21b8-4add-a1cb-e0bdbf4c5c2d","local_time":"20190907180756","is_ascension_mode":false,"campfire_choices":[{"data":"Zap","floor":6,"key":"SMITH"},{"data":"Sunder","floor":8,"key":"SMITH"},{"data":"Dualcast","floor":11,"key":"SMITH"},{"data":"Darkness","floor":15,"key":"SMITH"},{"data":"Hyperbeam","floor":23,"key":"SMITH"},{"data":"Reboot","floor":25,"key":"SMITH"},{"floor":29,"key":"REST"},{"data":"Beam Cell","floor":32,"key":"SMITH"}],"neow_cost":"NONE","seed_source_timestamp":24765040407700,"circlet_count":0,"master_deck":["Strike_B+1","Strike_B+1","Defend_B","Defend_B","Defend_B","Zap+1","Dualcast+1","Sunder+1","Gash","Gash","Reboot+1","Self Repair","Core Surge","Darkness+1","Hyperbeam+1","Conserve Battery","Chill","Hologram+1","Chill+1","Beam Cell+1"],"relics":["Cracked Core","Whetstone","Tiny House","Kunai"],"potions_floor_usage":[16,16,18,20],"damage_taken":[{"damage":6,"enemies":"Jaw Worm","floor":1,"turns":3},{"damage":0,"enemies":"2 Louse","floor":3,"turns":2},{"damage":6,"enemies":"Cultist","floor":4,"turns":3},{"damage":7,"enemies":"Exordium Thugs","floor":5,"turns":4},{"damage":3,"enemies":"Red Slaver","floor":10,"turns":2},{"damage":7,"enemies":"Gremlin Gang","floor":13,"turns":3},{"damage":0,"enemies":"Blue Slaver","floor":14,"turns":1},{"damage":42,"enemies":"Hexaghost","floor":16,"turns":9},{"damage":0,"enemies":"3 Byrds","floor":18,"turns":4},{"damage":36,"enemies":"Shell Parasite","floor":20,"turns":5},{"damage":25,"enemies":"Snake Plant","floor":22,"turns":4},{"damage":22,"enemies":"Centurion and Healer","floor":28,"turns":6},{"damage":16,"enemies":"Sentry and Sphere","floor":30,"turns":5},{"damage":0,"enemies":"3 Cultists","floor":31,"turns":4},{"damage":44,"enemies":"Champ","floor":33,"turns":7}],"seed_played":"-3550852927715247020","potions_obtained":[{"floor":1,"key":"SteroidPotion"},{"floor":4,"key":"FocusPotion"},{"floor":14,"key":"SkillPotion"},{"floor":16,"key":"SneckoOil"},{"floor":17,"key":"PowerPotion"},{"floor":28,"key":"GamblersBrew"},{"floor":31,"key":"FocusPotion"}],"is_trial":false,"path_per_floor":["M","?","M","M","M","R","?","R","T","M","R","$","M","M","R","B",null,"M","?","M","$","M","R","$","R","T","$","M","R","M","M","R","B"],"character_chosen":"DEFECT","items_purchased":["Core Surge"],"campfire_rested":1,"item_purchase_floors":[12],"current_hp_per_floor":[69,69,69,63,56,56,56,56,56,53,53,53,53,53,53,18,80,80,80,51,51,33,33,33,33,33,33,18,42,33,40,40,0],"gold":61,"neow_bonus":"TRANSFORM_CARD","is_prod":false,"is_daily":false,"chose_seed":false,"campfire_upgraded":7,"win_rate":0,"timestamp":1567847276,"path_taken":["M","?","M","M","M","R","?","R","T","M","R","$","M","?","R","BOSS","M","?","M","$","?","R","?","R","T","$","M","R","M","M","R","BOSS"],"build_version":"2019-07-17","purchased_purges":3,"victory":false,"max_hp_per_floor":[75,75,75,75,75,75,75,75,75,75,75,75,75,75,75,75,80,80,80,80,80,80,80,80,80,80,80,80,80,80,80,80,80],"card_choices":[{"not_picked":["Beam Cell","Storm"],"picked":"Capacitor","floor":1},{"not_picked":["Scrape","Turbo"],"picked":"Gash","floor":3},{"not_picked":["Compile Driver","Scrape"],"picked":"Gash","floor":4},{"not_picked":["Compile Driver","Turbo"],"picked":"Reboot","floor":5},{"not_picked":["Reprogram","Darkness"],"picked":"Self Repair","floor":10},{"not_picked":["Coolheaded","Turbo","Barrage"],"picked":"SKIP","floor":13},{"not_picked":["Turbo","Hello World","Darkness"],"picked":"SKIP","floor":14},{"not_picked":["Turbo","Hello World"],"picked":"Darkness","floor":14},{"not_picked":["Multi-Cast","Echo Form"],"picked":"Hyperbeam","floor":16},{"not_picked":["Fusion","Gash"],"picked":"Conserve Battery","floor":17},{"not_picked":["Ball Lightning+1","Compile Driver","Rebound"],"picked":"SKIP","floor":18},{"not_picked":["Double Energy","Self Repair"],"picked":"Chill","floor":20},{"not_picked":["Rebound","Streamline","Rip and Tear"],"picked":"SKIP","floor":22},{"not_picked":["Leap","Ball Lightning"],"picked":"Hologram+1","floor":28},{"not_picked":["Sweeping Beam+1","White Noise"],"picked":"Chill+1","floor":30},{"not_picked":["Steam","Chill"],"picked":"Beam Cell","floor":31}],"player_experience":348434,"relics_obtained":[{"floor":9,"key":"Whetstone"},{"floor":26,"key":"Kunai"}],"event_choices":[{"damage_healed":0,"gold_gain":0,"player_choice":"Ignored","damage_taken":0,"max_hp_gain":0,"max_hp_loss":0,"event_name":"Liars Game","floor":2,"gold_loss":0},{"damage_healed":0,"gold_gain":0,"player_choice":"Ignored","damage_taken":0,"max_hp_gain":0,"max_hp_loss":0,"event_name":"NoteForYourself","floor":7,"gold_loss":0},{"damage_healed":0,"gold_gain":100,"player_choice":"Bet on Murderer","damage_taken":0,"max_hp_gain":0,"max_hp_loss":0,"event_name":"The Joust","floor":19,"gold_loss":50}],"is_beta":false,"boss_relics":[{"not_picked":["Philosopher\u0027s Stone","Velvet Choker"],"picked":"Tiny House"}],"items_purged_floors":[21,24,27],"is_endless":false,"potions_floor_spawned":[1,4,14,16,28,31],"killed_by":"Champ","ascension_level":0}