{"path_per_floor":["M","?","$","M","M","R","M","R","T","?","M","M","R","$","R","B",null,"M","M","?","M","M","R","E","R","T","M","$","M","R","$","R"],"character_chosen":"IRONCLAD","items_purchased":["Cleave","Shrug It Off"],"gold_per_floor":[118,118,17,28,47,47,65,65,65,65,83,97,97,47,47,147,147,162,177,177,195,209,209,241,241,292,311,212,223,223,173,173,173],"floor_reached":33,"campfire_rested":3,"playtime":2445,"item_purchase_floors":[3,28],"current_hp_per_floor":[65,49,49,48,48,48,43,43,43,43,43,39,39,39,63,23,80,76,72,72,58,43,43,30,54,54,40,40,43,43,43,68,0],"items_purged":["Strike_R","Defend_R","Defend_R","Sentinel+1"],"gold":173,"score":285,"play_id":"d85b5401-6c37-4d53-b23d-f8116a147fe0","local_time":"20180604150837","is_prod":false,"is_daily":false,"chose_seed":false,"is_ascension_mode":true,"campfire_upgraded":5,"win_rate":0,"timestamp":1528117717,"campfire_choices":[{"data":"Dual Wield","floor":6,"key":"SMITH"},{"data":"Flex","floor":8,"key":"SMITH"},{"data":"Offering","floor":13,"key":"SMITH"},{"floor":15,"key":"REST"},{"data":"Double Tap","floor":23,"key":"SMITH"},{"floor":25,"key":"REST"},{"data":"Iron Wave","floor":30,"key":"SMITH"},{"floor":32,"key":"REST"}],"path_taken":["M","?","$","M","M","R","M","R","T","?","M","M","R","?","R","BOSS","M","M","?","M","M","R","E","R","T","M","$","M","R","$","R","BOSS"],"build_version":"2018-05-30v2","seed_source_timestamp":7806124123391,"purchased_purges":4,"victory":false,"master_deck":["Strike_R+1","Defend_R+1","Bash","Shrug It Off","Cleave","Dual Wield+1","Flex+1","Offering+1","Iron Wave+1","Double Tap+1","Offering+1","Shockwave+1","True Grit+1","Second Wind","Feed","Shrug It Off"],"max_hp_per_floor":[80,80,80,80,80,80,80,80,80,80,80,80,80,80,80,80,80,80,80,80,80,80,80,80,80,80,83,83,86,86,86,86,86],"relics":["Mark of Pain","Smiling Mask","Astrolabe","Pantograph","Bag of Marbles"],"card_choices":[{"not_picked":["Warcry","Rampage"],"picked":"Shrug It Off","floor":1},{"not_picked":["Entrench","Body Slam"],"picked":"Dual Wield","floor":4},{"not_picked":["Body Slam","Spot Weakness","Armaments"],"picked":"SKIP","floor":5},{"not_picked":["Feel No Pain","Cleave"],"picked":"Flex","floor":7},{"not_picked":["Heavy Blade","Warcry"],"picked":"Offering","floor":11},{"not_picked":["Perfected Strike","Twin Strike"],"picked":"Iron Wave","floor":12},{"not_picked":["Brutality","Juggernaut"],"picked":"Double Tap","floor":16},{"not_picked":["Armaments","Wild Strike","Clothesline"],"picked":"SKIP","floor":18},{"not_picked":["Double Tap","Havoc"],"picked":"True Grit","floor":19},{"not_picked":["Clash","Infernal Blade","Ghostly Armor+1"],"picked":"SKIP","floor":21},{"not_picked":["Iron Wave","Body Slam"],"picked":"Second Wind","floor":22},{"not_picked":["Rampage+1","Entrench"],"picked":"Feed","floor":24},{"not_picked":["Clash","Clothesline+1","Sword Boomerang"],"picked":"SKIP","floor":27},{"not_picked":["Rampage","Warcry","Dropkick"],"picked":"SKIP","floor":29}],"player_experience":122038,"potions_floor_usage":[11,18,21,33,33],"damage_taken":[{"damage":15,"enemies":"Small Slimes","floor":1,"turns":4},{"damage":1,"enemies":"2 Louse","floor":4,"turns":3},{"damage":0,"enemies":"Jaw Worm","floor":5,"turns":2},{"damage":5,"enemies":"Blue Slaver","floor":7,"turns":3},{"damage":0,"enemies":"2 Fungi Beasts","floor":11,"turns":3},{"damage":4,"enemies":"Looter","floor":12,"turns":2},{"damage":40,"enemies":"The Guardian","floor":16,"turns":8},{"damage":4,"enemies":"Chosen","floor":18,"turns":2},{"damage":4,"enemies":"Shell Parasite","floor":19,"turns":5},{"damage":14,"enemies":"Snake Plant","floor":21,"turns":3},{"damage":15,"enemies":"Snecko","floor":22,"turns":4},{"damage":13,"enemies":"Book of Stabbing","floor":24,"turns":7},{"damage":17,"enemies":"Centurion and Healer","floor":27,"turns":7},{"damage":0,"enemies":"3 Cultists","floor":29,"turns":2},{"damage":99,"enemies":"Automaton","floor":33,"turns":12}],"relics_obtained":[{"floor":9,"key":"Smiling Mask"},{"floor":24,"key":"Pantograph"},{"floor":26,"key":"Bag of Marbles"}],"event_choices":[{"event_name":"Shining Light","player_choice":"Entered Light","floor":2,"damage_taken":0},{"event_name":"Living Wall","player_choice":"Forget","floor":10,"damage_taken":0},{"event_name":"Upgrade Shrine","player_choice":"Upgraded","floor":20,"damage_taken":0}],"boss_relics":[{"not_picked":["Runic Dome","Orrery"],"picked":"Astrolabe"}],"items_purged_floors":[3,14,28,31],"potions_floor_spawned":[4,12,19,27,29],"seed_played":"-4822340597035550670","killed_by":"Automaton","ascension_level":2,"potions_obtained":[{"floor":4,"key":"Block Potion"},{"floor":12,"key":"Ancient Potion"},{"floor":19,"key":"AttackPotion"},{"floor":27,"key":"GamblersBrew"},{"floor":29,"key":"EssenceOfSteel"}],"is_trial":false}