{"gold_per_floor":[116,133,133,133,133,158,158,158,226,246,277,277,287,315,315,414,414,414,366,366,326,326,326,326,53,53,53,53,53,53,53,53,53,53,53,53,5,5,5,5,5,5,5,5,5,5,5,5],"floor_reached":48,"playtime":3095,"items_purged":[],"score":545,"play_id":"94eda7d1-1748-4781-936a-c9937e5cf31e","local_time":"20190911100203","is_ascension_mode":false,"campfire_choices":[{"data":"Finisher","floor":8,"key":"SMITH"},{"data":"Blade Dance","floor":12,"key":"SMITH"},{"data":"Blade Dance","floor":15,"key":"SMITH"},{"data":"After Image","floor":29,"key":"SMITH"},{"floor":32,"key":"REST"},{"floor":40,"key":"REST"},{"floor":44,"key":"REST"}],"neow_cost":"NONE","seed_source_timestamp":607445040282,"circlet_count":0,"master_deck":["Strike_G","Strike_G","Strike_G","Strike_G","Strike_G","Defend_G","Defend_G","Defend_G","Defend_G","Defend_G+1","Survivor","Neutralize","Slice+1","Finisher+1","Blade Dance+1","Blade Dance+1","Underhanded Strike","After Image+1","Dagger Throw","Flying Knee","Backstab","Backstab","Quick Slash+1","Blade Dance","Glass Knife+1","Decay","Decay","Decay","Flying Knee+1","Slice+1","Backstab+1","Parasite"],"relics":["Ring of the Snake","Ninja Scroll","Letter Opener","Regal Pillow","Bag of Marbles","Ectoplasm","Bag of Preparation","Oddly Smooth Stone","Molten Egg 2","Calling Bell","Dream Catcher","Paper Crane","Thread and Needle","Gremlin Horn","Anchor"],"potions_floor_usage":[6,14,16,16,16,33,33,33,41,41],"damage_taken":[{"damage":1,"enemies":"Cultist","floor":1,"turns":4},{"damage":0,"enemies":"Small Slimes","floor":2,"turns":4},{"damage":3,"enemies":"Gremlin Nob","floor":6,"turns":3},{"damage":0,"enemies":"2 Louse","floor":10,"turns":1},{"damage":5,"enemies":"3 Sentries","floor":11,"turns":6},{"damage":0,"enemies":"Exordium Thugs","floor":13,"turns":3},{"damage":0,"enemies":"Gremlin Nob","floor":14,"turns":2},{"damage":53,"enemies":"The Guardian","floor":16,"turns":11},{"damage":0,"enemies":"Chosen","floor":18,"turns":2},{"damage":0,"enemies":"2 Thieves","floor":20,"turns":1},{"damage":6,"enemies":"Snecko","floor":22,"turns":3},{"damage":3,"enemies":"Book of Stabbing","floor":23,"turns":4},{"damage":0,"enemies":"Cultist and Chosen","floor":24,"turns":1},{"damage":6,"enemies":"Gremlin Leader","floor":27,"turns":2},{"damage":0,"enemies":"Snake Plant","floor":28,"turns":2},{"damage":0,"enemies":"Snecko","floor":30,"turns":2},{"damage":8,"enemies":"Shelled Parasite and Fungi","floor":31,"turns":3},{"damage":13,"enemies":"Collector","floor":33,"turns":5},{"damage":17,"enemies":"3 Shapes","floor":35,"turns":5},{"damage":27,"enemies":"3 Darklings","floor":38,"turns":5},{"damage":64,"enemies":"Giant Head","floor":41,"turns":9},{"damage":0,"enemies":"Spire Growth","floor":45,"turns":1},{"damage":28,"enemies":"Writhing Mass","floor":46,"turns":6},{"damage":36,"enemies":"Transient","floor":48,"turns":5}],"seed_played":"-1861646346964462833","potions_obtained":[{"floor":0,"key":"FearPotion"},{"floor":0,"key":"LiquidBronze"},{"floor":0,"key":"Fruit Juice"},{"floor":2,"key":"Regen Potion"},{"floor":11,"key":"FearPotion"},{"floor":14,"key":"SteroidPotion"},{"floor":18,"key":"GhostInAJar"},{"floor":27,"key":"Block Potion"},{"floor":28,"key":"Swift Potion"},{"floor":33,"key":"SpeedPotion"},{"floor":38,"key":"SkillPotion"},{"floor":45,"key":"Energy Potion"},{"floor":46,"key":"LiquidBronze"}],"is_trial":false,"path_per_floor":["M","M","?","$","?","E","?","R","T","M","E","R","M","E","R","B",null,"M","$","M","?","M","E","M","$","T","E","M","R","M","M","R","B",null,"M","?","$","M","$","R","E","?","T","R","M","M","$","M"],"character_chosen":"THE_SILENT","items_purchased":["Flying Knee","Backstab","Oddly Smooth Stone","Strength Potion","Slice+1"],"campfire_rested":3,"item_purchase_floors":[19,25,25,25,37],"current_hp_per_floor":[69,69,69,69,74,71,71,71,71,71,66,66,66,71,71,33,80,80,80,80,80,74,71,71,71,71,65,65,65,65,57,80,67,80,63,63,63,36,36,73,9,9,9,46,46,18,18,0],"gold":5,"neow_bonus":"THREE_SMALL_POTIONS","is_prod":false,"is_daily":false,"chose_seed":false,"campfire_upgraded":4,"win_rate":0.0,"timestamp":1568188923,"path_taken":["M","M","?","$","?","E","?","R","T","M","E","R","?","E","R","BOSS","M","$","M","?","M","E","M","$","T","E","M","R","M","?","R","BOSS","M","?","$","M","$","R","E","?","T","R","M","?","$","M"],"build_version":"2019-07-17","purchased_purges":0,"victory":false,"max_hp_per_floor":[70,70,70,70,75,75,75,75,75,75,75,75,75,80,80,80,80,80,80,80,80,80,80,80,80,80,80,80,80,80,80,80,80,80,80,76,76,76,76,76,76,76,76,76,76,76,76,76],"card_choices":[{"not_picked":["Deflect","Escape Plan"],"picked":"Slice","floor":1},{"not_picked":["Sucker Punch","Deadly Poison"],"picked":"Finisher","floor":2},{"not_picked":["Prepared","Bouncing Flask"],"picked":"Blade Dance","floor":6},{"not_picked":["Sucker Punch","Dash"],"picked":"Blade Dance","floor":10},{"not_picked":["Blur","Eviscerate"],"picked":"Underhanded Strike","floor":11},{"not_picked":["PiercingWail","Poisoned Stab","Venomology"],"picked":"SKIP","floor":13},{"not_picked":["Deadly Poison","Outmaneuver","Dodge and Roll"],"picked":"SKIP","floor":14},{"not_picked":["Wraith Form v2","Adrenaline"],"picked":"After Image","floor":16},{"not_picked":["Outmaneuver","Escape Plan"],"picked":"Dagger Throw","floor":18},{"not_picked":["Poisoned Stab","PiercingWail"],"picked":"Backstab","floor":20},{"not_picked":["Backflip","Poisoned Stab","Choke"],"picked":"SKIP","floor":22},{"not_picked":["Bane","Outmaneuver","Dagger Spray"],"picked":"SKIP","floor":23},{"not_picked":["Bane","Dagger Spray","Prepared"],"picked":"SKIP","floor":24},{"not_picked":["Envenom","Calculated Gamble+1"],"picked":"Quick Slash+1","floor":27},{"not_picked":["Endless Agony+1","Dodge and Roll"],"picked":"Blade Dance","floor":28},{"not_picked":["Noxious Fumes+1","Expertise+1","Acrobatics"],"picked":"SKIP","floor":30},{"not_picked":["Flechettes+1","Poisoned Stab+1","Deadly Poison"],"picked":"SKIP","floor":31},{"not_picked":["Doppelganger","Adrenaline"],"picked":"Glass Knife+1","floor":33},{"not_picked":["Terror","Distraction"],"picked":"Flying Knee+1","floor":35},{"not_picked":["Underhanded Strike+1","Backflip","Sucker Punch+1"],"picked":"SKIP","floor":38},{"not_picked":["Predator+1","Flechettes+1","Doppelganger"],"picked":"SKIP","floor":41},{"not_picked":["Blade Dance+1","Deflect+1"],"picked":"Backstab+1","floor":45},{"not_picked":["Prepared+1","Dagger Spray+1","Deadly Poison"],"picked":"SKIP","floor":46}],"player_experience":30776,"relics_obtained":[{"floor":6,"key":"Ninja Scroll"},{"floor":9,"key":"Letter Opener"},{"floor":11,"key":"Regal Pillow"},{"floor":14,"key":"Bag of Marbles"},{"floor":23,"key":"Bag of Preparation"},{"floor":26,"key":"Molten Egg 2"},{"floor":34,"key":"Dream Catcher"},{"floor":34,"key":"Paper Crane"},{"floor":34,"key":"Thread and Needle"},{"floor":41,"key":"Gremlin Horn"},{"floor":43,"key":"Anchor"}],"event_choices":[{"damage_healed":0,"gold_gain":0,"player_choice":"Ignored","damage_taken":0,"max_hp_gain":0,"max_hp_loss":0,"event_name":"Golden Wing","floor":3,"gold_loss":0},{"damage_healed":0,"gold_gain":0,"player_choice":"Donut","damage_taken":0,"max_hp_gain":5,"max_hp_loss":0,"event_name":"Big Fish","floor":5,"gold_loss":0},{"damage_healed":0,"gold_gain":0,"player_choice":"Ignored","damage_taken":0,"max_hp_gain":0,"max_hp_loss":0,"event_name":"NoteForYourself","floor":7,"gold_loss":0},{"damage_healed":0,"gold_gain":0,"player_choice":"Upgraded Two","damage_taken":0,"max_hp_gain":0,"max_hp_loss":0,"event_name":"Designer","floor":21,"gold_loss":40,"cards_upgraded":["Slice","Defend_G"]},{"damage_healed":0,"gold_gain":0,"player_choice":"Max HP","damage_taken":0,"max_hp_gain":0,"max_hp_loss":4,"event_name":"Winding Halls","floor":36,"gold_loss":0},{"damage_healed":0,"gold_gain":0,"player_choice":"Leave","damage_taken":0,"max_hp_gain":0,"max_hp_loss":0,"event_name":"FaceTrader","floor":42,"gold_loss":0}],"is_beta":false,"boss_relics":[{"not_picked":["Runic Dome","Sozu"],"picked":"Ectoplasm"},{"not_picked":["Empty Cage","Cursed Key"],"picked":"Calling Bell"}],"items_purged_floors":[],"is_endless":false,"potions_floor_spawned":[2,11,13,14,18,27,28,33,38,45,46],"killed_by":"Transient","ascension_level":0}