{"gold_per_floor":[364,364,22,197,272,272,272,285,337,5,19,19,33,33,33,134,134,154,28,42,58,76,76,76,76,76,76,110,10,0,0,0,97,97,107,107,10,356,0,0,13,30,85,113,113,147,161,161,161,161],"floor_reached":51,"playtime":3427,"items_purged":["Doubt","Shame"],"score":759,"play_id":"7a5b96fe-d30b-4906-9484-a5fc53e32b28","local_time":"20181202050525","is_ascension_mode":false,"campfire_choices":[{"data":"Cold Snap","floor":6,"key":"SMITH"},{"floor":12,"key":"REST"},{"floor":15,"key":"REST"},{"data":"Creative AI","floor":23,"key":"SMITH"},{"data":"Heatsinks","floor":25,"key":"SMITH"},{"floor":32,"key":"REST"},{"floor":40,"key":"REST"},{"data":"Madness","floor":45,"key":"SMITH"},{"floor":49,"key":"REST"}],"neow_cost":"PERCENT_DAMAGE","seed_source_timestamp":1400224042482817,"circlet_count":0,"master_deck":["Strike_B","Strike_B","Defend_B","Defend_B","Defend_B+1","Defend_B","Zap+1","Cold Snap+1","Swift Strike+1","Auto Shields","Coolheaded","Go for the Eyes+1","Leap","Creative AI+1","FTL+1","Sweeping Beam+1","Heatsinks+1","Cold Snap+1","Turbo+1","Fusion","Self Repair","Amplify","Leap+1","Madness+1","Madness+1","Go for the Eyes+1","Heatsinks","Coolheaded","Steam Power+1","Reinforced Body+1","Coolheaded+1","Cold Snap+1"],"relics":["Cracked Core","Molten Egg 2","Incense Burner","Pen Nib","Ice Cream","Sozu","Regal Pillow","FossilizedHelix","Nilry\u0027s Codex","Juzu Bracelet","Nuclear Battery","Old Coin","Red Mask","Oddly Smooth Stone","War Paint"],"potions_floor_usage":[22,22],"damage_taken":[{"damage":0,"enemies":"Cultist","floor":1,"turns":4},{"damage":0,"enemies":"Small Slimes","floor":8,"turns":2},{"damage":1,"enemies":"2 Louse","floor":11,"turns":2},{"damage":0,"enemies":"Large Slime","floor":13,"turns":5},{"damage":26,"enemies":"The Guardian","floor":16,"turns":15},{"damage":5,"enemies":"Shell Parasite","floor":18,"turns":8},{"damage":0,"enemies":"3 Byrds","floor":20,"turns":4},{"damage":7,"enemies":"Snecko","floor":21,"turns":6},{"damage":5,"enemies":"Snake Plant","floor":22,"turns":5},{"damage":4,"enemies":"Book of Stabbing","floor":28,"turns":6},{"damage":0,"enemies":"Champ","floor":33,"turns":9},{"damage":1,"enemies":"3 Shapes","floor":35,"turns":3},{"damage":35,"enemies":"2 Orb Walkers","floor":38,"turns":6},{"damage":8,"enemies":"Orb Walker","floor":41,"turns":4},{"damage":0,"enemies":"3 Darklings","floor":42,"turns":6},{"damage":8,"enemies":"Nemesis","floor":44,"turns":9},{"damage":78,"enemies":"Reptomancer","floor":46,"turns":10},{"damage":0,"enemies":"Writhing Mass","floor":47,"turns":7},{"damage":19,"enemies":"Awakened One","floor":50,"turns":12}],"seed_played":"4987206260983585722","potions_obtained":[{"floor":1,"key":"Block Potion"},{"floor":16,"key":"Energy Potion"}],"is_trial":false,"path_per_floor":["M","?","$","?","?","R","?","M","T","$","M","R","M","?","R","B",null,"M","$","M","M","M","R","?","R","T","?","E","$","?","?","R","B",null,"M","?","$","?","?","R","M","M","T","E","R","E","M","?","R","B",null],"character_chosen":"DEFECT","items_purchased":["Molten Egg 2","Swift Strike+1","Ice Cream","Coolheaded","Sweeping Beam+1","Go for the Eyes+1","Heatsinks"],"campfire_rested":5,"item_purchase_floors":[3,3,10,10,19,37,37],"current_hp_per_floor":[54,54,54,54,43,43,10,10,10,10,9,31,31,36,60,34,80,75,75,75,68,63,63,63,63,63,47,43,43,43,43,80,80,80,80,70,70,42,42,80,79,80,80,79,79,8,15,15,54,42],"gold":161,"neow_bonus":"TWO_FIFTY_GOLD","is_prod":false,"is_daily":false,"chose_seed":false,"campfire_upgraded":4,"win_rate":0,"timestamp":1543748725,"path_taken":["M","?","$","?","?","R","?","M","T","$","M","R","M","?","R","BOSS","M","$","M","M","M","R","?","R","T","?","E","$","?","?","R","BOSS","M","?","$","?","?","R","M","M","T","E","R","E","M","?","R","BOSS"],"build_version":"2018-11-15","purchased_purges":2,"victory":true,"max_hp_per_floor":[75,75,75,75,75,75,75,75,75,75,75,75,75,80,80,80,80,80,80,80,80,80,80,80,80,80,80,80,80,80,80,80,80,80,80,80,80,80,80,80,80,80,80,80,80,80,80,80,80,80],"card_choices":[{"not_picked":["Genetic Algorithm","Redo"],"picked":"Cold Snap","floor":1},{"not_picked":["Barrage+1","Melter+1"],"picked":"Auto Shields","floor":8},{"not_picked":["Leap","Stack"],"picked":"Go for the Eyes+1","floor":11},{"not_picked":["Streamline+1","Barrage+1"],"picked":"Leap","floor":13},{"not_picked":["Multi-Cast","Core Surge+1"],"picked":"Creative AI","floor":16},{"not_picked":["Rebound+1","Tempest"],"picked":"FTL+1","floor":18},{"not_picked":["Cold Snap+1","Stack"],"picked":"Heatsinks","floor":20},{"not_picked":["Reprogram","Doom and Gloom+1","Steam+1"],"picked":"SKIP","floor":21},{"not_picked":["Rip and Tear+1","Leap"],"picked":"Cold Snap+1","floor":22},{"not_picked":["Streamline+1","Electrodynamics"],"picked":"Turbo+1","floor":28},{"not_picked":["Electrodynamics","All For One+1"],"picked":"Amplify","floor":33},{"not_picked":["Streamline+1","Barrage+1"],"picked":"Leap+1","floor":35},{"not_picked":["Chaos","Recycle+1"],"picked":"Coolheaded","floor":41},{"not_picked":["Genetic Algorithm","Consume+1"],"picked":"Steam Power+1","floor":42},{"not_picked":["Tempest","Consume"],"picked":"Reinforced Body+1","floor":44},{"not_picked":["Reboot","Sweeping Beam+1"],"picked":"Coolheaded+1","floor":46},{"not_picked":["Hello World","Glacier"],"picked":"Cold Snap+1","floor":47}],"player_experience":328182,"relics_obtained":[{"floor":9,"key":"Pen Nib"},{"floor":26,"key":"FossilizedHelix"},{"floor":27,"key":"Nilry\u0027s Codex"},{"floor":28,"key":"Juzu Bracelet"},{"floor":38,"key":"Old Coin"},{"floor":44,"key":"Oddly Smooth Stone"},{"floor":46,"key":"War Paint"}],"event_choices":[{"damage_healed":0,"gold_gain":0,"player_choice":"Grow","damage_taken":0,"max_hp_gain":0,"max_hp_loss":0,"event_name":"Living Wall","floor":2,"gold_loss":0,"cards_upgraded":["Zap"]},{"damage_healed":0,"gold_gain":175,"player_choice":"AGREE","damage_taken":0,"max_hp_gain":0,"max_hp_loss":0,"event_name":"Liars Game","floor":4,"gold_loss":0,"cards_obtained":["Doubt"]},{"damage_healed":0,"gold_gain":75,"player_choice":"Gather Gold","damage_taken":11,"max_hp_gain":0,"max_hp_loss":0,"event_name":"World of Goop","floor":5,"gold_loss":0},{"damage_healed":0,"gold_gain":0,"player_choice":"Success","damage_taken":33,"relics_obtained":["Incense Burner"],"max_hp_gain":0,"max_hp_loss":0,"event_name":"Scrap Ooze","floor":7,"gold_loss":0},{"damage_healed":0,"gold_gain":0,"player_choice":"Donut","damage_taken":0,"max_hp_gain":5,"max_hp_loss":0,"event_name":"Big Fish","floor":14,"gold_loss":0},{"damage_healed":0,"gold_gain":0,"player_choice":"Stole Relic","damage_taken":0,"relics_obtained":["Regal Pillow"],"max_hp_gain":0,"max_hp_loss":0,"event_name":"Addict","floor":24,"gold_loss":0,"cards_obtained":["Shame"]},{"damage_healed":0,"gold_gain":0,"player_choice":"Obtained Book","damage_taken":16,"max_hp_gain":0,"max_hp_loss":0,"event_name":"Cursed Tome","floor":27,"gold_loss":0},{"damage_healed":0,"gold_gain":0,"player_choice":"Paid Fearfully","damage_taken":0,"max_hp_gain":0,"max_hp_loss":0,"event_name":"Masked Bandits","floor":30,"gold_loss":10},{"damage_healed":0,"gold_gain":0,"cards_transformed":["Strike_B","Strike_B"],"player_choice":"Became Test Subject","damage_taken":0,"max_hp_gain":0,"max_hp_loss":0,"event_name":"Drug Dealer","floor":31,"gold_loss":0,"cards_obtained":["Fusion","Self Repair"]},{"damage_healed":0,"gold_gain":0,"player_choice":"Embrace Madness","damage_taken":10,"max_hp_gain":0,"max_hp_loss":0,"event_name":"Winding Halls","floor":36,"gold_loss":0,"cards_obtained":["Madness","Madness"]},{"damage_healed":0,"gold_gain":0,"player_choice":"Fight","damage_taken":0,"max_hp_gain":0,"max_hp_loss":0,"event_name":"Mysterious Sphere","floor":38,"gold_loss":0},{"damage_healed":0,"gold_gain":0,"player_choice":"Paid","damage_taken":0,"relics_obtained":["Red Mask"],"max_hp_gain":0,"max_hp_loss":0,"event_name":"Tomb of Lord Red Mask","floor":39,"gold_loss":356},{"cards_removed":["Dualcast"],"damage_healed":0,"gold_gain":0,"player_choice":"Removed Skill","damage_taken":0,"max_hp_gain":0,"max_hp_loss":0,"event_name":"Falling","floor":48,"gold_loss":0}],"is_beta":true,"boss_relics":[{"not_picked":["Eternal Feather","Runic Dome"],"picked":"Sozu"},{"not_picked":["Philosopher\u0027s Stone","Busted Crown"],"picked":"Nuclear Battery"}],"items_purged_floors":[19,29],"is_endless":false,"potions_floor_spawned":[1,16,22,28,33,35,38,41,46],"ascension_level":0}