{"gold_per_floor":[114,125,143,159,159,189,189,218,270,270,305,316,331,346,346,442,442,458,475,24,24,41,68,80,125,187,232,258,270,282,311,323,439,451,481,504,108,108,208,218,218,253,280,303,320,320,335,352,352,352,352,352,30,55,55],"floor_reached":55,"playtime":2400,"items_purged":["Strike_R","Strike_R","Strike_R"],"score":1153,"play_id":"88d4d957-ed7b-4c80-838c-580eed5c2540","local_time":"20190808203829","is_ascension_mode":true,"campfire_choices":[{"floor":7,"key":"REST"},{"data":"Shockwave","floor":10,"key":"SMITH"},{"data":"Uppercut","floor":15,"key":"SMITH"},{"floor":24,"key":"REST"},{"data":"Apotheosis","floor":30,"key":"SMITH"},{"data":"Inflame","floor":32,"key":"SMITH"},{"floor":41,"key":"RECALL"},{"floor":49,"key":"REST"},{"floor":52,"key":"REST"}],"neow_cost":"NONE","seed_source_timestamp":27568073010690,"circlet_count":0,"master_deck":["Defend_R","Defend_R","Defend_R","Defend_R","Bash","Inflame+1","Headbutt","Uppercut+1","Anger","Shockwave+1","Battle Trance","Sword Boomerang","Iron Wave+1","Offering","Entrench+1","Combust+1","Apotheosis+1","Reaper","Rage+1","Heavy Blade+1","Limit Break","Iron Wave+1","Warcry","True Grit+1","Infernal Blade+1","Shrug It Off","Power Through+1"],"relics":["Burning Blood","Ancient Tea Set","Gremlin Horn","Bronze Scales","Bag of Marbles","Red Skull","Empty Cage","Brimstone","MawBank","Incense Burner","Art of War","Fusion Hammer","Bottled Flame","Bird Faced Urn","Letter Opener","Lantern","Blood Vial","Whetstone","Strawberry"],"potions_floor_usage":[1,6,23,23,25,25,50,50,50,50,55],"damage_taken":[{"damage":24,"enemies":"Small Slimes","floor":1,"turns":4},{"damage":1,"enemies":"Cultist","floor":2,"turns":3},{"damage":9,"enemies":"Jaw Worm","floor":3,"turns":3},{"damage":12,"enemies":"Blue Slaver","floor":4,"turns":4},{"damage":25,"enemies":"3 Sentries","floor":6,"turns":8},{"damage":20,"enemies":"Lagavulin","floor":8,"turns":4},{"damage":14,"enemies":"3 Sentries","floor":11,"turns":4},{"damage":15,"enemies":"Exordium Thugs","floor":12,"turns":4},{"damage":0,"enemies":"Large Slime","floor":13,"turns":2},{"damage":0,"enemies":"Looter","floor":14,"turns":1},{"damage":0,"enemies":"Slime Boss","floor":16,"turns":3},{"damage":12,"enemies":"Spheric Guardian","floor":18,"turns":3},{"damage":11,"enemies":"Shell Parasite","floor":19,"turns":4},{"damage":20,"enemies":"Snake Plant","floor":22,"turns":3},{"damage":38,"enemies":"Book of Stabbing","floor":23,"turns":3},{"damage":31,"enemies":"Slavers","floor":25,"turns":2},{"damage":6,"enemies":"Gremlin Leader","floor":27,"turns":4},{"damage":14,"enemies":"Chosen and Byrds","floor":28,"turns":4},{"damage":6,"enemies":"Cultist and Chosen","floor":31,"turns":3},{"damage":58,"enemies":"Collector","floor":33,"turns":6},{"damage":1,"enemies":"Orb Walker","floor":35,"turns":2},{"damage":19,"enemies":"3 Darklings","floor":36,"turns":3},{"damage":0,"enemies":"Mind Bloom Boss Battle","floor":39,"turns":3},{"damage":29,"enemies":"Spire Growth","floor":40,"turns":4},{"damage":8,"enemies":"Nemesis","floor":42,"turns":3},{"damage":25,"enemies":"Sphere and 2 Shapes","floor":45,"turns":5},{"damage":12,"enemies":"Maw","floor":47,"turns":4},{"damage":6,"enemies":"Writhing Mass","floor":48,"turns":4},{"damage":98,"enemies":"Time Eater","floor":50,"turns":7},{"damage":26,"enemies":"Shield and Spear","floor":54,"turns":5},{"damage":81,"enemies":"The Heart","floor":55,"turns":5}],"seed_played":"2303004179920365023","potions_obtained":[{"floor":0,"key":"Block Potion"},{"floor":0,"key":"Poison Potion"},{"floor":0,"key":"Fruit Juice"},{"floor":3,"key":"GamblersBrew"},{"floor":4,"key":"Ancient Potion"},{"floor":8,"key":"Ancient Potion"},{"floor":12,"key":"Dexterity Potion"},{"floor":13,"key":"AttackPotion"},{"floor":16,"key":"PowerPotion"},{"floor":21,"key":"EntropicBrew"},{"floor":23,"key":"AttackPotion"},{"floor":27,"key":"EntropicBrew"},{"floor":33,"key":"Block Potion"},{"floor":42,"key":"Regen Potion"},{"floor":54,"key":"Energy Potion"}],"is_trial":false,"path_per_floor":["M","M","M","M","?","E","R","E","T","R","E","M","M","M","R","B",null,"M","M","$","?","M","E","R","E","T","E","M","?","R","M","R","B",null,"M","M","$","?","?","M","R","E","T","T","M","?","M","M","R","B",null,"R","$","E","B"],"character_chosen":"IRONCLAD","items_purchased":["Apotheosis","Brimstone","Warcry","Bottled Flame","Whetstone","Shrug It Off"],"campfire_rested":4,"item_purchase_floors":[20,20,37,37,53,53],"current_hp_per_floor":[59,64,61,55,48,29,54,40,40,40,32,23,29,35,35,41,74,68,63,63,63,49,17,42,62,62,85,79,79,79,79,79,27,71,76,63,63,63,81,60,60,60,60,60,56,56,56,65,81,33,69,81,81,69,0],"gold":55,"neow_bonus":"THREE_SMALL_POTIONS","is_prod":false,"is_daily":false,"chose_seed":false,"campfire_upgraded":4,"win_rate":0,"timestamp":1565311109,"path_taken":["M","M","M","M","?","E","R","E","T","R","E","M","M","M","R","BOSS","M","M","$","?","?","E","R","E","T","E","M","?","R","M","R","BOSS","M","M","$","?","?","M","R","E","T","?","?","?","M","M","R","BOSS","R","$","E","BOSS"],"build_version":"2019-07-17","purchased_purges":3,"victory":false,"max_hp_per_floor":[85,85,85,85,85,85,85,85,85,85,85,85,85,85,85,85,85,85,85,85,85,85,85,85,85,85,85,85,85,85,85,85,85,85,85,85,85,81,81,81,81,81,81,81,81,81,81,81,81,81,81,81,81,88,88],"card_choices":[{"not_picked":["Flame Barrier","Carnage"],"picked":"Inflame","floor":1},{"not_picked":["Twin Strike","Intimidate"],"picked":"Headbutt","floor":2},{"not_picked":["Feel No Pain","Corruption"],"picked":"Uppercut","floor":3},{"not_picked":["Sword Boomerang","Body Slam"],"picked":"Anger","floor":4},{"not_picked":["Thunderclap","Wild Strike"],"picked":"Shockwave","floor":6},{"not_picked":["Bludgeon","Corruption","Blood for Blood"],"picked":"SKIP","floor":8},{"not_picked":["Iron Wave","Whirlwind"],"picked":"Battle Trance","floor":11},{"not_picked":["Searing Blow","Warcry"],"picked":"Sword Boomerang","floor":12},{"not_picked":["Havoc","Searing Blow"],"picked":"Iron Wave","floor":13},{"not_picked":["Sever Soul","Anger","Combust"],"picked":"SKIP","floor":14},{"not_picked":["Barricade","Berserk"],"picked":"Offering","floor":16},{"not_picked":["Cleave","Power Through+1"],"picked":"Entrench+1","floor":18},{"not_picked":["Iron Wave","Sword Boomerang"],"picked":"Combust+1","floor":19},{"not_picked":["Flex","Armaments+1","Corruption+1"],"picked":"SKIP","floor":22},{"not_picked":["Whirlwind","Flex"],"picked":"Reaper","floor":23},{"not_picked":["Flame Barrier+1","Dark Embrace"],"picked":"Rage+1","floor":25},{"not_picked":["Juggernaut","Uppercut","Seeing Red"],"picked":"SKIP","floor":27},{"not_picked":["Twin Strike","Seeing Red"],"picked":"Heavy Blade","floor":28},{"not_picked":["Flex","Body Slam","Twin Strike"],"picked":"SKIP","floor":31},{"not_picked":["Feed","Reaper"],"picked":"Limit Break","floor":33},{"not_picked":["Sentinel","Sword Boomerang"],"picked":"Iron Wave+1","floor":35},{"not_picked":["Power Through","Body Slam+1","Anger+1"],"picked":"SKIP","floor":36},{"not_picked":["Entrench","Clothesline"],"picked":"True Grit+1","floor":40},{"not_picked":["Hemokinesis+1","Heavy Blade","Warcry"],"picked":"SKIP","floor":42},{"not_picked":["Bloodletting+1","Carnage"],"picked":"Infernal Blade+1","floor":45},{"not_picked":["Limit Break","Fire Breathing+1","Spot Weakness+1"],"picked":"SKIP","floor":47},{"not_picked":["Reckless Charge","Iron Wave+1","Cleave+1"],"picked":"SKIP","floor":48},{"not_picked":["Combust","Second Wind"],"picked":"Power Through+1","floor":54}],"player_experience":332464,"relics_obtained":[{"floor":6,"key":"Gremlin Horn"},{"floor":8,"key":"Bronze Scales"},{"floor":9,"key":"Bag of Marbles"},{"floor":11,"key":"Red Skull"},{"floor":23,"key":"MawBank"},{"floor":25,"key":"Incense Burner"},{"floor":27,"key":"Art of War"},{"floor":39,"key":"Bird Faced Urn"},{"floor":42,"key":"Letter Opener"},{"floor":43,"key":"Lantern"},{"floor":44,"key":"Blood Vial"},{"floor":54,"key":"Strawberry"}],"event_choices":[{"damage_healed":0,"gold_gain":0,"player_choice":"Success","damage_taken":7,"relics_obtained":["Ancient Tea Set"],"max_hp_gain":0,"max_hp_loss":0,"event_name":"Scrap Ooze","floor":5,"gold_loss":0},{"damage_healed":0,"gold_gain":0,"player_choice":"Got Potions","damage_taken":0,"max_hp_gain":0,"max_hp_loss":0,"event_name":"Lab","floor":21,"gold_loss":0},{"damage_healed":0,"gold_gain":0,"player_choice":"Ignored","damage_taken":0,"max_hp_gain":0,"max_hp_loss":0,"event_name":"Ghosts","floor":29,"gold_loss":0},{"damage_healed":0,"gold_gain":0,"player_choice":"Max HP","damage_taken":0,"max_hp_gain":0,"max_hp_loss":4,"event_name":"Winding Halls","floor":38,"gold_loss":0},{"damage_healed":0,"gold_gain":0,"player_choice":"Fight","damage_taken":0,"max_hp_gain":0,"max_hp_loss":0,"event_name":"MindBloom","floor":39,"gold_loss":0},{"damage_healed":0,"gold_gain":0,"player_choice":"Ignored","damage_taken":0,"max_hp_gain":0,"max_hp_loss":0,"event_name":"Mysterious Sphere","floor":46,"gold_loss":0}],"is_beta":false,"boss_relics":[{"not_picked":["Black Blood","Black Star"],"picked":"Empty Cage"},{"not_picked":["Orrery","Coffee Dripper"],"picked":"Fusion Hammer"}],"items_purged_floors":[20,37,53],"is_endless":false,"potions_floor_spawned":[3,4,8,12,13,16,23,25,27,33,39,42,45,54],"killed_by":"The Heart","ascension_level":8}