{"gold_per_floor":[117,131,143,155,166,166,194,194,194,211,246,246,246,260,260,365,365,381,381,381,399,410,439,439,466,466,99,99,117,117,133,133,230,230,246,146,165,165,8,8,8],"floor_reached":41,"playtime":2436,"items_purged":["Defend_P","Defend_P"],"score":592,"play_id":"ad82b214-2c0f-4b1c-96c2-9ca671e7605f","local_time":"20190911134759","is_ascension_mode":true,"campfire_choices":[{"data":"WindmillStrike","floor":6.0,"key":"SMITH"},{"data":"TalkToTheHand","floor":8.0,"key":"SMITH"},{"data":"DevaForm","floor":13,"key":"SMITH"},{"data":"Establishment","floor":15,"key":"SMITH"},{"floor":24,"key":"REST"},{"floor":28,"key":"REST"},{"data":"Omniscience","floor":30,"key":"SMITH"},{"data":"Omniscience","floor":32,"key":"SMITH"},{"data":"Devotion","floor":40,"key":"SMITH"}],"neow_cost":"NONE","seed_source_timestamp":606295007258200,"circlet_count":0,"master_deck":["Defend_P+1","Defend_P","Eruption+1","Vigilance+1","WindmillStrike+1","EmptyFist","FearNoEvil","CutThroughFate+1","Establishment+1","TalkToTheHand+1","Crescendo+1","DevaForm+1","FearNoEvil","LessonLearned","SpiritShield+1","Bite","Bite","Bite","Bite+1","Bite","EmptyMind","TalkToTheHand+1","WindmillStrike","Protect","Omniscience+1","Omniscience+1","Perseverance","Weave+1","DevaForm","Devotion+1","Good Instincts"],"special_seed":0,"relics":["PureWater","Blue Candle","Dream Catcher","Bronze Scales","VioletLotus","CultistMask","Pear","Ginger","Matryoshka","Vajra","Cursed Key"],"potions_floor_usage":[14,16,18,22,22],"damage_taken":[{"damage":1.0,"enemies":"Cultist","floor":1.0,"turns":4.0},{"damage":2.0,"enemies":"Jaw Worm","floor":2.0,"turns":3.0},{"damage":0.0,"enemies":"Small Slimes","floor":3.0,"turns":2.0},{"damage":8.0,"enemies":"Red Slaver","floor":4.0,"turns":2.0},{"damage":8.0,"enemies":"Blue Slaver","floor":5.0,"turns":4.0},{"damage":24.0,"enemies":"Gremlin Nob","floor":7.0,"turns":4.0},{"damage":0.0,"enemies":"Looter","floor":10.0,"turns":2.0},{"damage":15,"enemies":"3 Sentries","floor":11,"turns":4},{"damage":0,"enemies":"Gremlin Gang","floor":14,"turns":5},{"damage":0,"enemies":"Slime Boss","floor":16,"turns":8},{"damage":22,"enemies":"3 Byrds","floor":18,"turns":2},{"damage":9,"enemies":"Spheric Guardian","floor":21,"turns":7},{"damage":20,"enemies":"3 Cultists","floor":22,"turns":6},{"damage":37,"enemies":"Book of Stabbing","floor":23,"turns":6},{"damage":29,"enemies":"Slavers","floor":25,"turns":5},{"damage":2,"enemies":"Snecko","floor":29,"turns":9},{"damage":23,"enemies":"Centurion and Healer","floor":31,"turns":7},{"damage":26,"enemies":"Champ","floor":33,"turns":13},{"damage":0,"enemies":"Orb Walker","floor":35,"turns":5},{"damage":0,"enemies":"3 Shapes","floor":37,"turns":10},{"damage":67,"enemies":"Reptomancer","floor":41,"turns":3}],"seed_played":"-1007232120863462483","potions_obtained":[{"floor":1.0,"key":"Block Potion"},{"floor":2.0,"key":"SkillPotion"},{"floor":7.0,"key":"Fire Potion"},{"floor":12,"key":"SpeedPotion"},{"floor":12,"key":"FearPotion"},{"floor":12,"key":"Ancient Potion"},{"floor":14,"key":"Explosive Potion"},{"floor":16,"key":"Swift Potion"},{"floor":18,"key":"SkillPotion"},{"floor":22,"key":"Ancient Potion"},{"floor":35,"key":"FearPotion"}],"is_trial":false,"path_per_floor":["M","M","M","M","M","R","E","R","T","M","E","?","R","M","R","B",null,"M","?","?","M","M","E","R","E","T","$","R","M","R","M","R","B",null,"M","$","M","?","$","R","E"],"character_chosen":"WATCHER","items_purchased":["Omniscience","Vajra","Devotion","Good Instincts"],"campfire_rested":2,"item_purchase_floors":[27,27,39,39],"current_hp_per_floor":[70,68,68,60,52,52,28,28,28,28,13,13,13,13,13,13,71,49,49,49,44,41,22,39,20,20,20,37,47,47,32,32,26,59,59,59,59,59,59,59,0],"gold":8,"neow_bonus":"TEN_PERCENT_HP_BONUS","is_prod":false,"is_daily":false,"chose_seed":false,"campfire_upgraded":7,"win_rate":0,"timestamp":1568224079,"path_taken":["M","M","M","?","?","R","E","R","T","M","E","?","R","M","R","BOSS","M","?","?","M","?","E","R","E","T","?","R","M","R","M","R","BOSS","M","$","M","?","$","R","E"],"build_version":"2019-09-10","purchased_purges":2,"victory":false,"max_hp_per_floor":[71,71,71,71,71,71,71,71,71,71,71,71,71,71,71,71,71,71,49,49,49,49,59,59,59,59,59,59,59,59,59,59,59,59,59,59,59,59,59,59,59],"card_choices":[{"not_picked":["ThirdEye","DeceiveReality"],"picked":"WindmillStrike","floor":1.0},{"not_picked":["WindmillStrike","EmptyBody"],"picked":"EmptyFist","floor":2.0},{"not_picked":["WreathOfFlame","EmptyMind"],"picked":"FearNoEvil","floor":3.0},{"not_picked":["Meditate","SpiritShield"],"picked":"CutThroughFate","floor":4.0},{"not_picked":["Conclude","ClearTheMind"],"picked":"Establishment","floor":5.0},{"not_picked":["InnerPeace","Protect"],"picked":"TalkToTheHand","floor":7.0},{"not_picked":["JustLucky","Swivel"],"picked":"Crescendo","floor":10},{"not_picked":["Crescendo","FollowUp"],"picked":"DevaForm","floor":11},{"not_picked":["BowlingBash","CarveReality"],"picked":"FearNoEvil","floor":14},{"not_picked":["Judgement","Wallop"],"picked":"LessonLearned","floor":16},{"not_picked":["CleanseEvil+1","CutThroughFate"],"picked":"SpiritShield+1","floor":18},{"not_picked":["JustLucky","CarveReality"],"picked":"EmptyMind","floor":21},{"not_picked":["CarveReality","EmptyMind"],"picked":"TalkToTheHand","floor":22},{"not_picked":["ClearTheMind+1","FollowUp"],"picked":"WindmillStrike","floor":23},{"not_picked":["WindmillStrike","ThirdEye"],"picked":"Protect","floor":24},{"not_picked":["Halt","CarveReality"],"picked":"Omniscience","floor":25},{"not_picked":["Scrawl","FlyingSleeves"],"picked":"JustLucky+1","floor":28},{"not_picked":["ForeignInfluence","EmptyMind"],"picked":"Perseverance","floor":29},{"not_picked":["BowlingBash+1","Weave+1","CrushJoints"],"picked":"SKIP","floor":31},{"not_picked":["BowlingBash+1","CrushJoints"],"picked":"Weave+1","floor":31},{"not_picked":["ReachHeaven","LessonLearned"],"picked":"DevaForm","floor":33},{"not_picked":["WindmillStrike","BowlingBash+1","CarveReality"],"picked":"SKIP","floor":35},{"not_picked":["FollowUp+1","Swivel","StepAndStrike+1"],"picked":"SKIP","floor":37}],"player_experience":1944987,"relics_obtained":[{"floor":7.0,"key":"Blue Candle"},{"floor":9.0,"key":"Dream Catcher"},{"floor":11,"key":"Bronze Scales"},{"floor":23,"key":"Pear"},{"floor":25,"key":"Ginger"},{"floor":26,"key":"Matryoshka"}],"event_choices":[{"damage_healed":0,"gold_gain":0,"player_choice":"Got Potions","damage_taken":0,"max_hp_gain":0,"max_hp_loss":0,"event_name":"Lab","floor":12,"gold_loss":0},{"damage_healed":0,"gold_gain":0,"player_choice":"Became a vampire","damage_taken":0,"max_hp_gain":0,"max_hp_loss":22,"event_name":"Vampires","floor":19,"gold_loss":0,"cards_obtained":["Bite","Bite","Bite","Bite","Bite"]},{"damage_healed":0,"gold_gain":0,"player_choice":"Trade","damage_taken":0,"relics_obtained":["CultistMask"],"max_hp_gain":0,"max_hp_loss":0,"event_name":"FaceTrader","floor":20,"gold_loss":0},{"cards_removed":["JustLucky"],"damage_healed":0,"gold_gain":0,"player_choice":"Removed Attack","damage_taken":0,"max_hp_gain":0,"max_hp_loss":0,"event_name":"Falling","floor":38,"gold_loss":0}],"is_beta":true,"boss_relics":[{"not_picked":["Pandora\u0027s Box","Coffee Dripper"],"picked":"VioletLotus"},{"not_picked":["Snecko Eye","Tiny House"],"picked":"Cursed Key"}],"items_purged_floors":[27,36],"is_endless":false,"potions_floor_spawned":[1,2,7,14,16,18,22,35],"killed_by":"Reptomancer","ascension_level":3}