{"path_per_floor":["M","?","T","M","$","M","R","E","T","R","M","R","M","M","R","B",null,"M","?","?","M","$","?","M","M","T","?","T","M","R","M","R","B",null,"M","M","M","$","M","R","E","R","T","?","M","E","T","M","R","B"],"character_chosen":"IRONCLAD","items_purchased":["Bottled Flame","Headbutt","Master of Strategy"],"gold_per_floor":[19,19,319,338,37,50,50,75,75,75,90,90,103,115,115,211,211,224,224,139,158,83,83,95,106,129,129,209,228,228,243,243,347,347,364,380,391,116,129,129,154,154,154,154,165,195,195,211,211,211],"floor_reached":51,"campfire_rested":1,"playtime":3761,"current_hp_per_floor":[80,80,80,80,80,80,80,51,51,51,49,49,55,61,61,22,80,77,61,75,81,81,81,91,94,94,79,79,85,85,95,95,61,99,99,92,88,88,74,74,48,77,77,67,65,48,48,101,101,77],"items_purged":["Defend_R","Defend_R"],"gold":211,"play_id":"b5653482-3e25-4653-8e15-f33e9e303859","is_prod":false,"is_daily":false,"is_ascension_mode":false,"campfire_upgraded":8,"path_taken":["M","?","?","M","?","M","R","E","T","R","M","R","M","M","R","BOSS","M","?","?","M","$","?","?","M","T","?","?","M","R","M","R","BOSS","M","M","M","$","M","R","E","R","T","?","M","E","?","M","R","BOSS"],"build_version":"2018-01-23-BETA1","purchased_purges":4,"victory":true,"master_deck":["Strike_R","Strike_R","Strike_R","Strike_R","Strike_R","Bash","Perfected Strike","Perfected Strike","Headbutt","Shrug It Off","Pommel Strike","Headbutt","True Grit","Reaper","Shrug It Off","Necronomicurse","Twin Strike","Master of Strategy","Madness","Madness"],"max_hp_per_floor":[80,80,80,80,80,80,80,80,80,80,80,80,80,80,80,80,80,80,80,94,94,94,94,94,94,94,99,99,99,99,99,99,99,99,99,99,99,99,99,99,99,99,99,99,99,109,109,109,109,109],"relics":["Burning Blood","Old Coin","Bottled Flame","Oddly Smooth Stone","Thread and Needle","Sozu","Necronomicon","Mango","War Paint","Anchor","Letter Opener","Black Star","Pen Nib","Bag of Preparation","Blood Vial","Matryoshka","Pear","Gambling Chip","Vajra"],"card_choices":[{"not_picked":["Flex","Impervious"],"picked":"Perfected Strike"},{"not_picked":["Flex","Anger"],"picked":"Perfected Strike"},{"not_picked":["Twin Strike","Perfected Strike"],"picked":"Shrug It Off"},{"not_picked":["Perfected Strike","Rage"],"picked":"Pommel Strike"},{"not_picked":["Brutality","Cleave"],"picked":"Headbutt"},{"not_picked":["Cleave","Headbutt"],"picked":"True Grit"},{"not_picked":["Brutality","Offering"],"picked":"Reaper"},{"not_picked":["Combust","Body Slam"],"picked":"Shrug It Off"},{"not_picked":["Metallicize","Hemokinesis"],"picked":"Twin Strike"}],"player_experience":0,"potions_floor_usage":[16],"damage_taken":[{"damage":6,"enemies":"Cultist","floor":1,"turns":3},{"damage":6,"enemies":"Jaw Worm","floor":4,"turns":3},{"damage":5,"enemies":"2 Louse","floor":6,"turns":2},{"damage":35,"enemies":"3 Sentries","floor":8,"turns":6},{"damage":8,"enemies":"Exordium Thugs","floor":11,"turns":3},{"damage":0,"enemies":"Exordium Wildlife","floor":13,"turns":2},{"damage":0,"enemies":"Large Slime","floor":14,"turns":2},{"damage":45,"enemies":"Hexaghost","floor":16,"turns":10},{"damage":9,"enemies":"2 Thieves","floor":18,"turns":3},{"damage":0,"enemies":"Chosen","floor":21,"turns":2},{"damage":0,"enemies":"Snecko","floor":24,"turns":2},{"damage":0,"enemies":"Centurion and Healer","floor":25,"turns":2},{"damage":0,"enemies":"Snake Plant","floor":29,"turns":1},{"damage":4,"enemies":"3 Cultists","floor":31,"turns":4},{"damage":40,"enemies":"Champ","floor":33,"turns":8},{"damage":0,"enemies":"Orb Walker","floor":35,"turns":3},{"damage":13,"enemies":"3 Shapes","floor":36,"turns":4},{"damage":17,"enemies":"Flame Bruiser 2 Orb","floor":37,"turns":3},{"damage":26,"enemies":"Maw","floor":39,"turns":5},{"damage":32,"enemies":"Giant Head","floor":41,"turns":7},{"damage":10,"enemies":"Sphere and 2 Shapes","floor":45,"turns":3},{"damage":35,"enemies":"Nemesis","floor":46,"turns":4},{"damage":14,"enemies":"4 Shapes","floor":48,"turns":3},{"damage":33,"enemies":"Awakened One","floor":50,"turns":9}],"event_choices":[{"event_name":"Living Wall","player_choice":"Grow","floor":2,"damage_taken":0},{"event_name":"Cursed Tome","player_choice":"Obtained Book","floor":19,"damage_taken":0},{"event_name":"Addict","player_choice":"Obtained Relic","floor":20,"damage_taken":0},{"event_name":"The Mausoleum","player_choice":"Yes","floor":23,"damage_taken":0},{"event_name":"Forgotten Altar","player_choice":"Shed Blood","floor":27,"damage_taken":0},{"event_name":"Winding Halls","player_choice":"Embrace Madness","floor":44,"damage_taken":0}],"boss_relics":[{"not_picked":["Runic Dome","Mark of Pain"],"picked":"Sozu"},{"not_picked":["Calling Bell","White Beast Statue"],"picked":"Black Star"}],"potions_floor_spawned":[6,8,16,21,29,31,37,41,46],"seed_played":"3548125868888088580","ascension_level":0,"is_trial":false}