{"gold_per_floor":[16,16,16,34,53,79,154,172,172,172,190,205,205,234,234,234],"floor_reached":16,"playtime":678,"items_purged":[],"score":118,"play_id":"4e2957e2-1495-4759-995b-b351018873d4","local_time":"20190604201803","is_ascension_mode":true,"campfire_choices":[{"floor":10,"key":"REST"},{"floor":15,"key":"REST"}],"neow_cost":"NO_GOLD","seed_source_timestamp":9784851296389,"circlet_count":0,"master_deck":["Defend_G+1","Defend_G","Defend_G","Defend_G","Defend_G","Strike_G","Strike_G","Strike_G","Strike_G+1","Survivor","Neutralize","Leg Sweep","Dagger Throw","Deadly Poison","Prepared","Venomology","Outmaneuver","Sucker Punch","Calculated Gamble"],"relics":["Ring of the Snake","Turnip","Anchor","Ornamental Fan"],"potions_floor_usage":[6,8,11,12,14,14,14,14,16,16],"damage_taken":[{"damage":1,"enemies":"2 Louse","floor":1,"turns":3},{"damage":6,"enemies":"Small Slimes","floor":4,"turns":4},{"damage":0,"enemies":"Jaw Worm","floor":5,"turns":4},{"damage":32,"enemies":"Gremlin Nob","floor":6,"turns":5},{"damage":0,"enemies":"Blue Slaver","floor":8,"turns":3},{"damage":0,"enemies":"Red Slaver","floor":11,"turns":6},{"damage":0,"enemies":"Lots of Slimes","floor":12,"turns":2},{"damage":5,"enemies":"Lagavulin","floor":14,"turns":4},{"damage":44,"enemies":"Slime Boss","floor":16,"turns":11}],"seed_played":"-7234691491660072175","potions_obtained":[{"floor":4,"key":"AttackPotion"},{"floor":5,"key":"Explosive Potion"},{"floor":8,"key":"GamblersBrew"},{"floor":11,"key":"SteroidPotion"},{"floor":14,"key":"SteroidPotion"}],"is_trial":false,"path_per_floor":["M","$","?","M","M","E","?","M","T","R","M","M","?","E","R","B"],"character_chosen":"THE_SILENT","items_purchased":[],"campfire_rested":2,"item_purchase_floors":[],"current_hp_per_floor":[69,69,69,63,63,31,20,20,20,41,41,41,27,22,43,0],"gold":234,"neow_bonus":"ONE_RARE_RELIC","is_prod":false,"is_daily":false,"chose_seed":false,"campfire_upgraded":0,"win_rate":0,"timestamp":1559693883,"path_taken":["M","$","?","M","M","E","?","M","T","R","M","M","?","E","R","BOSS"],"build_version":"2019-01-23","purchased_purges":0,"victory":false,"max_hp_per_floor":[70,70,70,70,70,70,70,70,70,70,70,70,70,70,70,70],"card_choices":[{"not_picked":["Dagger Spray","Flechettes"],"picked":"Leg Sweep","floor":1},{"not_picked":["Flying Knee","Leg Sweep"],"picked":"Deadly Poison","floor":4},{"not_picked":["Tactician","Reflex"],"picked":"Prepared","floor":5},{"not_picked":["Finisher","Expertise"],"picked":"Venomology","floor":6},{"not_picked":["Blade Dance","Deflect"],"picked":"Outmaneuver","floor":8},{"not_picked":["Endless Agony","PiercingWail"],"picked":"Sucker Punch","floor":11},{"not_picked":["Outmaneuver","Dagger Throw","Deflect"],"picked":"SKIP","floor":12},{"not_picked":["Setup","Heel Hook"],"picked":"Calculated Gamble","floor":14}],"player_experience":97344,"relics_obtained":[{"floor":6,"key":"Anchor"},{"floor":14,"key":"Ornamental Fan"}],"event_choices":[{"damage_healed":0,"gold_gain":0,"cards_transformed":["Strike_G"],"player_choice":"Change","damage_taken":0,"max_hp_gain":0,"max_hp_loss":0,"event_name":"Living Wall","floor":3,"gold_loss":0,"cards_obtained":["Dagger Throw"]},{"damage_healed":0,"gold_gain":75,"player_choice":"Gather Gold","damage_taken":11,"max_hp_gain":0,"max_hp_loss":0,"event_name":"World of Goop","floor":7,"gold_loss":0},{"damage_healed":0,"gold_gain":0,"player_choice":"Entered Light","damage_taken":14,"max_hp_gain":0,"max_hp_loss":0,"event_name":"Shining Light","floor":13,"gold_loss":0,"cards_upgraded":["Defend_G","Strike_G"]}],"is_beta":false,"boss_relics":[],"items_purged_floors":[],"is_endless":false,"potions_floor_spawned":[4,5,8,11,14],"killed_by":"Slime Boss","ascension_level":1}