{"gold_per_floor":[110,7,26,45,61,61,86,102,102,137,312,335,166,166,166,271,271,283,303,303,303,303,319,12,12,87,87],"floor_reached":27,"playtime":1484,"items_purged":["Doubt","Strike_G"],"score":257,"play_id":"2af2338f-a9e7-4280-8f41-d70d74243099","local_time":"20190601112100","is_ascension_mode":true,"campfire_choices":[{"floor":6,"key":"RECALL"},{"floor":15,"key":"REST"},{"data":"Neutralize","floor":25,"key":"SMITH"}],"neow_cost":"NONE","seed_source_timestamp":5510124134753,"circlet_count":0,"master_deck":["Defend_G","Defend_G","Defend_G+1","Defend_G","Defend_G","Strike_G","Strike_G","Strike_G","Strike_G","Survivor","Neutralize+1","Dagger Throw","Deadly Poison+1","Blur","Dagger Throw","Backstab","Die Die Die","Backflip","Cloak And Dagger","Bandage Up","A Thousand Cuts","Dagger Spray","Poisoned Stab","Ghostly","Ghostly","Ghostly","Ghostly","Ghostly","PiercingWail","All Out Attack"],"relics":["Ring of the Serpent","Pen Nib","War Paint","Meat on the Bone","Juzu Bracelet","Odd Mushroom","Membership Card"],"potions_floor_usage":[7,12,16,16,27],"damage_taken":[{"damage":1,"enemies":"Cultist","floor":1,"turns":5},{"damage":0,"enemies":"Small Slimes","floor":3,"turns":4},{"damage":5,"enemies":"2 Louse","floor":4,"turns":3},{"damage":13,"enemies":"Lots of Slimes","floor":5,"turns":4},{"damage":22,"enemies":"3 Sentries","floor":7,"turns":10},{"damage":0,"enemies":"2 Fungi Beasts","floor":8,"turns":2},{"damage":26,"enemies":"Lagavulin","floor":10,"turns":7},{"damage":10,"enemies":"The Mushroom Lair","floor":12,"turns":3},{"damage":2,"enemies":"Hexaghost","floor":16,"turns":10},{"damage":10,"enemies":"3 Byrds","floor":18,"turns":6},{"damage":19,"enemies":"Shell Parasite","floor":19,"turns":7},{"damage":18,"enemies":"3 Cultists","floor":23,"turns":6},{"damage":34,"enemies":"Book of Stabbing","floor":27,"turns":9}],"seed_played":"8917237999608427546","potions_obtained":[{"floor":3,"key":"GamblersBrew"},{"floor":7,"key":"FairyPotion"},{"floor":10,"key":"Explosive Potion"},{"floor":14,"key":"Block Potion"},{"floor":14,"key":"SkillPotion"},{"floor":19,"key":"Dexterity Potion"}],"is_trial":false,"path_per_floor":["M","$","M","M","M","R","E","M","T","E","?","?","$","?","R","B",null,"M","M","?","?","?","M","$","R","T","E"],"character_chosen":"THE_SILENT","items_purchased":["Deadly Poison","Fire Potion","Bandage Up","Membership Card"],"campfire_rested":1,"item_purchase_floors":[2,2,13,24],"current_hp_per_floor":[69,69,69,64,51,51,29,29,29,15,15,17,17,17,38,40,70,64,49,35,35,35,21,21,21,21,0],"gold":87,"neow_bonus":"RANDOM_COMMON_RELIC","is_prod":false,"is_daily":false,"chose_seed":false,"campfire_upgraded":1,"win_rate":0,"timestamp":1559402460,"path_taken":["M","?","M","M","M","R","E","M","T","E","?","?","$","?","R","BOSS","M","M","?","?","?","M","$","R","T","E"],"build_version":"2019-01-23","purchased_purges":2,"victory":false,"max_hp_per_floor":[70,70,70,70,70,70,70,70,70,70,70,70,70,70,70,70,70,70,70,35,35,35,35,35,35,35,35],"card_choices":[{"not_picked":["Cloak And Dagger","Backflip"],"picked":"Dagger Throw","floor":1},{"not_picked":["Dagger Spray","Footwork"],"picked":"Blur","floor":3},{"not_picked":["Reflex","Deflect"],"picked":"Dagger Throw","floor":4},{"not_picked":["Underhanded Strike","Acrobatics"],"picked":"Backstab","floor":5},{"not_picked":["Dagger Throw","Choke"],"picked":"Die Die Die","floor":7},{"not_picked":["Dagger Spray","Expertise"],"picked":"Backflip","floor":8},{"not_picked":["Deadly Poison","Blur","Predator"],"picked":"SKIP","floor":10},{"not_picked":["Reflex","Bane"],"picked":"Cloak And Dagger","floor":12},{"not_picked":["Malaise","After Image"],"picked":"A Thousand Cuts","floor":16},{"not_picked":["Prepared+1","Deflect+1"],"picked":"Dagger Spray","floor":18},{"not_picked":["Outmaneuver","All Out Attack+1"],"picked":"Poisoned Stab","floor":19},{"not_picked":["Eviscerate","Underhanded Strike"],"picked":"All Out Attack","floor":23}],"player_experience":53270,"relics_obtained":[{"floor":7,"key":"War Paint"},{"floor":9,"key":"Meat on the Bone"},{"floor":10,"key":"Juzu Bracelet"},{"floor":12,"key":"Odd Mushroom"}],"event_choices":[{"damage_healed":0,"gold_gain":175,"player_choice":"AGREE","damage_taken":0,"max_hp_gain":0,"max_hp_loss":0,"event_name":"Liars Game","floor":11,"gold_loss":0,"cards_obtained":["Doubt"]},{"damage_healed":0,"gold_gain":0,"player_choice":"Fought Mushrooms","damage_taken":0,"max_hp_gain":0,"max_hp_loss":0,"event_name":"Mushrooms","floor":12,"gold_loss":0},{"damage_healed":0,"gold_gain":0,"player_choice":"Got Potions","damage_taken":0,"max_hp_gain":0,"max_hp_loss":0,"event_name":"Lab","floor":14,"gold_loss":0},{"damage_healed":0,"gold_gain":0,"player_choice":"Became a Ghost","damage_taken":0,"max_hp_gain":0,"max_hp_loss":35,"event_name":"Ghosts","floor":20,"gold_loss":0,"cards_obtained":["Ghostly","Ghostly","Ghostly","Ghostly","Ghostly"]},{"damage_healed":0,"gold_gain":0,"player_choice":"Read","damage_taken":0,"max_hp_gain":0,"max_hp_loss":0,"event_name":"The Library","floor":21,"gold_loss":0,"cards_obtained":["PiercingWail"]},{"damage_healed":0,"gold_gain":0,"player_choice":"Ignored","damage_taken":0,"max_hp_gain":0,"max_hp_loss":0,"event_name":"Vampires","floor":22,"gold_loss":0}],"is_beta":false,"boss_relics":[{"not_picked":["Orrery","HoveringKite"],"picked":"Ring of the Serpent"}],"items_purged_floors":[13,24],"is_endless":false,"potions_floor_spawned":[3,7,10,19],"killed_by":"Book of Stabbing","ascension_level":1}