{"path_per_floor":["M","M","?","?","?","M","M","?","T","?","R","?","R","M","R","B",null,"M","M","$","M","M","R","E","R","T","?","M","M","?","$","R"],"character_chosen":"DEFECT","items_purchased":["Mummified Hand","Self Repair"],"gold_per_floor":[114,131,131,131,131,145,163,189,215,273,273,273,273,289,289,385,385,405,416,85,99,110,110,141,141,187,187,205,219,169,94,94,94],"floor_reached":33,"campfire_rested":3,"playtime":1532,"current_hp_per_floor":[75,75,75,75,75,75,75,66,66,28,28,21,43,52,52,20,75,75,75,75,61,75,75,19,41,41,33,41,43,43,43,65,0],"items_purged":["Strike_B"],"gold":94,"score":257,"play_id":"bc7c4df9-2155-4b8f-93d5-778677efb343","local_time":"20180503234945","is_prod":false,"is_daily":false,"chose_seed":false,"is_ascension_mode":false,"campfire_upgraded":3,"timestamp":1525409385,"path_taken":["M","M","?","?","?","M","M","?","T","?","R","?","R","M","R","BOSS","M","M","$","M","M","R","E","R","T","?","M","M","?","$","R","BOSS"],"build_version":"2018-04-30","seed_source_timestamp":2003674631772054,"purchased_purges":3,"victory":false,"master_deck":["Strike_B","Strike_B","Defend_B","Defend_B","Defend_B","Defend_B","Zap+1","Dualcast","Self Repair+1","Leap","Skim","Reprieve","Ball Lightning+1","Rainbow+1","Streamline+1","Barrage","Self Repair","Defragment+1"],"max_hp_per_floor":[75,75,75,75,75,75,75,75,75,75,75,75,75,75,75,75,75,75,75,75,75,75,75,75,75,75,75,75,75,75,75,75,75],"relics":["Cracked Core","NeowsBlessing","Juzu Bracelet","Odd Mushroom","Art of War","Ice Cream","White Beast Statue","Mummified Hand","Ornamental Fan","Bag of Marbles"],"card_choices":[{"not_picked":["Streamline","Capacitor"],"picked":"Self Repair","floor":1},{"not_picked":["Impulse","Coolheaded"],"picked":"Leap","floor":6},{"not_picked":["Buffer","Leap"],"picked":"Skim","floor":8},{"not_picked":["Doom and Gloom","Undo"],"picked":"Reprieve","floor":10},{"not_picked":["Skim","FTL"],"picked":"Ball Lightning","floor":14},{"not_picked":["Hyperbeam","Amplify"],"picked":"Rainbow","floor":16},{"not_picked":["Capacitor","Skim"],"picked":"Streamline","floor":18},{"not_picked":["Turbo","Undo"],"picked":"Barrage","floor":19},{"not_picked":["Amplify","Sweeping Beam"],"picked":"Defragment","floor":24}],"player_experience":129018,"potions_floor_usage":[8,10,16,16,21,21,22,24,29,33,33],"damage_taken":[{"damage":0,"enemies":"Small Slimes","floor":1,"turns":1},{"damage":0,"enemies":"Cultist","floor":2,"turns":1},{"damage":0,"enemies":"2 Louse","floor":6,"turns":1},{"damage":1,"enemies":"Large Slime","floor":7,"turns":5},{"damage":16,"enemies":"The Mushroom Lair","floor":8,"turns":4},{"damage":45,"enemies":"Gremlin Nob","floor":10,"turns":5},{"damage":1,"enemies":"Looter","floor":14,"turns":3},{"damage":42,"enemies":"Slime Boss","floor":16,"turns":10},{"damage":10,"enemies":"Shell Parasite","floor":18,"turns":5},{"damage":8,"enemies":"Spheric Guardian","floor":19,"turns":5},{"damage":31,"enemies":"Cultist and Chosen","floor":21,"turns":8},{"damage":1,"enemies":"Chosen and Byrds","floor":22,"turns":5},{"damage":73,"enemies":"Book of Stabbing","floor":24,"turns":7},{"damage":9,"enemies":"Centurion and Healer","floor":28,"turns":5},{"damage":15,"enemies":"Snake Plant","floor":29,"turns":4},{"damage":82,"enemies":"Collector","floor":33,"turns":9}],"event_choices":[{"event_name":"Purifier","player_choice":"One Purge","floor":3,"damage_taken":0},{"event_name":"Living Wall","player_choice":"Grow","floor":4,"damage_taken":0},{"event_name":"Big Fish","player_choice":"Box","floor":5,"damage_taken":0},{"event_name":"Mushrooms","player_choice":"Fought Mushrooms","floor":8,"damage_taken":0},{"event_name":"Dead Adventurer","player_choice":"Searched \u00272\u0027 times","floor":10,"damage_taken":0},{"event_name":"Golden Wing","player_choice":"Card Removal","floor":12,"damage_taken":0},{"event_name":"Knowing Skull","player_choice":"","floor":27,"damage_taken":0},{"event_name":"The Joust","player_choice":"Bet on Murderer","floor":30,"damage_taken":0}],"boss_relics":[{"not_picked":["Lizard Tail","Ectoplasm"],"picked":"White Beast Statue"}],"potions_floor_spawned":[7,8,10,14,18,19,21,22,24,28,29],"seed_played":"-6201766257587055004","killed_by":"Collector","ascension_level":0,"is_trial":false}