{"gold_per_floor":[112,37,51,66,86,86,99,99,99,174,191,222,222,233,233,337,337,351,441,451,467,484,510,510,261,261,60,60,0,0,20,20,20],"floor_reached":33,"playtime":1517,"items_purged":["Strike_B","Defend_B","Strike_B"],"score":269,"play_id":"d671286e-b009-4600-81ca-cac520197294","local_time":"20190826172007","is_ascension_mode":false,"campfire_choices":[{"data":"Zap","floor":6,"key":"SMITH"},{"data":"Dualcast","floor":8,"key":"SMITH"},{"data":"Streamline","floor":13,"key":"SMITH"},{"data":"Auto Shields","floor":15,"key":"SMITH"},{"data":"Conserve Battery","floor":24,"key":"SMITH"},{"data":"Defragment","floor":28,"key":"SMITH"},{"data":"Buffer","floor":30,"key":"SMITH"},{"data":"White Noise","floor":32,"key":"SMITH"}],"neow_cost":"NONE","seed_source_timestamp":891368055287400,"circlet_count":0,"master_deck":["Strike_B","Strike_B","Defend_B","Defend_B","Defend_B","Zap+1","Dualcast+1","Machine Learning","Ball Lightning","Streamline+1","Conserve Battery+1","Auto Shields+1","Core Surge","Double Energy","White Noise+1","Cold Snap","Buffer+1","Defragment+1"],"relics":["Cracked Core","Ornamental Fan","Mummified Hand","Coffee Dripper","Sundial","DataDisk","Juzu Bracelet"],"potions_floor_usage":[12,18,18,21,23],"damage_taken":[{"damage":1,"enemies":"Jaw Worm","floor":1,"turns":3},{"damage":0,"enemies":"Cultist","floor":3,"turns":3},{"damage":0,"enemies":"Small Slimes","floor":4,"turns":3},{"damage":1,"enemies":"3 Louse","floor":5,"turns":3},{"damage":1,"enemies":"Large Slime","floor":7,"turns":4},{"damage":8,"enemies":"Looter","floor":11,"turns":3},{"damage":7,"enemies":"Lagavulin","floor":12,"turns":4},{"damage":1,"enemies":"Exordium Thugs","floor":14,"turns":3},{"damage":22,"enemies":"The Guardian","floor":16,"turns":10},{"damage":5,"enemies":"2 Thieves","floor":18,"turns":3},{"damage":0,"enemies":"Spheric Guardian","floor":20,"turns":3},{"damage":4,"enemies":"Centurion and Healer","floor":21,"turns":6},{"damage":0,"enemies":"Sentry and Sphere","floor":22,"turns":4},{"damage":37,"enemies":"Gremlin Leader","floor":23,"turns":11},{"damage":0,"enemies":"Snecko","floor":31,"turns":4},{"damage":24,"enemies":"Collector","floor":33,"turns":2}],"seed_played":"-2964951536608021473","potions_obtained":[{"floor":1,"key":"SpeedPotion"},{"floor":7,"key":"SteroidPotion"},{"floor":11,"key":"Block Potion"},{"floor":12,"key":"SteroidPotion"},{"floor":20,"key":"Poison Potion"},{"floor":22,"key":"FearPotion"},{"floor":31,"key":"FearPotion"}],"is_trial":false,"path_per_floor":["M","$","M","M","M","R","M","R","T","?","M","E","R","M","R","B",null,"M","?","M","M","M","E","R","$","T","$","R","?","R","M","R","B"],"character_chosen":"DEFECT","items_purchased":["DataDisk","Defragment"],"campfire_rested":0,"item_purchase_floors":[25,27],"current_hp_per_floor":[74,74,74,74,73,73,72,72,72,61,53,46,46,45,45,23,75,70,56,56,52,52,15,15,15,15,15,15,15,15,15,15,0],"gold":20,"neow_bonus":"ONE_RANDOM_RARE_CARD","is_prod":false,"is_daily":false,"chose_seed":false,"campfire_upgraded":8,"win_rate":0,"timestamp":1566807607,"path_taken":["M","$","M","M","M","R","M","R","T","?","M","E","R","M","R","BOSS","M","?","M","?","M","E","R","$","T","$","R","?","R","M","R","BOSS"],"build_version":"2019-07-17","purchased_purges":3,"victory":false,"max_hp_per_floor":[75,75,75,75,75,75,75,75,75,75,75,75,75,75,75,75,75,75,75,75,75,75,75,75,75,75,75,75,75,75,75,75,75],"card_choices":[{"not_picked":["BootSequence","Scrape"],"picked":"Ball Lightning","floor":1},{"not_picked":["Gash","Rip and Tear","Lockon"],"picked":"SKIP","floor":3},{"not_picked":["Aggregate","Rebound"],"picked":"Streamline","floor":4},{"not_picked":["Loop","Barrage"],"picked":"Conserve Battery","floor":5},{"not_picked":["Steam Power","Gash","Go for the Eyes"],"picked":"SKIP","floor":7},{"not_picked":["Cold Snap","Steam Power","Force Field"],"picked":"SKIP","floor":11},{"not_picked":["Sweeping Beam","Undo"],"picked":"Auto Shields","floor":12},{"not_picked":["Genetic Algorithm","Auto Shields","Sweeping Beam"],"picked":"SKIP","floor":14},{"not_picked":["Rainbow","Thunder Strike"],"picked":"Core Surge","floor":16},{"not_picked":["Steam Power+1","Hologram+1","Turbo"],"picked":"SKIP","floor":18},{"not_picked":["Sweeping Beam+1","Go for the Eyes"],"picked":"Double Energy","floor":20},{"not_picked":["Compile Driver+1","Undo"],"picked":"White Noise","floor":21},{"not_picked":["Steam+1","Leap"],"picked":"Cold Snap","floor":22},{"not_picked":["Barrage","Go for the Eyes+1"],"picked":"Buffer","floor":23},{"not_picked":["Sweeping Beam","Hologram","Gash"],"picked":"SKIP","floor":31}],"player_experience":293649,"relics_obtained":[{"floor":9,"key":"Ornamental Fan"},{"floor":12,"key":"Mummified Hand"},{"floor":23,"key":"Sundial"},{"floor":26,"key":"Juzu Bracelet"}],"event_choices":[{"damage_healed":0,"gold_gain":75,"player_choice":"Gather Gold","damage_taken":11,"max_hp_gain":0,"max_hp_loss":0,"event_name":"World of Goop","floor":10,"gold_loss":0},{"damage_healed":0,"gold_gain":90,"player_choice":"GOLD ","damage_taken":14,"max_hp_gain":0,"max_hp_loss":0,"event_name":"Knowing Skull","floor":19,"potions_obtained":[],"gold_loss":0,"cards_obtained":[]},{"damage_healed":0,"gold_gain":0,"player_choice":"Paid Fearfully","damage_taken":0,"max_hp_gain":0,"max_hp_loss":0,"event_name":"Masked Bandits","floor":29,"gold_loss":60}],"is_beta":false,"boss_relics":[{"not_picked":["FrozenCore","Black Star"],"picked":"Coffee Dripper"}],"items_purged_floors":[2,25,27],"is_endless":false,"potions_floor_spawned":[1,7,11,12,14,20,22,31],"killed_by":"Collector","ascension_level":0}