{"gold_per_floor":[139,150,164,239,87,87,98,98,98,124,124,124,74,127,139,249,261,285,297,62,78,3,30,30,30,57,72,72,87,115,16,16,112,112,131,131,147,19,119,148,160,160,160,160,180,190,221,239,239,239,239,239,42,75,75],"floor_reached":56,"playtime":4233,"items_purged":["Strike_B"],"score":1193,"play_id":"dfa85ab8-b51c-4b20-8d0a-aa68caffa627","local_time":"20190204160829","is_ascension_mode":false,"campfire_choices":[{"data":"Dualcast","floor":6.0,"key":"SMITH"},{"data":"Zap","floor":8.0,"key":"SMITH"},{"floor":12.0,"key":"REST"},{"data":"Defragment","floor":15.0,"key":"SMITH"},{"data":"Creative AI","floor":25.0,"key":"SMITH"},{"data":"Creative AI","floor":28.0,"key":"SMITH"},{"data":"Loop","floor":32.0,"key":"SMITH"},{"data":"Chill","floor":42.0,"key":"SMITH"},{"data":"Dark Shackles","floor":44.0,"key":"SMITH"},{"floor":49.0,"key":"RECALL"},{"data":"Hologram","floor":52,"key":"SMITH"}],"neow_cost":"NONE","seed_source_timestamp":0,"circlet_count":0,"master_deck":["Defend_B","Defend_B","Zap+1","Dualcast+1","Hologram+1","Capacitor","Ball Lightning+1","Defragment+1","Chill+1","Ball Lightning+1","Creative AI+1","Redo+1","Creative AI+1","Dark Shackles+1","Sunder+1","Recycle+1","BootSequence+1","Hologram+1","Leap+1","Loop+1","Amplify+1","Heatsinks+1","Darkness+1","Force Field+1","Madness+1","Madness+1","Glacier+1","Glacier+1","Leap+1","Double Energy+1","Stack+1","Skim+1","Recycle+1","Double Energy+1"],"special_seed":0,"relics":["Cracked Core","Tiny Chest","Meat on the Bone","Pocketwatch","Letter Opener","MawBank","Coffee Dripper","Toxic Egg 2","Shuriken","Whetstone","Dream Catcher","Astrolabe","Calipers","Potion Belt","Bronze Scales","Runic Capacitor","Art of War"],"potions_floor_usage":[55,55,55,55],"damage_taken":[{"damage":0.0,"enemies":"Cultist","floor":1.0,"turns":4.0},{"damage":0.0,"enemies":"2 Louse","floor":2.0,"turns":2.0},{"damage":6.0,"enemies":"Jaw Worm","floor":3.0,"turns":3.0},{"damage":17.0,"enemies":"Exordium Thugs","floor":7.0,"turns":4.0},{"damage":15.0,"enemies":"Lagavulin","floor":10.0,"turns":4.0},{"damage":1.0,"enemies":"The Guardian","floor":16.0,"turns":9.0},{"damage":5.0,"enemies":"3 Byrds","floor":18.0,"turns":3.0},{"damage":3.0,"enemies":"Chosen","floor":21.0,"turns":4.0},{"damage":30.0,"enemies":"Book of Stabbing","floor":23.0,"turns":5.0},{"damage":22.0,"enemies":"Sentry and Sphere","floor":27.0,"turns":4.0},{"damage":0.0,"enemies":"Snake Plant","floor":29.0,"turns":4.0},{"damage":37.0,"enemies":"Slavers","floor":30.0,"turns":4.0},{"damage":12.0,"enemies":"Collector","floor":33.0,"turns":6.0},{"damage":0.0,"enemies":"Orb Walker","floor":35.0,"turns":3.0},{"damage":0.0,"enemies":"3 Shapes","floor":37.0,"turns":4.0},{"damage":0.0,"enemies":"Mind Bloom Boss Battle","floor":39.0,"turns":5.0},{"damage":18.0,"enemies":"Reptomancer","floor":40.0,"turns":9.0},{"damage":0.0,"enemies":"Jaw Worm Horde","floor":41.0,"turns":3.0},{"damage":0.0,"enemies":"Spire Growth","floor":45.0,"turns":4.0},{"damage":0.0,"enemies":"4 Shapes","floor":46.0,"turns":4.0},{"damage":7.0,"enemies":"Giant Head","floor":47.0,"turns":6.0},{"damage":0.0,"enemies":"3 Darklings","floor":48.0,"turns":4.0},{"damage":20.0,"enemies":"Awakened One","floor":50.0,"turns":9.0},{"damage":51,"enemies":"Shield and Spear","floor":54,"turns":13},{"damage":29,"enemies":"The Heart","floor":55,"turns":7}],"seed_played":"522964502592006150","potions_obtained":[{"floor":7.0,"key":"SkillPotion"},{"floor":18.0,"key":"Strength Potion"},{"floor":27.0,"key":"Fire Potion"},{"floor":35.0,"key":"FocusPotion"},{"floor":41.0,"key":"Swift Potion"},{"floor":45.0,"key":"Block Potion"},{"floor":48.0,"key":"SteroidPotion"},{"floor":54,"key":"EssenceOfSteel"}],"is_trial":false,"path_per_floor":["M","M","M","?","$","R","M","R","T","E","?","R","?","T","R","B",null,"M","?","$","M","?","E","$","R","T","M","R","M","E","$","R","B",null,"M","?","M","$","?","E","M","R","T","R","M","M","E","M","R","B",null,"R","$","E","B",null],"character_chosen":"DEFECT","items_purchased":["Defragment","Toxic Egg 2","Leap+1","Loop","Glacier+1","SkillPotion","Runic Capacitor"],"campfire_rested":1,"item_purchase_floors":[5,20,31,31,38,38,53],"current_hp_per_floor":[75,75,69,58,58,58,41,41,41,38,20,42,42,42,42,41,75,70,70,70,67,67,49,49,49,49,39,39,39,14,14,14,14,75,75,66,66,66,66,48,48,48,48,48,48,48,41,41,41,33,75,75,75,36,19],"gold":75,"neow_bonus":"RANDOM_COMMON_RELIC","is_prod":false,"is_daily":false,"chose_seed":false,"campfire_upgraded":9,"win_rate":0,"timestamp":1549264109,"path_taken":["M","?","M","?","$","R","M","R","T","E","?","R","?","?","R","BOSS","M","?","?","M","?","E","$","R","T","M","R","M","E","$","R","BOSS","M","?","M","$","?","E","M","R","T","R","M","M","E","M","R","BOSS","R","$","E","BOSS"],"build_version":"2019-01-23","purchased_purges":1,"victory":true,"max_hp_per_floor":[75,75,75,75,75,75,75,75,75,75,75,75,75,75,75,75,75,75,75,75,75,75,75,75,75,75,75,75,75,75,75,75,75,75,75,75,75,75,75,75,75,75,75,75,75,75,75,75,75,75,75,75,75,75,75],"card_choices":[{"not_picked":["Redo","Turbo"],"picked":"Hologram","floor":1.0},{"not_picked":["Heatsinks","Defragment"],"picked":"Capacitor","floor":2.0},{"not_picked":["Beam Cell","Hologram"],"picked":"Ball Lightning","floor":3.0},{"not_picked":["Fusion","Sweeping Beam"],"picked":"Chill","floor":7.0},{"not_picked":["Beam Cell","Stack"],"picked":"Ball Lightning","floor":10.0},{"not_picked":["Echo Form","Electrodynamics"],"picked":"Creative AI","floor":16.0},{"not_picked":["Blizzard+1","Hello World"],"picked":"Redo+1","floor":18.0},{"not_picked":["Double Energy+1","Stack+1"],"picked":"Sunder+1","floor":21.0},{"not_picked":["Reprogram+1","Steam Power+1"],"picked":"Recycle+1","floor":23.0},{"not_picked":["Blizzard","Turbo+1"],"picked":"BootSequence+1","floor":27.0},{"not_picked":["Rebound","Melter","Sweeping Beam+1"],"picked":"SKIP","floor":29.0},{"not_picked":["BootSequence+1","Sweeping Beam+1"],"picked":"Hologram+1","floor":30.0},{"not_picked":["Electrodynamics","Core Surge"],"picked":"Amplify+1","floor":33.0},{"not_picked":["Beam Cell","Compile Driver","Barrage+1"],"picked":"SKIP","floor":35.0},{"not_picked":["White Noise+1","Darkness+1"],"picked":"Glacier+1","floor":37.0},{"not_picked":["Storm","Coolheaded+1"],"picked":"Leap+1","floor":39.0},{"not_picked":["Echo Form","Aggregate+1"],"picked":"Double Energy+1","floor":40.0},{"not_picked":["Undo+1","Redo+1"],"picked":"Stack+1","floor":41.0},{"not_picked":["Doom and Gloom","Rebound"],"picked":"Skim+1","floor":45.0},{"not_picked":["Streamline","Turbo+1","Sweeping Beam+1"],"picked":"SKIP","floor":46.0},{"not_picked":["Beam Cell","Tempest+1"],"picked":"Recycle+1","floor":47.0},{"not_picked":["Gash+1","Turbo+1","Ball Lightning+1"],"picked":"SKIP","floor":48.0},{"not_picked":["Rebound+1","Rip and Tear"],"picked":"Double Energy+1","floor":54}],"player_experience":127040,"relics_obtained":[{"floor":9.0,"key":"Meat on the Bone"},{"floor":10.0,"key":"Pocketwatch"},{"floor":14.0,"key":"MawBank"},{"floor":23.0,"key":"Shuriken"},{"floor":26.0,"key":"Whetstone"},{"floor":30.0,"key":"Dream Catcher"},{"floor":39.0,"key":"Calipers"},{"floor":40.0,"key":"Potion Belt"},{"floor":47.0,"key":"Bronze Scales"},{"floor":54,"key":"Art of War"}],"event_choices":[{"damage_healed":0.0,"max_hp_gain":0.0,"max_hp_loss":0.0,"gold_gain":75.0,"event_name":"World of Goop","player_choice":"Gather Gold","floor":4.0,"gold_loss":0.0,"damage_taken":11.0},{"damage_healed":0.0,"max_hp_gain":0.0,"max_hp_loss":0.0,"gold_gain":0.0,"event_name":"Scrap Ooze","player_choice":"Success","floor":11.0,"gold_loss":0.0,"damage_taken":18.0,"relics_obtained":["Letter Opener"]},{"cards_removed":["Strike_B"],"damage_healed":0.0,"max_hp_gain":0.0,"max_hp_loss":0.0,"gold_gain":0.0,"event_name":"The Cleric","player_choice":"Card Removal","floor":13.0,"gold_loss":50.0,"damage_taken":0.0},{"damage_healed":0.0,"max_hp_gain":0.0,"max_hp_loss":0.0,"gold_gain":0.0,"event_name":"Match and Keep!","player_choice":"2 cards matched","floor":19.0,"gold_loss":0.0,"damage_taken":0.0,"cards_obtained":["Creative AI","Dark Shackles"]},{"cards_removed":["Strike_B"],"damage_healed":0.0,"max_hp_gain":0.0,"max_hp_loss":0.0,"gold_gain":0.0,"event_name":"Beggar","player_choice":"Gave Gold","floor":22.0,"gold_loss":75.0,"damage_taken":0.0},{"damage_healed":0.0,"max_hp_gain":0.0,"max_hp_loss":0.0,"gold_gain":0.0,"event_name":"Winding Halls","player_choice":"Embrace Madness","floor":36.0,"gold_loss":0.0,"damage_taken":9.0,"cards_obtained":["Madness","Madness"]},{"damage_healed":0.0,"max_hp_gain":0.0,"max_hp_loss":0.0,"gold_gain":0.0,"event_name":"MindBloom","player_choice":"Fight","floor":39.0,"gold_loss":0.0,"damage_taken":0.0}],"is_beta":false,"boss_relics":[{"not_picked":["Lizard Tail","Empty Cage"],"picked":"Coffee Dripper"},{"not_picked":["Tiny House","White Beast Statue"],"picked":"Astrolabe"}],"items_purged_floors":[5],"is_endless":false,"potions_floor_spawned":[7,18,27,35,41,45,48,54],"ascension_level":0}