{"gold_per_floor":[117,131,144,109,71,71,105,117,176,363,375,400,438,485,497,614,626,649,636,563,594,606,618,648,676,713,736,268,268,283,299,299,398,398,418,300,400,413,413,413,424,212,282,300,300,300,300,300,300,300],"floor_reached":50,"playtime":5854,"items_purged":[],"score":577,"play_id":"f0de73eb-34c4-4705-8ddd-3513fb72dec3","local_time":"20190910055041","is_ascension_mode":false,"campfire_choices":[{"data":"Glacier","floor":6,"key":"SMITH"},{"floor":8,"key":"REST"},{"floor":11,"key":"REST"},{"data":"Loop","floor":15,"key":"SMITH"},{"floor":23,"key":"REST"},{"floor":29,"key":"REST"},{"floor":32,"key":"REST"},{"floor":40,"key":"REST"},{"floor":45,"key":"REST"},{"data":"Apotheosis","floor":47,"key":"SMITH"},{"data":"Machine Learning","floor":49,"key":"SMITH"}],"neow_cost":"NONE","seed_source_timestamp":51670857375623,"circlet_count":0,"master_deck":["Strike_B","Strike_B","Strike_B","Strike_B","Defend_B","Defend_B","Defend_B","Defend_B","Zap","Dualcast","Gash","Reinforced Body","Glacier+1","Loop+1","Gash","Doubt","Reprogram","Redo","Gash","All For One","Beam Cell+1","Gash","Melter","Hologram","Stack","Stack+1","Beam Cell","FTL+1","Machine Learning+1","Hologram","BootSequence+1","Electrodynamics","Hologram","Glacier","Hologram","Gash","Reinforced Body","Gash+1","Go for the Eyes+1","Apotheosis+1","Gash","Consume+1","Stack+1","Discovery"],"relics":["Cracked Core","MawBank","Dream Catcher","Oddly Smooth Stone","Mercury Hourglass","Nuclear Battery","Orichalcum","Bag of Marbles","Strawberry","Runic Capacitor","WingedGreaves","Black Star","Calipers","Kunai"],"potions_floor_usage":[],"damage_taken":[{"damage":11,"enemies":"Jaw Worm","floor":1,"turns":3},{"damage":1,"enemies":"2 Louse","floor":2,"turns":3},{"damage":5,"enemies":"Cultist","floor":3,"turns":4},{"damage":40,"enemies":"Gremlin Nob","floor":7,"turns":5},{"damage":7,"enemies":"Red Slaver","floor":12,"turns":6},{"damage":0,"enemies":"3 Sentries","floor":14,"turns":11},{"damage":23,"enemies":"The Guardian","floor":16,"turns":13},{"damage":18,"enemies":"3 Byrds","floor":18,"turns":4},{"damage":11,"enemies":"2 Thieves","floor":19,"turns":5},{"damage":12,"enemies":"Snecko","floor":21,"turns":4},{"damage":0,"enemies":"3 Cultists","floor":24,"turns":4},{"damage":10,"enemies":"Cultist and Chosen","floor":25,"turns":5},{"damage":18,"enemies":"Snecko","floor":27,"turns":6},{"damage":0,"enemies":"Centurion and Healer","floor":30,"turns":6},{"damage":7,"enemies":"Chosen and Byrds","floor":31,"turns":4},{"damage":57,"enemies":"Champ","floor":33,"turns":9},{"damage":35,"enemies":"3 Darklings","floor":35,"turns":5},{"damage":10,"enemies":"Mind Bloom Boss Battle","floor":37,"turns":10},{"damage":5,"enemies":"3 Shapes","floor":38,"turns":3},{"damage":0,"enemies":"3 Darklings","floor":41,"turns":7},{"damage":7,"enemies":"Transient","floor":44,"turns":5},{"damage":84,"enemies":"Awakened One","floor":50,"turns":5}],"seed_played":"2599713204029713349","potions_obtained":[{"floor":3,"key":"SteroidPotion"},{"floor":7,"key":"PowerPotion"},{"floor":19,"key":"AttackPotion"},{"floor":24,"key":"FocusPotion"},{"floor":30,"key":"Ancient Potion"}],"is_trial":false,"path_per_floor":["M","M","M","?","$","R","E","R","T","?","R","M","T","E","R","B",null,"M","M","?","M","?","R","M","M","T","M","$","R","M","M","R","B",null,"M","$","?","M","?","R","M","$","T","M","R","?","R","?","R","B"],"character_chosen":"DEFECT","items_purchased":["Loop","Runic Capacitor","WingedGreaves","Glacier","Hologram","Apotheosis","Gash"],"campfire_rested":7,"item_purchase_floors":[5,28,28,36,36,42,42],"current_hp_per_floor":[71,70,65,82,82,82,42,66,66,66,82,75,75,75,75,52,82,64,53,53,41,41,65,65,55,62,44,44,70,70,63,89,32,89,54,54,44,39,39,65,65,65,65,58,84,84,84,84,84,0],"gold":300,"neow_bonus":"TEN_PERCENT_HP_BONUS","is_prod":false,"is_daily":false,"chose_seed":false,"campfire_upgraded":4,"win_rate":0,"timestamp":1568105441,"path_taken":["M","M","M","?","$","R","E","R","T","?","R","M","?","E","R","BOSS","M","M","?","M","?","R","M","M","T","?","?","R","M","?","R","BOSS","M","$","?","M","?","R","M","$","T","M","R","?","R","?","R","BOSS"],"build_version":"2019-07-17","purchased_purges":0,"victory":false,"max_hp_per_floor":[82,82,82,82,82,82,82,82,82,82,82,82,82,82,82,82,82,82,82,82,82,82,82,82,82,89,89,89,89,89,89,89,89,89,89,89,89,89,89,89,89,89,89,89,89,89,89,89,89,89],"card_choices":[{"not_picked":["Scrape","Stack"],"picked":"Gash","floor":1},{"not_picked":["Fusion","Tempest"],"picked":"Reinforced Body","floor":2},{"not_picked":["Hologram","Blizzard"],"picked":"Glacier","floor":3},{"not_picked":["Heatsinks","Sunder"],"picked":"Gash","floor":7},{"not_picked":["Scrape","Turbo"],"picked":"Reprogram","floor":11},{"not_picked":["Coolheaded","Rebound"],"picked":"Redo","floor":12},{"not_picked":["Undo","Hyperbeam"],"picked":"Gash","floor":14},{"not_picked":["Rainbow","Core Surge"],"picked":"All For One","floor":16},{"not_picked":["Barrage","Sweeping Beam"],"picked":"Beam Cell+1","floor":18},{"not_picked":["Ball Lightning+1","Barrage"],"picked":"Gash","floor":19},{"not_picked":["Chaos","Steam Power+1"],"picked":"Melter","floor":21},{"not_picked":["FTL","Turbo"],"picked":"Hologram","floor":23},{"not_picked":["Barrage","Turbo"],"picked":"Stack","floor":24},{"not_picked":["Steam+1","Force Field"],"picked":"Stack+1","floor":25},{"not_picked":["Rebound","Streamline"],"picked":"Beam Cell","floor":27},{"not_picked":["Scrape","Compile Driver"],"picked":"FTL+1","floor":29},{"not_picked":["Double Energy+1","Barrage"],"picked":"Machine Learning","floor":30},{"not_picked":["Barrage","Consume"],"picked":"Hologram","floor":31},{"not_picked":["Steam Power","Capacitor"],"picked":"BootSequence+1","floor":32},{"not_picked":["Amplify","Reboot"],"picked":"Electrodynamics","floor":33},{"not_picked":["Heatsinks+1","Barrage+1"],"picked":"Hologram","floor":35},{"not_picked":["Scrape+1","Sunder"],"picked":"Gash","floor":37},{"not_picked":["Streamline+1","Cold Snap"],"picked":"Reinforced Body","floor":38},{"not_picked":["Beam Cell","Consume"],"picked":"Gash+1","floor":40},{"not_picked":["Fusion+1","Compile Driver+1"],"picked":"Go for the Eyes+1","floor":41},{"not_picked":["Compile Driver","Static Discharge"],"picked":"Consume+1","floor":44},{"not_picked":["Sweeping Beam+1","Redo+1"],"picked":"Stack+1","floor":45},{"not_picked":["Mind Blast","Jack Of All Trades"],"picked":"Discovery","floor":48}],"player_experience":75790,"relics_obtained":[{"floor":7,"key":"MawBank"},{"floor":9,"key":"Dream Catcher"},{"floor":13,"key":"Oddly Smooth Stone"},{"floor":14,"key":"Mercury Hourglass"},{"floor":26,"key":"Strawberry"},{"floor":37,"key":"Calipers"},{"floor":43,"key":"Kunai"}],"event_choices":[{"damage_healed":20,"gold_gain":0,"player_choice":"Healed","damage_taken":0,"max_hp_gain":0,"max_hp_loss":0,"event_name":"The Cleric","floor":4,"gold_loss":35},{"damage_healed":0,"gold_gain":175,"player_choice":"AGREE","damage_taken":0,"max_hp_gain":0,"max_hp_loss":0,"event_name":"Liars Game","floor":10,"gold_loss":0,"cards_obtained":["Doubt"]},{"damage_healed":0,"gold_gain":0,"player_choice":"Obtained Relic","damage_taken":0,"relics_obtained":["Orichalcum"],"max_hp_gain":0,"max_hp_loss":0,"event_name":"Addict","floor":20,"gold_loss":85},{"damage_healed":0,"gold_gain":0,"player_choice":"Gave Potion","damage_taken":0,"relics_obtained":["Bag of Marbles"],"max_hp_gain":0,"max_hp_loss":0,"event_name":"WeMeetAgain","floor":22,"gold_loss":0},{"damage_healed":0,"gold_gain":0,"player_choice":"Fight","damage_taken":0,"max_hp_gain":0,"max_hp_loss":0,"event_name":"MindBloom","floor":37,"gold_loss":0},{"damage_healed":0,"gold_gain":0,"player_choice":"Ignored","damage_taken":0,"max_hp_gain":0,"max_hp_loss":0,"event_name":"Tomb of Lord Red Mask","floor":39,"gold_loss":0},{"damage_healed":0,"gold_gain":0,"player_choice":"Ignored","damage_taken":0,"max_hp_gain":0,"max_hp_loss":0,"event_name":"Mysterious Sphere","floor":46,"gold_loss":0},{"damage_healed":0,"gold_gain":0,"player_choice":"Memory 1","damage_taken":0,"max_hp_gain":0,"max_hp_loss":0,"event_name":"SensoryStone","floor":48,"gold_loss":0}],"is_beta":false,"boss_relics":[{"not_picked":["Runic Dome","FrozenCore"],"picked":"Nuclear Battery"},{"not_picked":["Tiny House","Eternal Feather"],"picked":"Black Star"}],"items_purged_floors":[],"is_endless":false,"potions_floor_spawned":[3,7,19,21,24,30,33,44],"killed_by":"Awakened One","ascension_level":0}