{"path_per_floor":["M","?","M","M","$","R","M","M","T","?","R","M","$","M","R","B",null,"M","M","?","?","T","E","R","E","T","M","?","$","R","?","R","B",null,"M","?","M","M","M","R","M","M","T","R","$","M","E","?","R","B"],"character_chosen":"THE_SILENT","items_purchased":["Toxic Egg 2","Backflip","PiercingWail","War Paint","Finesse"],"gold_per_floor":[117,367,386,398,12,12,26,42,42,68,68,83,38,48,48,145,145,161,180,95,95,95,120,120,145,168,180,180,27,27,27,27,125,125,143,143,157,169,185,185,197,208,238,238,36,55,90,90,90,90],"floor_reached":51,"campfire_rested":2,"playtime":4023,"current_hp_per_floor":[35,35,23,22,22,43,43,43,43,33,33,33,33,28,28,43,70,70,66,66,66,66,65,65,65,65,65,65,65,65,49,70,70,70,61,61,58,58,58,58,58,58,58,58,58,58,58,58,58,59],"items_purged":["Regret","Defend_G"],"gold":90,"play_id":"4ce27b6e-6574-40bc-9b4a-f2c63aad9a6b","is_prod":false,"is_daily":false,"is_ascension_mode":false,"campfire_upgraded":7,"path_taken":["M","?","M","M","$","R","M","M","T","?","R","M","?","M","R","BOSS","M","M","?","?","?","E","R","E","T","?","?","$","R","?","R","BOSS","M","?","?","M","M","R","M","?","T","R","$","M","E","?","R","BOSS"],"build_version":"2018-01-30-BETA2","purchased_purges":3,"victory":true,"master_deck":["Defend_G+1","Defend_G","Survivor+1","Neutralize+1","Backstab+1","Poisoned Stab+1","Backflip+1","Catalyst+1","Backflip+1","Cloak And Dagger+1","PiercingWail+1","Catalyst+1","Adrenaline+1","Catalyst+1","Poisoned Stab+1","Prepared+1","Poisoned Stab+1","Poisoned Stab+1","Night Terror+1","Finisher+1","Accuracy+1","Glass Knife+1","Adrenaline+1","Catalyst+1","Backflip+1","Finesse+1","Noxious Fumes+1","Outmaneuver+1","Crippling Poison+1"],"max_hp_per_floor":[70,70,70,70,70,70,70,70,70,70,70,70,70,70,70,70,70,70,70,70,70,70,70,70,70,70,70,70,70,70,70,70,70,70,70,70,70,70,70,70,70,70,70,70,70,70,70,70,70,70],"relics":["Ring of the Snake","Toxic Egg 2","Paper Crane","Odd Mushroom","Question Card","Orichalcum","Calipers","Bag of Preparation","Shuriken","Bronze Scales","War Paint","Enchiridion","Astrolabe","Tiny Chest","Anchor"],"card_choices":[{"not_picked":["Finisher","Reflex"],"picked":"Backstab"},{"not_picked":["Flying Knee","Dagger Spray"],"picked":"Poisoned Stab"},{"not_picked":["Flying Knee","Escape Plan"],"picked":"Catalyst"},{"not_picked":["Masterful Stab","Prepared"],"picked":"Backflip"},{"not_picked":["Poisoned Stab","Prepared"],"picked":"Cloak And Dagger"},{"not_picked":["Cloak And Dagger","Bouncing Flask"],"picked":"Catalyst"},{"not_picked":["A Thousand Cuts","Unload"],"picked":"Adrenaline"},{"not_picked":["Terror","Quick Slash","Dodge and Roll"],"picked":"Catalyst"},{"not_picked":["Backflip","Cloak And Dagger","Masterful Stab"],"picked":"Prepared"},{"not_picked":["Crippling Poison","Sucker Punch","Quick Slash"],"picked":"Poisoned Stab"},{"not_picked":["Quick Slash","Distraction","Cloak And Dagger"],"picked":"Poisoned Stab"},{"not_picked":["Bullet Time","Wraith Form","Die Die Die"],"picked":"Night Terror"},{"not_picked":["Flying Knee","Outmaneuver","Acrobatics"],"picked":"Catalyst"},{"not_picked":["Finisher","Footwork","Backstab"],"picked":"Backflip"},{"not_picked":["Dagger Throw","Cloak And Dagger","PiercingWail"],"picked":"Noxious Fumes"},{"not_picked":["Underhanded Strike","Skewer","Sucker Punch"],"picked":"Outmaneuver"}],"player_experience":52221,"potions_floor_usage":[8,16,16,18,23,25,46,47,47,50],"damage_taken":[{"damage":0,"enemies":"Jaw Worm","floor":1,"turns":6},{"damage":12,"enemies":"Cultist","floor":3,"turns":6},{"damage":1,"enemies":"2 Louse","floor":4,"turns":4},{"damage":0,"enemies":"2 Fungi Beasts","floor":7,"turns":3},{"damage":0,"enemies":"Gremlin Gang","floor":8,"turns":4},{"damage":10,"enemies":"The Mushroom Lair","floor":10,"turns":6},{"damage":0,"enemies":"Exordium Wildlife","floor":12,"turns":3},{"damage":5,"enemies":"Red Slaver","floor":14,"turns":3},{"damage":0,"enemies":"Hexaghost","floor":16,"turns":8},{"damage":0,"enemies":"Spheric Guardian","floor":18,"turns":4},{"damage":4,"enemies":"3 Byrds","floor":19,"turns":6},{"damage":1,"enemies":"Book of Stabbing","floor":23,"turns":3},{"damage":0,"enemies":"Gremlin Leader","floor":25,"turns":3},{"damage":0,"enemies":"3 Cultists","floor":27,"turns":5},{"damage":0,"enemies":"Champ","floor":33,"turns":4},{"damage":9,"enemies":"3 Shapes","floor":35,"turns":9},{"damage":3,"enemies":"3 Darklings","floor":37,"turns":3},{"damage":0,"enemies":"Maw","floor":38,"turns":3},{"damage":0,"enemies":"Flame Bruiser 2 Orb","floor":39,"turns":4},{"damage":0,"enemies":"3 Darklings","floor":41,"turns":2},{"damage":0,"enemies":"4 Shapes","floor":42,"turns":2},{"damage":0,"enemies":"Sphere and 2 Shapes","floor":46,"turns":5},{"damage":0,"enemies":"Giant Head","floor":47,"turns":2},{"damage":8,"enemies":"Time Eater","floor":50,"turns":3}],"event_choices":[{"event_name":"Golden Shrine","player_choice":"Desecrate","floor":2,"damage_taken":0},{"event_name":"Mushrooms","player_choice":"Fought Mushrooms","floor":10,"damage_taken":0},{"event_name":"Addict","player_choice":"Obtained Relic","floor":20,"damage_taken":0},{"event_name":"The Library","player_choice":"Read","floor":21,"damage_taken":0},{"event_name":"Bonfire Elementals","player_choice":"BASIC","floor":28,"damage_taken":0},{"event_name":"Cursed Tome","player_choice":"Obtained Book","floor":31,"damage_taken":0},{"event_name":"Duplicator","player_choice":"One dupe","floor":36,"damage_taken":0},{"event_name":"Transmorgrifier","player_choice":"Transform","floor":48,"damage_taken":0}],"boss_relics":[{"not_picked":["Orrery","Calling Bell"],"picked":"Question Card"},{"not_picked":["Lizard Tail","Black Star"],"picked":"Astrolabe"}],"potions_floor_spawned":[4,8,10,12,14,19,23,38,42,46,47],"seed_played":"3905953719745011896","ascension_level":0,"is_trial":false}