{"gold_per_floor":[109,128,139,1,1,1,276,84,107,119,160,185,213,258,270,380,392,422,434,85,99,99,99,132,132,132,143,159,159],"floor_reached":29,"playtime":1196,"items_purged":["Regret","Strike_R"],"score":278,"play_id":"a282529b-8e68-4d86-a8ab-e4b2fb7f52cb","local_time":"20190827211134","is_ascension_mode":true,"campfire_choices":[{"data":"Barricade","floor":6,"key":"SMITH"},{"data":"Dual Wield","floor":10,"key":"SMITH"},{"floor":15,"key":"REST"},{"data":"Entrench","floor":23,"key":"SMITH"},{"floor":25,"key":"REST"}],"neow_cost":"NONE","seed_source_timestamp":22808014669000,"circlet_count":0,"master_deck":["Strike_R","Strike_R","Strike_R","Defend_R","Defend_R","Defend_R","Defend_R","Bash","Barricade+1","Uppercut","Perfected Strike","True Grit","Immolate","Pommel Strike","Dual Wield+1","Flame Barrier","Armaments","Clothesline","Immolate","Pommel Strike","Combust","Blood for Blood","Ghostly Armor","Entrench+1","Warcry+1","True Grit+1","Battle Trance"],"relics":["Burning Blood","MawBank","Nunchaku","Girya","Runic Dome","Potion Belt","Calipers"],"potions_floor_usage":[11,14,14,14,24,24,24,27],"damage_taken":[{"damage":1,"enemies":"Cultist","floor":1,"turns":4},{"damage":2,"enemies":"2 Louse","floor":2,"turns":3},{"damage":5,"enemies":"Small Slimes","floor":3,"turns":4},{"damage":22,"enemies":"3 Sentries","floor":11,"turns":5},{"damage":17,"enemies":"Gremlin Gang","floor":12,"turns":3},{"damage":1,"enemies":"Looter","floor":13,"turns":4},{"damage":24,"enemies":"Lagavulin","floor":14,"turns":10},{"damage":82,"enemies":"Hexaghost","floor":16,"turns":12},{"damage":19,"enemies":"3 Byrds","floor":18,"turns":5},{"damage":7,"enemies":"Chosen","floor":21,"turns":4},{"damage":21,"enemies":"Slavers","floor":24,"turns":2},{"damage":33,"enemies":"3 Cultists","floor":27,"turns":4},{"damage":42,"enemies":"Snake Plant","floor":28,"turns":4},{"damage":10,"enemies":"Shelled Parasite and Fungi","floor":29,"turns":2}],"seed_played":"8896850324536600344","potions_obtained":[{"floor":1,"key":"Energy Potion"},{"floor":3,"key":"Ancient Potion"},{"floor":11,"key":"Swift Potion"},{"floor":12,"key":"EntropicBrew"},{"floor":18,"key":"PowerPotion"},{"floor":24,"key":"SneckoOil"}],"is_trial":false,"path_per_floor":["M","M","M","$","?","R","?","$","T","R","E","M","M","E","R","B",null,"M","?","$","M","$","R","E","R","T","M","M","M"],"character_chosen":"IRONCLAD","items_purchased":["Immolate","Pommel Strike","Dual Wield","Combust","Blood for Blood","Ghostly Armor","AttackPotion"],"campfire_rested":2,"item_purchase_floors":[4,8,8,20,20,20,20],"current_hp_per_floor":[80,80,80,80,85,85,85,85,85,85,69,58,63,45,70,7,85,72,64,64,63,63,63,48,73,73,46,10,0],"gold":159,"neow_bonus":"TRANSFORM_CARD","is_prod":false,"is_daily":false,"chose_seed":false,"campfire_upgraded":3,"win_rate":0,"timestamp":1566954694,"path_taken":["M","M","M","?","?","R","?","$","T","R","E","M","?","E","R","BOSS","M","?","$","M","$","R","E","R","T","M","?","?"],"build_version":"2019-07-17","purchased_purges":2,"victory":false,"max_hp_per_floor":[80,80,80,80,85,85,85,85,85,85,85,85,85,85,85,85,85,85,85,85,85,85,85,85,85,85,85,85,85],"card_choices":[{"not_picked":["Iron Wave","Battle Trance"],"picked":"Uppercut","floor":1},{"not_picked":["Dropkick","Twin Strike"],"picked":"Perfected Strike","floor":2},{"not_picked":["Carnage","Body Slam"],"picked":"True Grit","floor":3},{"not_picked":["Wild Strike","Perfected Strike","Fire Breathing"],"picked":"SKIP","floor":11},{"not_picked":["Second Wind","Pommel Strike"],"picked":"Flame Barrier","floor":12},{"not_picked":["Flex","Wild Strike"],"picked":"Armaments","floor":13},{"not_picked":["Sword Boomerang","Anger"],"picked":"Clothesline","floor":14},{"not_picked":["Exhume","Berserk"],"picked":"Immolate","floor":16},{"not_picked":["Sword Boomerang","Warcry"],"picked":"Pommel Strike","floor":18},{"not_picked":["Iron Wave","Feel No Pain"],"picked":"Entrench","floor":21},{"not_picked":["Flex","Rupture"],"picked":"Warcry+1","floor":24},{"not_picked":["Wild Strike","Twin Strike"],"picked":"True Grit+1","floor":27},{"not_picked":["Clothesline","Shrug It Off"],"picked":"Battle Trance","floor":28}],"player_experience":118745,"relics_obtained":[{"floor":9,"key":"MawBank"},{"floor":11,"key":"Nunchaku"},{"floor":14,"key":"Girya"},{"floor":24,"key":"Potion Belt"},{"floor":26,"key":"Calipers"}],"event_choices":[{"damage_healed":0,"gold_gain":0,"player_choice":"Donut","damage_taken":0,"max_hp_gain":5,"max_hp_loss":0,"event_name":"Big Fish","floor":5,"gold_loss":0},{"damage_healed":0,"gold_gain":275,"player_choice":"Desecrate","damage_taken":0,"max_hp_gain":0,"max_hp_loss":0,"event_name":"Golden Shrine","floor":7,"gold_loss":0,"cards_obtained":["Regret"]},{"damage_healed":0,"gold_gain":0,"player_choice":"","damage_taken":8,"max_hp_gain":0,"max_hp_loss":0,"event_name":"Knowing Skull","floor":19,"potions_obtained":[],"gold_loss":0,"cards_obtained":[]}],"is_beta":false,"boss_relics":[{"not_picked":["Runic Cube","Astrolabe"],"picked":"Runic Dome"}],"items_purged_floors":[8,20],"is_endless":false,"potions_floor_spawned":[1,3,11,12,18,21,24],"killed_by":"Shelled Parasite and Fungi","ascension_level":2}