{"gold_per_floor":[111,129,81,81,81,81,111,111,137,137,212,246,262,237,237,341,341,357,323,338,253,288,288,307,307,307,307],"floor_reached":27,"playtime":3097,"items_purged":[],"score":217,"play_id":"3ac347e6-e3fa-48e1-8abc-eec83652dca8","local_time":"20190908224059","is_ascension_mode":false,"campfire_choices":[{"floor":6,"key":"REST"},{"floor":8,"key":"REST"},{"floor":15,"key":"REST"},{"floor":23,"key":"REST"},{"floor":25,"key":"REST"}],"neow_cost":"NONE","seed_source_timestamp":25671543057850,"circlet_count":0,"master_deck":["Strike_B+1","Strike_B","Strike_B","Strike_B+1","Defend_B","Defend_B","Defend_B","Defend_B","Zap","Dualcast","Ball Lightning","Redo","Ball Lightning","Leap","Loop","Beam Cell+1","Conserve Battery","All For One+1","Capacitor","Loop","Conserve Battery","Sweeping Beam+1","Sweeping Beam+1"],"relics":["Cracked Core","Molten Egg 2","Whetstone","Ginger","Runic Pyramid","Boot","Red Mask","Shuriken"],"potions_floor_usage":[24,24,24],"damage_taken":[{"damage":6,"enemies":"Jaw Worm","floor":1,"turns":3},{"damage":0,"enemies":"2 Louse","floor":2,"turns":2},{"damage":30,"enemies":"Lagavulin","floor":7,"turns":6},{"damage":17,"enemies":"3 Sentries","floor":12,"turns":5},{"damage":8,"enemies":"Small Slimes","floor":13,"turns":2},{"damage":49,"enemies":"Hexaghost","floor":16,"turns":9},{"damage":21,"enemies":"2 Thieves","floor":18,"turns":4},{"damage":5,"enemies":"Chosen","floor":20,"turns":4},{"damage":55,"enemies":"Masked Bandits","floor":22,"turns":5},{"damage":16,"enemies":"Centurion and Healer","floor":24,"turns":5},{"damage":34,"enemies":"Book of Stabbing","floor":27,"turns":5}],"seed_played":"8792635231987174512","potions_obtained":[{"floor":2,"key":"SkillPotion"},{"floor":12,"key":"AttackPotion"},{"floor":20,"key":"AttackPotion"}],"is_trial":false,"path_per_floor":["M","M","$","?","$","R","E","R","T","?","?","E","M","$","R","B",null,"M","$","M","?","?","R","M","R","T","E"],"character_chosen":"DEFECT","items_purchased":["Ball Lightning","Conserve Battery","Loop"],"campfire_rested":5,"item_purchase_floors":[3,14,19],"current_hp_per_floor":[76,76,76,76,76,82,52,76,76,76,65,48,40,40,64,15,82,61,61,56,56,1,25,9,33,33,0],"gold":307,"neow_bonus":"TEN_PERCENT_HP_BONUS","is_prod":false,"is_daily":false,"chose_seed":false,"campfire_upgraded":0,"win_rate":0.0,"timestamp":1567993259,"path_taken":["M","M","$","?","$","R","E","R","T","?","?","E","M","?","R","BOSS","M","$","M","?","?","R","?","R","T","E"],"build_version":"2019-07-17","purchased_purges":0,"victory":false,"max_hp_per_floor":[82,82,82,82,82,82,82,82,82,82,82,82,82,82,82,82,82,82,82,82,82,82,82,82,82,82,82],"card_choices":[{"not_picked":["Hologram","Conserve Battery"],"picked":"Ball Lightning","floor":1},{"not_picked":["Hologram","Cold Snap"],"picked":"Redo","floor":2},{"not_picked":["Redo","Fusion"],"picked":"Leap","floor":7},{"not_picked":["Creative AI","Hologram"],"picked":"Loop","floor":12},{"not_picked":["Go for the Eyes+1","Heatsinks"],"picked":"Beam Cell+1","floor":13},{"not_picked":["Rainbow","Amplify"],"picked":"All For One+1","floor":16},{"not_picked":["Hologram","Skim"],"picked":"Capacitor","floor":18},{"not_picked":["Leap","Hologram"],"picked":"Conserve Battery","floor":20},{"not_picked":["Genetic Algorithm","Loop"],"picked":"Sweeping Beam+1","floor":22},{"not_picked":["Beam Cell+1","Reprogram"],"picked":"Sweeping Beam+1","floor":24}],"player_experience":10420,"relics_obtained":[{"floor":7,"key":"Molten Egg 2"},{"floor":9,"key":"Whetstone"},{"floor":12,"key":"Ginger"},{"floor":22,"key":"Red Mask"},{"floor":26,"key":"Shuriken"}],"event_choices":[{"damage_healed":0,"gold_gain":0,"player_choice":"Leave","damage_taken":0,"max_hp_gain":0,"max_hp_loss":0,"event_name":"The Cleric","floor":4,"gold_loss":0},{"damage_healed":0,"gold_gain":0,"player_choice":"Ignored","damage_taken":0,"max_hp_gain":0,"max_hp_loss":0,"event_name":"Liars Game","floor":10,"gold_loss":0},{"damage_healed":0,"gold_gain":75,"player_choice":"Gather Gold","damage_taken":11,"max_hp_gain":0,"max_hp_loss":0,"event_name":"World of Goop","floor":11,"gold_loss":0},{"damage_healed":0,"gold_gain":0,"player_choice":"Obtained Relic","damage_taken":0,"relics_obtained":["Boot"],"max_hp_gain":0,"max_hp_loss":0,"event_name":"Addict","floor":21,"gold_loss":85},{"damage_healed":0,"gold_gain":0,"player_choice":"Fought Bandits","damage_taken":0,"max_hp_gain":0,"max_hp_loss":0,"event_name":"Masked Bandits","floor":22,"gold_loss":0}],"is_beta":false,"boss_relics":[{"not_picked":["Sozu","Orrery"],"picked":"Runic Pyramid"}],"items_purged_floors":[],"is_endless":false,"potions_floor_spawned":[2,12,20],"killed_by":"Book of Stabbing","ascension_level":0}