{"gold_per_floor":[119,134,14,29,29,61,74,74,74,136,136,136,152,152,152,249,279,289,41,61,78,78,78,92,92,92,121,149,149,178,26,26,125,125,141,157,157,257,273,290,290,318,318,35,35,70,22,38,38,38],"floor_reached":51,"playtime":1925,"items_purged":["Infinite Blades+1"],"score":868,"play_id":"cdafc4ca-7c3d-4e88-aaad-b193e6660b94","local_time":"20180711120944","is_ascension_mode":false,"campfire_choices":[{"data":"Underhanded Strike","floor":8,"key":"SMITH"},{"floor":11,"key":"REST"},{"data":"Dagger Throw","floor":15,"key":"SMITH"},{"data":"Underhanded Strike","floor":23,"key":"SMITH"},{"floor":25,"key":"REST"},{"data":"Underhanded Strike","floor":29,"key":"SMITH"},{"data":"Acrobatics","floor":32,"key":"SMITH"},{"floor":41,"key":"REST"},{"data":"Prepared","floor":45,"key":"SMITH"},{"data":"Prepared","floor":49,"key":"SMITH"}],"neow_cost":"NONE","seed_source_timestamp":2453589384119541,"circlet_count":0,"master_deck":["Survivor+1","Neutralize","Dagger Throw+1","Underhanded Strike+1","Prepared+1","Unload","Prepared+1","Finisher+1","Underhanded Strike+1","Acrobatics+1","Envenom+1","Underhanded Strike+1","Underhanded Strike+1","Dagger Throw+1","Eviscerate+1","Masterful Stab+1","Dagger Throw+1","Tools of the Trade+1","Flying Knee+1","Escape Plan","Underhanded Strike+1","Deflect","Finisher+1","Deflect","Slice+1","PiercingWail","Backflip","Escape Plan","Dagger Throw+1","Underhanded Strike+1","Underhanded Strike+1","Dagger Throw+1","Underhanded Strike+1","Quick Slash+1","Well Laid Plans+1"],"relics":["Ring of the Snake","Lantern","Mummified Hand","Shuriken","Frozen Egg 2","Tiny House","Molten Egg 2","Thread and Needle","Ginger","Red Mask","Pantograph","Snake Skull","Pandora\u0027s Box","Boot","Sundial","Lee\u0027s Waffle","Prayer Wheel"],"potions_floor_usage":[10,10,16,28,28,30,33,33,33,33,33,40,40,42,42,50],"damage_taken":[{"damage":1,"enemies":"Cultist","floor":1,"turns":4},{"damage":0,"enemies":"Jaw Worm","floor":2,"turns":4},{"damage":0,"enemies":"Small Slimes","floor":4,"turns":2},{"damage":41,"enemies":"Lagavulin","floor":6,"turns":7},{"damage":2,"enemies":"Blue Slaver","floor":7,"turns":3},{"damage":24,"enemies":"Lagavulin Event","floor":10,"turns":4},{"damage":10,"enemies":"Large Slime","floor":13,"turns":5},{"damage":29,"enemies":"Slime Boss","floor":16,"turns":7},{"damage":0,"enemies":"Chosen","floor":18,"turns":1},{"damage":10,"enemies":"2 Thieves","floor":20,"turns":2},{"damage":5,"enemies":"Cultist and Chosen","floor":21,"turns":3},{"damage":15,"enemies":"Snake Plant","floor":24,"turns":2},{"damage":13,"enemies":"Slavers","floor":27,"turns":4},{"damage":0,"floor":28,"turns":3},{"damage":0,"enemies":"Gremlin Leader","floor":30,"turns":4},{"damage":36,"enemies":"Champ","floor":33,"turns":7},{"damage":17,"enemies":"3 Shapes","floor":35,"turns":3},{"damage":0,"enemies":"Flame Bruiser 1 Orb","floor":36,"turns":2},{"damage":7,"enemies":"3 Darklings","floor":39,"turns":3},{"damage":8,"enemies":"4 Shapes","floor":40,"turns":3},{"damage":19,"enemies":"2 Orb Walkers","floor":42,"turns":3},{"damage":8,"enemies":"Giant Head","floor":46,"turns":3},{"damage":0,"enemies":"Sphere and 2 Shapes","floor":48,"turns":2},{"damage":47,"enemies":"Time Eater","floor":50,"turns":7}],"seed_played":"-6849050299271654914","potions_obtained":[{"floor":1,"key":"Regen Potion"},{"floor":7,"key":"Energy Potion"},{"floor":10,"key":"GamblersBrew"},{"floor":13,"key":"EssenceOfSteel"},{"floor":17,"key":"EntropicBrew"},{"floor":18,"key":"SteroidPotion"},{"floor":28,"key":"Explosive Potion"},{"floor":30,"key":"Strength Potion"},{"floor":35,"key":"FearPotion"},{"floor":40,"key":"SkillPotion"},{"floor":42,"key":"GhostInAJar"}],"is_trial":false,"path_per_floor":["M","M","$","M","?","E","M","R","T","?","R","?","M","?","R","B",null,"M","$","M","M","?","R","M","R","T","E","?","R","E","$","R","B",null,"M","M","?","?","M","M","R","E","T","$","R","E","$","M","R","B"],"character_chosen":"THE_SILENT","items_purchased":["Prepared","Unload","Molten Egg 2","Snake Skull","Lee\u0027s Waffle","Underhanded Strike+1"],"campfire_rested":3,"item_purchase_floors":[3,3,19,31,44,47],"current_hp_per_floor":[69,69,69,69,69,28,26,26,26,14,35,35,25,70,70,41,75,75,75,65,60,46,46,31,55,55,42,42,42,42,42,42,31,80,63,63,63,63,56,48,72,53,53,87,87,79,79,79,79,40],"gold":38,"neow_bonus":"RANDOM_COMMON_RELIC","is_prod":false,"is_daily":false,"chose_seed":false,"campfire_upgraded":7,"win_rate":0,"timestamp":1531328984,"path_taken":["M","M","?","M","?","E","M","R","T","?","R","?","?","?","R","BOSS","M","$","M","M","?","R","?","R","T","E","?","R","E","$","R","BOSS","M","M","?","?","M","M","R","E","T","$","R","E","$","M","R","BOSS"],"build_version":"2018-07-10","purchased_purges":1,"victory":true,"max_hp_per_floor":[70,70,70,70,70,70,70,70,70,70,70,70,70,70,70,70,75,75,75,75,75,80,80,80,80,80,80,80,80,80,80,80,80,80,80,80,80,80,80,80,80,80,80,87,87,87,87,87,87,87],"card_choices":[{"not_picked":["Escape Plan","Reflex"],"picked":"Dagger Throw","floor":1},{"not_picked":["Malaise","Outmaneuver"],"picked":"Underhanded Strike","floor":2},{"not_picked":["Deadly Poison","Dagger Spray"],"picked":"Prepared","floor":4},{"not_picked":["Bullet Time","Dash"],"picked":"Finisher","floor":6},{"not_picked":["Slice","PiercingWail"],"picked":"Underhanded Strike","floor":7},{"not_picked":["Dagger Spray","Sucker Punch"],"picked":"Acrobatics","floor":10},{"not_picked":["Prepared","Bane"],"picked":"Riddle With Holes","floor":13},{"not_picked":["After Image+1","Corpse Explosion"],"picked":"Envenom+1","floor":16},{"not_picked":["Flying Knee","Reflex"],"picked":"Underhanded Strike","floor":17},{"not_picked":["Infinite Blades+1","Slice"],"picked":"Underhanded Strike","floor":18},{"not_picked":["Masterful Stab+1","Acrobatics"],"picked":"Dagger Throw+1","floor":20},{"not_picked":["Backflip","Flying Knee+1","Infinite Blades+1"],"picked":"SKIP","floor":21},{"not_picked":["Underhanded Strike+1","Backstab+1"],"picked":"Eviscerate+1","floor":24},{"not_picked":["Blur","Grand Finale+1"],"picked":"Masterful Stab+1","floor":27},{"not_picked":["Prepared","Poisoned Stab+1"],"picked":"Dagger Throw+1","floor":28},{"not_picked":["Flechettes+1","Prepared","Deflect"],"picked":"SKIP","floor":30},{"not_picked":["Storm of Steel","Phantasmal Killer"],"picked":"Tools of the Trade+1","floor":33},{"not_picked":["Deflect+1","Backflip"],"picked":"Escape Plan","floor":35},{"not_picked":["Footwork+1","Backflip"],"picked":"Dagger Throw+1","floor":36},{"not_picked":["Acrobatics","Slice+1","Cloak And Dagger+1"],"picked":"SKIP","floor":39},{"not_picked":["PiercingWail","Dagger Spray+1"],"picked":"Underhanded Strike+1","floor":40},{"not_picked":["Skewer+1","Choke+1"],"picked":"Underhanded Strike+1","floor":42},{"not_picked":["Flechettes+1","Eviscerate+1"],"picked":"Dagger Throw+1","floor":46},{"not_picked":["Poisoned Stab+1","Deflect+1"],"picked":"Quick Slash+1","floor":48},{"not_picked":["Malaise+1","PiercingWail+1"],"picked":"Well Laid Plans+1","floor":48}],"player_experience":202732,"relics_obtained":[{"floor":6,"key":"Mummified Hand"},{"floor":9,"key":"Shuriken"},{"floor":10,"key":"Frozen Egg 2"},{"floor":26,"key":"Thread and Needle"},{"floor":27,"key":"Ginger"},{"floor":28,"key":"Red Mask"},{"floor":30,"key":"Pantograph"},{"floor":42,"key":"Boot"},{"floor":43,"key":"Sundial"},{"floor":46,"key":"Prayer Wheel"}],"event_choices":[{"event_name":"Living Wall","player_choice":"Grow","floor":5,"damage_taken":0},{"event_name":"Dead Adventurer","player_choice":"Searched \u00272\u0027 times","floor":10,"damage_taken":0},{"event_name":"Upgrade Shrine","player_choice":"Upgraded","floor":12,"damage_taken":0},{"event_name":"Bonfire Elementals","player_choice":"UNCOMMON","floor":14,"damage_taken":0},{"event_name":"Forgotten Altar","player_choice":"Shed Blood","floor":22,"damage_taken":0},{"event_name":"Masked Bandits","player_choice":"Fought over 121 gold","floor":28,"damage_taken":0},{"event_name":"SensoryStone","player_choice":"Memory 1","floor":37,"damage_taken":0},{"event_name":"Golden Shrine","player_choice":"Pray","floor":38,"damage_taken":0}],"boss_relics":[{"not_picked":["White Beast Statue","HoveringKite"],"picked":"Tiny House"},{"not_picked":["Sozu","Lizard Tail"],"picked":"Pandora\u0027s Box"}],"items_purged_floors":[44],"is_endless":false,"potions_floor_spawned":[1,7,10,13,18,20,28,30,35,40,42],"ascension_level":0}