{"gold_per_floor":[115,115,36,211,55,55,55,55,55,74,107,130,163,16,16,137,137,153,153,75,91,110,110,150,150],"floor_reached":25,"playtime":671,"items_purged":["Doubt"],"score":242,"play_id":"e1572c27-fece-4327-a37c-e6b3382f2613","local_time":"20181130024558","is_ascension_mode":false,"campfire_choices":[{"data":"Discovery","floor":6,"key":"SMITH"},{"data":"Zap","floor":8,"key":"SMITH"},{"floor":15,"key":"REST"},{"data":"Echo Form","floor":23,"key":"SMITH"}],"neow_cost":"NONE","seed_source_timestamp":1221820718379614,"circlet_count":0,"master_deck":["Defend_B","Defend_B","Defend_B","Defend_B","Zap+1","Dualcast","Self Repair+1","Static Discharge","Discovery+1","Ball Lightning","Static Discharge","Loop","Electrodynamics","BootSequence","Echo Form+1","Steam Power+1","Bite","Bite","Bite","Bite","Bite","Heatsinks","Static Discharge","Capacitor"],"relics":["Cracked Core","Dream Catcher","Golden Idol","Pantograph","Regal Pillow","Odd Mushroom","White Beast Statue","Molten Egg 2"],"potions_floor_usage":[13,21,24,24,24,25],"damage_taken":[{"damage":7,"enemies":"Small Slimes","floor":1,"turns":3},{"damage":11,"enemies":"2 Louse","floor":10,"turns":2},{"damage":31,"enemies":"3 Sentries","floor":11,"turns":4},{"damage":11,"enemies":"Jaw Worm","floor":12,"turns":3},{"damage":22,"enemies":"The Mushroom Lair","floor":13,"turns":3},{"damage":54,"enemies":"Hexaghost","floor":16,"turns":8},{"damage":17,"enemies":"Shell Parasite","floor":18,"turns":4},{"damage":16,"enemies":"3 Byrds","floor":21,"turns":3},{"damage":26,"enemies":"Centurion and Healer","floor":22,"turns":5},{"damage":39,"enemies":"Book of Stabbing","floor":24,"turns":4},{"damage":31,"enemies":"3 Cultists","floor":25,"turns":3}],"seed_played":"5099258889042642626","potions_obtained":[{"floor":1,"key":"LiquidBronze"},{"floor":13,"key":"Strength Potion"},{"floor":18,"key":"AttackPotion"},{"floor":21,"key":"Poison Potion"},{"floor":22,"key":"FocusPotion"},{"floor":24,"key":"Weak Potion"}],"is_trial":false,"path_per_floor":["M","?","$","?","$","R","?","R","T","M","E","M","?","$","R","B",null,"M","?","$","M","M","R","E","M"],"character_chosen":"DEFECT","items_purchased":["Static Discharge","Discovery","Electrodynamics","Heatsinks"],"campfire_rested":1,"item_purchase_floors":[3,5,14,20],"current_hp_per_floor":[68,50,50,50,50,50,50,50,50,49,28,27,15,15,52,31,75,68,52,52,50,46,46,23,0],"gold":150,"neow_bonus":"RANDOM_COMMON_RELIC","is_prod":false,"is_daily":false,"chose_seed":false,"campfire_upgraded":3,"win_rate":0,"timestamp":1543567558,"path_taken":["M","?","$","?","$","R","?","R","T","?","E","M","?","?","R","BOSS","M","?","$","M","M","R","E","M"],"build_version":"2018-11-15","purchased_purges":1,"victory":false,"max_hp_per_floor":[75,75,75,75,75,75,75,75,75,75,75,75,75,75,75,75,75,75,52,52,52,52,52,52,52],"card_choices":[{"not_picked":["Gash","Coolheaded"],"picked":"Self Repair","floor":1},{"not_picked":["Rebound","Hologram"],"picked":"Ball Lightning","floor":10},{"not_picked":["Leap","Beam Cell"],"picked":"Static Discharge","floor":11},{"not_picked":["Meteor Strike","Hologram","Skim"],"picked":"SKIP","floor":12},{"not_picked":["Cold Snap","Steam"],"picked":"Loop","floor":13},{"not_picked":["Go for the Eyes","Sweeping Beam"],"picked":"BootSequence","floor":15},{"not_picked":["Buffer","Creative AI"],"picked":"Echo Form","floor":16},{"not_picked":["Rebound+1","Go for the Eyes"],"picked":"Steam Power+1","floor":18},{"not_picked":["Rip and Tear","Gash+1"],"picked":"Static Discharge","floor":21},{"not_picked":["Hologram","Steam","Ball Lightning"],"picked":"SKIP","floor":22},{"not_picked":["Seek","Blizzard"],"picked":"Capacitor","floor":24}],"player_experience":299558,"relics_obtained":[{"floor":9,"key":"Pantograph"},{"floor":11,"key":"Regal Pillow"},{"floor":13,"key":"Odd Mushroom"},{"floor":24,"key":"Molten Egg 2"}],"event_choices":[{"damage_healed":0,"gold_gain":0,"player_choice":"Take Damage","damage_taken":18,"relics_obtained":["Golden Idol"],"max_hp_gain":0,"max_hp_loss":0,"event_name":"Golden Idol","floor":2,"gold_loss":0},{"damage_healed":0,"gold_gain":175,"player_choice":"AGREE","damage_taken":0,"max_hp_gain":0,"max_hp_loss":0,"event_name":"Liars Game","floor":4,"gold_loss":0,"cards_obtained":["Doubt"]},{"damage_healed":0,"gold_gain":0,"player_choice":"Grow","damage_taken":0,"max_hp_gain":0,"max_hp_loss":0,"event_name":"Living Wall","floor":7,"gold_loss":0,"cards_upgraded":["Self Repair"]},{"damage_healed":0,"gold_gain":0,"player_choice":"Fought Mushrooms","damage_taken":0,"max_hp_gain":0,"max_hp_loss":0,"event_name":"Mushrooms","floor":13,"gold_loss":0},{"damage_healed":0,"gold_gain":0,"player_choice":"Became a vampire","damage_taken":0,"max_hp_gain":0,"max_hp_loss":23,"event_name":"Vampires","floor":19,"gold_loss":0,"cards_obtained":["Bite","Bite","Bite","Bite","Bite"]}],"is_beta":true,"boss_relics":[{"not_picked":["Coffee Dripper","Pandora\u0027s Box"],"picked":"White Beast Statue"}],"items_purged_floors":[5],"is_endless":false,"potions_floor_spawned":[1,13,18,21,22,24],"killed_by":"3 Cultists","ascension_level":0}