{"gold_per_floor":[119,119,394,410,425,452,452,94,120,80,80,107,126,136,136,241,241,259,242,34,34,52,78,78],"floor_reached":24,"playtime":1187,"items_purged":["Regret"],"score":251,"play_id":"a8e0da63-cf6f-49d9-8b08-687ffa2908e9","local_time":"20190129164838","is_ascension_mode":false,"campfire_choices":[{"floor":7,"key":"REST"},{"data":"Hologram","floor":11,"key":"SMITH"},{"data":"Redo","floor":15,"key":"SMITH"}],"neow_cost":"NONE","seed_source_timestamp":468649532052553,"circlet_count":0,"master_deck":["Strike_B","Strike_B","Strike_B","Defend_B","Defend_B","Defend_B","Defend_B","Zap","Dualcast","Cold Snap","Blizzard","Blizzard","Rainbow","Self Repair","Hologram+1","Leap","Redo+1","Cold Snap+1","Machine Learning","Redo","Cold Snap+1","Cold Snap+1","Echo Form","Writhe"],"relics":["Cracked Core","NeowsBlessing","Potion Belt","Blood Vial","Lantern","Molten Egg 2","Black Star","Juzu Bracelet","Boot","PreservedInsect"],"potions_floor_usage":[6,14,16,18,19,23],"damage_taken":[{"damage":0,"enemies":"Small Slimes","floor":1,"turns":1},{"damage":0,"enemies":"Cultist","floor":4,"turns":1},{"damage":0,"enemies":"2 Louse","floor":5,"turns":1},{"damage":43,"enemies":"Lagavulin","floor":6,"turns":9},{"damage":11,"enemies":"Gremlin Nob","floor":12,"turns":4},{"damage":1,"enemies":"Large Slime","floor":13,"turns":6},{"damage":0,"enemies":"3 Louse","floor":14,"turns":3},{"damage":22,"enemies":"The Guardian","floor":16,"turns":10},{"damage":20,"enemies":"3 Byrds","floor":18,"turns":6},{"damage":7,"enemies":"2 Thieves","floor":19,"turns":4},{"damage":4,"enemies":"Centurion and Healer","floor":22,"turns":8},{"damage":59,"enemies":"Gremlin Leader","floor":23,"turns":10},{"damage":24,"enemies":"Shelled Parasite and Fungi","floor":24,"turns":3}],"seed_played":"2285693061162231219","potions_obtained":[{"floor":4,"key":"SteroidPotion"},{"floor":6,"key":"SkillPotion"},{"floor":10,"key":"Explosive Potion"},{"floor":10,"key":"FocusPotion"},{"floor":10,"key":"PowerPotion"},{"floor":16,"key":"Dexterity Potion"}],"is_trial":false,"path_per_floor":["M","?","?","M","M","E","R","$","T","?","R","E","M","M","R","B",null,"M","M","$","?","M","E","M"],"character_chosen":"DEFECT","items_purchased":["Blood Vial","Self Repair","Hologram","Leap","Cold Snap+1","Echo Form"],"campfire_rested":1,"item_purchase_floors":[8,8,8,8,20,20],"current_hp_per_floor":[75,68,68,68,68,25,47,47,47,47,47,45,53,55,55,42,75,62,57,57,57,62,19,0],"gold":78,"neow_bonus":"THREE_ENEMY_KILL","is_prod":false,"is_daily":false,"chose_seed":false,"campfire_upgraded":2,"win_rate":0,"timestamp":1548802118,"path_taken":["M","?","?","?","M","E","R","$","T","?","R","E","?","M","R","BOSS","M","M","$","?","M","E","M"],"build_version":"2019-01-23","purchased_purges":1,"victory":false,"max_hp_per_floor":[75,75,75,75,75,75,75,75,75,75,75,75,75,75,75,75,75,75,75,75,75,75,75,75],"card_choices":[{"not_picked":["Chaos","Steam"],"picked":"Cold Snap","floor":1},{"not_picked":["Tempest","Conserve Battery"],"picked":"Blizzard","floor":4},{"not_picked":["Streamline","Barrage"],"picked":"Blizzard","floor":5},{"not_picked":["Steam","Leap"],"picked":"Rainbow","floor":6},{"not_picked":["Chaos","Gash","Recycle"],"picked":"SKIP","floor":12},{"not_picked":["Reinforced Body","Rebound+1"],"picked":"Redo","floor":13},{"not_picked":["Hologram","Gash+1"],"picked":"Cold Snap+1","floor":14},{"not_picked":["Creative AI","Hyperbeam+1"],"picked":"Machine Learning","floor":16},{"not_picked":["Go for the Eyes+1","Sweeping Beam+1"],"picked":"Redo","floor":18},{"not_picked":["Gash+1","Coolheaded"],"picked":"Cold Snap+1","floor":19},{"not_picked":["Gash+1","Turbo","Meteor Strike+1"],"picked":"SKIP","floor":22},{"not_picked":["Tempest","Gash+1","Hello World"],"picked":"SKIP","floor":23}],"player_experience":409673,"relics_obtained":[{"floor":6,"key":"Potion Belt"},{"floor":9,"key":"Lantern"},{"floor":12,"key":"Molten Egg 2"},{"floor":23,"key":"Boot"},{"floor":23,"key":"PreservedInsect"}],"event_choices":[{"cards_removed":["Strike_B"],"damage_healed":0,"gold_gain":0,"player_choice":"Card Removal","damage_taken":7,"max_hp_gain":0,"max_hp_loss":0,"event_name":"Golden Wing","floor":2,"gold_loss":0},{"damage_healed":0,"gold_gain":275,"player_choice":"Desecrate","damage_taken":0,"max_hp_gain":0,"max_hp_loss":0,"event_name":"Golden Shrine","floor":3,"gold_loss":0,"cards_obtained":["Regret"]},{"damage_healed":0,"gold_gain":0,"player_choice":"Bought 3 Potions","damage_taken":0,"max_hp_gain":0,"max_hp_loss":0,"event_name":"The Woman in Blue","floor":10,"gold_loss":0},{"damage_healed":0,"gold_gain":0,"player_choice":"Opened","damage_taken":0,"relics_obtained":["Juzu Bracelet"],"max_hp_gain":0,"max_hp_loss":0,"event_name":"The Mausoleum","floor":21,"gold_loss":0,"cards_obtained":["Writhe"]}],"is_beta":true,"boss_relics":[{"not_picked":["Runic Pyramid","Coffee Dripper"],"picked":"Black Star"}],"items_purged_floors":[8],"is_endless":false,"potions_floor_spawned":[4,6,16],"killed_by":"Shelled Parasite and Fungi","ascension_level":0}