{"gold_per_floor":[116,136,136,51,51,84,84,103,103,103,119,136,136,61,61,160,160,174,184,50,50,80,95,109,109,109,123,135,167,167,181,181,280,280,294,312,412,412,93,93,93,93,117,117,128,176,176,191,191,191],"floor_reached":51,"playtime":3497,"items_purged":["Strike_P","Defend_P","Strike_P"],"score":642,"play_id":"30437029-14ac-45bb-a5fc-fc37a78afe6c","local_time":"20190911160417","is_ascension_mode":false,"campfire_choices":[{"data":"BowlingBash","floor":7.0,"key":"SMITH"},{"data":"WreathOfFlame","floor":10.0,"key":"SMITH"},{"data":"Crescendo","floor":13.0,"key":"SMITH"},{"data":"CutThroughFate","floor":15.0,"key":"SMITH"},{"floor":25.0,"key":"REST"},{"floor":30.0,"key":"REST"},{"data":"MentalFortress","floor":32.0,"key":"SMITH"},{"data":"Swift Strike","floor":40.0,"key":"SMITH"},{"data":"FlowState","floor":42.0,"key":"SMITH"},{"data":"FlowState","floor":44.0,"key":"SMITH"},{"data":"Meditate","floor":49,"key":"SMITH"}],"neow_cost":"NONE","seed_source_timestamp":108695695506700,"circlet_count":0,"master_deck":["Strike_P+1","Defend_P+1","Defend_P","Defend_P+1","Eruption+1","Vigilance+1","WreathOfFlame+1","Dark Shackles+1","BowlingBash+1","Meditate+1","CutThroughFate+1","Crescendo+1","LessonLearned+1","Worship+1","EmptyMind+1","Devotion+1","SpiritShield+1","Consecrate+1","Protect+1","MentalFortress+1","EmptyBody","FlowState+1","FearNoEvil+1","FearNoEvil+1","FlowState+1","Discovery","Dark Shackles+1","Swift Strike+1","CutThroughFate","Normality","Writhe","WindmillStrike+1","Fasting","Consecrate+1"],"special_seed":0,"relics":["Velvet Choker","Question Card","Eternal Feather","Ornamental Fan","Runic Pyramid","Red Mask","White Beast Statue","Blood Vial","Cursed Key","Pocketwatch","Toy Ornithopter","Bottled Flame","Strawberry","Bird Faced Urn"],"potions_floor_usage":[46,46,48,50],"damage_taken":[{"damage":0.0,"enemies":"2 Louse","floor":1.0,"turns":1.0},{"damage":1.0,"enemies":"Cultist","floor":2.0,"turns":3.0},{"damage":47.0,"enemies":"3 Sentries","floor":6.0,"turns":9.0},{"damage":0.0,"enemies":"Small Slimes","floor":8.0,"turns":1.0},{"damage":0.0,"enemies":"Exordium Wildlife","floor":11.0,"turns":3.0},{"damage":7.0,"enemies":"Exordium Thugs","floor":12.0,"turns":4.0},{"damage":14.0,"enemies":"Slime Boss","floor":16.0,"turns":6.0},{"damage":40.0,"enemies":"Spheric Guardian","floor":18.0,"turns":4.0},{"damage":22.0,"enemies":"2 Thieves","floor":19.0,"turns":4.0},{"damage":14.0,"enemies":"Masked Bandits","floor":22.0,"turns":3.0},{"damage":5.0,"enemies":"Chosen and Byrds","floor":23.0,"turns":5.0},{"damage":0.0,"enemies":"Snake Plant","floor":24.0,"turns":4.0},{"damage":10.0,"enemies":"Cultist and Chosen","floor":27.0,"turns":6.0},{"damage":15.0,"enemies":"Shelled Parasite and Fungi","floor":28.0,"turns":4.0},{"damage":3.0,"enemies":"Slavers","floor":29.0,"turns":6.0},{"damage":0.0,"enemies":"3 Cultists","floor":31.0,"turns":4.0},{"damage":33.0,"enemies":"Collector","floor":33.0,"turns":10.0},{"damage":1.0,"enemies":"3 Shapes","floor":35.0,"turns":6.0},{"damage":9.0,"enemies":"3 Darklings","floor":36.0,"turns":5.0},{"damage":0.0,"enemies":"Mind Bloom Boss Battle","floor":37.0,"turns":5.0},{"damage":0.0,"enemies":"Transient","floor":45.0,"turns":5.0},{"damage":42,"enemies":"2 Orb Walkers","floor":46,"turns":7},{"damage":14,"enemies":"Sphere and 2 Shapes","floor":48,"turns":4},{"damage":46,"enemies":"Donu and Deca","floor":50,"turns":11}],"seed_played":"6241263591479940490","potions_obtained":[{"floor":6.0,"key":"Weak Potion"},{"floor":11.0,"key":"FearPotion"},{"floor":18.0,"key":"SkillPotion"},{"floor":22.0,"key":"Strength Potion"},{"floor":27.0,"key":"SkillPotion"},{"floor":28.0,"key":"Block Potion"},{"floor":29.0,"key":"Dexterity Potion"},{"floor":33.0,"key":"Energy Potion"},{"floor":35.0,"key":"Explosive Potion"},{"floor":36.0,"key":"Strength Potion"},{"floor":45.0,"key":"Fruit Juice"},{"floor":46,"key":"StancePotion"},{"floor":48,"key":"GamblersBrew"}],"is_trial":false,"path_per_floor":["M","M","?","$","?","E","R","M","T","R","M","M","R","$","R","B",null,"M","M","$","?","?","M","M","R","T","M","M","E","R","M","R","B",null,"M","M","?","?","$","R","T","R","T","R","M","?","?","M","R","B",null],"character_chosen":"WATCHER","items_purchased":["Dark Shackles","Devotion","Toy Ornithopter","CutThroughFate"],"campfire_rested":2,"item_purchase_floors":[4,20,39,39],"current_hp_per_floor":[65,64,64,64,57,10,16,16,16,22,22,15,24,24,30,16,65,25,3,3,24,10,5,5,36,36,26,11,8,39,41,53,22,65,64,56,58,48,48,63,63,65,72,72,77,45,45,42,60,27],"gold":191,"neow_bonus":"BOSS_RELIC","is_prod":false,"is_daily":false,"chose_seed":false,"campfire_upgraded":9,"win_rate":0.0,"timestamp":1568243057,"path_taken":["M","M","?","?","?","E","R","M","T","R","M","M","R","$","R","BOSS","M","M","$","?","?","M","M","R","T","M","M","E","R","M","R","BOSS","M","M","?","?","$","R","?","R","T","R","?","?","?","M","R","BOSS"],"build_version":"2019-09-10","purchased_purges":3,"victory":true,"max_hp_per_floor":[65,65,65,65,65,65,65,65,65,65,65,65,65,65,65,65,65,65,65,65,65,65,65,65,65,65,65,65,65,65,65,65,65,65,65,65,65,65,65,65,65,65,72,72,77,77,77,77,77,77],"card_choices":[{"not_picked":["Halt","Protect"],"picked":"EmptyMind","floor":1.0},{"not_picked":["CrushJoints","ThirdEye"],"picked":"WreathOfFlame","floor":2.0},{"not_picked":["EmptyBody","EmptyMind","Omniscience"],"picked":"BowlingBash","floor":6.0},{"not_picked":["ThirdEye","EmptyBody","DeceiveReality"],"picked":"Meditate","floor":8.0},{"not_picked":["InnerPeace","JustLucky","Halt"],"picked":"CutThroughFate","floor":11.0},{"not_picked":["Prostrate","FlurryOfBlows","EmptyMind"],"picked":"Crescendo","floor":12.0},{"not_picked":["Wish","BattleHymn","Vault"],"picked":"LessonLearned","floor":16.0},{"not_picked":["Sanctity","Collect","BowlingBash+1"],"picked":"Worship","floor":18.0},{"not_picked":["WaveOfTheHand","BowlingBash","ClearTheMind"],"picked":"EmptyMind","floor":19.0},{"not_picked":["Consecrate+1","Evaluate","BowlingBash+1"],"picked":"SpiritShield","floor":22.0},{"not_picked":["FlyingSleeves","ClearTheMind+1","Weave"],"picked":"Consecrate+1","floor":23.0},{"not_picked":["Weave+1","Collect+1","CrushJoints+1","Protect+1"],"picked":"SKIP","floor":24.0},{"not_picked":["Weave+1","Collect+1","CrushJoints+1"],"picked":"Protect+1","floor":24.0},{"not_picked":["Prostrate","Consecrate+1","Halt+1"],"picked":"MentalFortress","floor":27.0},{"not_picked":["WindmillStrike","Nirvana","EmptyMind","Evaluate"],"picked":"SKIP","floor":28.0},{"not_picked":["Halt","Vengeance","EmptyMind","Judgement"],"picked":"SKIP","floor":29.0},{"not_picked":["CutThroughFate","EmptyFist","MentalFortress"],"picked":"EmptyBody","floor":31.0},{"not_picked":["Metaphysics","MasterReality","Brilliance"],"picked":"FlowState","floor":33.0},{"not_picked":["Crescendo+1","EmptyMind+1","EmptyFist"],"picked":"FearNoEvil+1","floor":35.0},{"not_picked":["Crescendo","ThirdEye","Vengeance+1"],"picked":"FearNoEvil","floor":36.0},{"not_picked":["JustLucky","Establishment","DeceiveReality"],"picked":"FlowState","floor":37.0},{"not_picked":["Dramatic Entrance","Good Instincts","Blind"],"picked":"Discovery","floor":38.0},{"not_picked":["Mayhem","Trip","Flash of Steel"],"picked":"Dark Shackles","floor":38.0},{"not_picked":["Purity","PanicButton","Enlightenment"],"picked":"Swift Strike","floor":38.0},{"not_picked":["Vengeance","ThirdEye","Collect"],"picked":"WindmillStrike+1","floor":45.0},{"not_picked":["Swivel","CutThroughFate+1","Conclude+1"],"picked":"Fasting","floor":46},{"not_picked":["FollowUp","Adaptation+1","Worship+1"],"picked":"Consecrate+1","floor":48}],"player_experience":21860,"relics_obtained":[{"floor":6.0,"key":"Eternal Feather"},{"floor":9.0,"key":"Ornamental Fan"},{"floor":22.0,"key":"Red Mask"},{"floor":26.0,"key":"White Beast Statue"},{"floor":29.0,"key":"Blood Vial"},{"floor":37.0,"key":"Pocketwatch"},{"floor":41.0,"key":"Bottled Flame"},{"floor":43.0,"key":"Strawberry"},{"floor":46,"key":"Bird Faced Urn"}],"event_choices":[{"cards_removed":["EmptyMind"],"damage_healed":0.0,"max_hp_gain":0.0,"max_hp_loss":0.0,"gold_gain":0.0,"event_name":"WeMeetAgain","player_choice":"Gave Card","floor":3.0,"gold_loss":0.0,"damage_taken":0.0,"relics_obtained":["Question Card"]},{"cards_removed":["Strike_P"],"damage_healed":0.0,"max_hp_gain":0.0,"max_hp_loss":0.0,"gold_gain":0.0,"event_name":"Golden Wing","player_choice":"Card Removal","floor":5.0,"gold_loss":0.0,"damage_taken":7.0},{"damage_healed":21.0,"max_hp_gain":0.0,"max_hp_loss":0.0,"gold_gain":0.0,"event_name":"The Library","player_choice":"Heal","floor":21.0,"gold_loss":0.0,"damage_taken":0.0},{"damage_healed":0.0,"max_hp_gain":0.0,"max_hp_loss":0.0,"gold_gain":0.0,"event_name":"Masked Bandits","player_choice":"Fought Bandits","floor":22.0,"gold_loss":0.0,"damage_taken":0.0},{"damage_healed":0.0,"max_hp_gain":0.0,"max_hp_loss":0.0,"gold_gain":0.0,"event_name":"MindBloom","player_choice":"Fight","floor":37.0,"gold_loss":0.0,"damage_taken":0.0},{"damage_healed":0.0,"max_hp_gain":0.0,"max_hp_loss":0.0,"gold_gain":0.0,"event_name":"SensoryStone","player_choice":"Memory 3","floor":38.0,"gold_loss":0.0,"damage_taken":10.0},{"damage_healed":0,"gold_gain":0,"player_choice":"Fight","damage_taken":0,"max_hp_gain":0,"max_hp_loss":0,"event_name":"Mysterious Sphere","floor":46,"gold_loss":0},{"damage_healed":0,"gold_gain":0,"player_choice":"Ignored","damage_taken":0,"max_hp_gain":0,"max_hp_loss":0,"event_name":"NoteForYourself","floor":47,"gold_loss":0}],"is_beta":true,"boss_relics":[{"not_picked":["Sozu","Fusion Hammer"],"picked":"Runic Pyramid"},{"not_picked":["Astrolabe","Runic Dome"],"picked":"Cursed Key"}],"items_purged_floors":[14,20,39],"is_endless":false,"potions_floor_spawned":[6,11,18,22,27,28,29,31,33,35,36,37,45,46,48],"ascension_level":0}