{"gold_per_floor":[117,136,146,166,166,166,191,191,191,211,211,230,271,271,271,401,401,401,422,422,436,214,214,248,248,248,3,18,143,68,89,89,89],"floor_reached":33,"playtime":1144,"items_purged":["Strike_R","Writhe"],"score":269,"play_id":"f8b88add-b9cb-45a0-b5a3-df919173da11","local_time":"20190212204949","is_ascension_mode":false,"campfire_choices":[{"data":"Armaments","floor":6,"key":"SMITH"},{"data":"Body Slam","floor":8,"key":"SMITH"},{"data":"Uppercut","floor":11,"key":"SMITH"},{"data":"Hemokinesis","floor":15,"key":"SMITH"},{"data":"Bash","floor":23,"key":"SMITH"},{"floor":25,"key":"REST"},{"floor":32,"key":"REST"}],"neow_cost":"NONE","seed_source_timestamp":444305618143620,"circlet_count":0,"master_deck":["Strike_R","Strike_R","Strike_R","Defend_R","Defend_R","Defend_R","Defend_R","Bash+1","Armaments+1","Shrug It Off","Body Slam+1","Uppercut+1","Hemokinesis+1","Flex","Demon Form","Wild Strike+1","Inflame","Body Slam+1","Limit Break","Flame Barrier+1","Whirlwind+1","Carnage+1"],"relics":["Burning Blood","Bag of Marbles","Golden Idol","Question Card","FossilizedHelix","Cursed Key","Regal Pillow","Molten Egg 2","Bottled Tornado","Nunchaku","Bottled Lightning"],"potions_floor_usage":[16,18,29],"damage_taken":[{"damage":8,"enemies":"Cultist","floor":1,"turns":5},{"damage":2,"enemies":"Jaw Worm","floor":2,"turns":4},{"damage":0,"enemies":"2 Louse","floor":3,"turns":2},{"damage":2,"enemies":"2 Fungi Beasts","floor":4,"turns":4},{"damage":0,"enemies":"Looter","floor":7,"turns":4},{"damage":0,"enemies":"Blue Slaver","floor":10,"turns":3},{"damage":1,"enemies":"Exordium Wildlife","floor":12,"turns":3},{"damage":23,"enemies":"Gremlin Nob","floor":13,"turns":4},{"damage":25,"enemies":"Hexaghost","floor":16,"turns":9},{"damage":0,"enemies":"3 Byrds","floor":18,"turns":2},{"damage":3,"enemies":"Chosen","floor":19,"turns":4},{"damage":18,"enemies":"3 Cultists","floor":21,"turns":5},{"damage":42,"enemies":"Gremlin Leader","floor":24,"turns":8},{"damage":20,"enemies":"Shelled Parasite and Fungi","floor":28,"turns":5},{"damage":10,"enemies":"Colosseum Slavers","floor":29,"turns":4},{"damage":30,"enemies":"Colosseum Nobs","floor":29,"turns":5},{"damage":21,"enemies":"Snake Plant","floor":31,"turns":3},{"damage":69,"enemies":"Automaton","floor":33,"turns":6}],"seed_played":"8423618175873419490","potions_obtained":[{"floor":2,"key":"FearPotion"},{"floor":10,"key":"AttackPotion"},{"floor":13,"key":"SmokeBomb"},{"floor":16,"key":"Dexterity Potion"},{"floor":21,"key":"Dexterity Potion"}],"is_trial":false,"path_per_floor":["M","M","M","M","?","R","M","R","T","M","R","M","E","?","R","B",null,"M","M","?","M","$","R","E","R","T","$","M","?","?","M","R","B"],"character_chosen":"IRONCLAD","items_purchased":["Regal Pillow","Limit Break"],"campfire_rested":2,"item_purchase_floors":[22,27],"current_hp_per_floor":[78,80,80,80,60,60,66,66,66,72,72,77,60,60,60,41,80,80,80,80,68,68,68,32,71,71,71,57,29,29,14,53,0],"gold":89,"neow_bonus":"RANDOM_COMMON_RELIC","is_prod":false,"is_daily":false,"chose_seed":false,"campfire_upgraded":5,"win_rate":0,"timestamp":1549972189,"path_taken":["M","M","M","M","?","R","M","R","T","M","R","M","E","?","R","BOSS","M","M","?","M","$","R","E","R","T","$","M","?","?","M","R","BOSS"],"build_version":"2019-01-23","purchased_purges":2,"victory":false,"max_hp_per_floor":[80,80,80,80,80,80,80,80,80,80,80,80,80,80,80,80,80,80,80,80,80,80,80,80,80,80,80,80,80,80,80,80,80],"card_choices":[{"not_picked":["Shockwave","Heavy Blade"],"picked":"Armaments","floor":1},{"not_picked":["Fire Breathing","Heavy Blade"],"picked":"Shrug It Off","floor":2},{"not_picked":["Burning Pact","Clash","Warcry"],"picked":"SKIP","floor":3},{"not_picked":["Second Wind","Warcry","Dropkick"],"picked":"SKIP","floor":4},{"not_picked":["Rage","Perfected Strike"],"picked":"Body Slam","floor":7},{"not_picked":["Warcry","Intimidate","Cleave"],"picked":"Uppercut","floor":10},{"not_picked":["Clash","Shockwave","Disarm"],"picked":"Hemokinesis","floor":12},{"not_picked":["Combust","Barricade","Clothesline"],"picked":"Flex","floor":13},{"not_picked":["Exhume","Fiend Fire","Berserk"],"picked":"Demon Form","floor":16},{"not_picked":["Thunderclap","Warcry","Infernal Blade"],"picked":"Wild Strike+1","floor":19},{"not_picked":["Combust","Anger","Heavy Blade"],"picked":"Inflame","floor":21},{"not_picked":["Heavy Blade","Sentinel+1","True Grit"],"picked":"Body Slam","floor":24},{"not_picked":["Sentinel+1","Clash+1","Dark Embrace"],"picked":"Flame Barrier+1","floor":28},{"not_picked":["Armaments+1","Flex","Clothesline+1"],"picked":"Whirlwind+1","floor":29},{"not_picked":["Evolve+1","Headbutt+1","Reckless Charge+1"],"picked":"Carnage+1","floor":31}],"player_experience":219858,"relics_obtained":[{"floor":9,"key":"Question Card"},{"floor":13,"key":"FossilizedHelix"},{"floor":24,"key":"Molten Egg 2"},{"floor":26,"key":"Bottled Tornado"},{"floor":29,"key":"Nunchaku"},{"floor":29,"key":"Bottled Lightning"}],"event_choices":[{"damage_healed":0,"gold_gain":0,"player_choice":"Take Damage","damage_taken":20,"relics_obtained":["Golden Idol"],"max_hp_gain":0,"max_hp_loss":0,"event_name":"Golden Idol","floor":5,"gold_loss":0},{"damage_healed":0,"gold_gain":0,"player_choice":"Ignored","damage_taken":0,"max_hp_gain":0,"max_hp_loss":0,"event_name":"NoteForYourself","floor":14,"gold_loss":0},{"damage_healed":0,"gold_gain":0,"player_choice":"Ignored","damage_taken":0,"max_hp_gain":0,"max_hp_loss":0,"event_name":"Ghosts","floor":20,"gold_loss":0},{"damage_healed":0,"gold_gain":0,"player_choice":"Fight","damage_taken":0,"max_hp_gain":0,"max_hp_loss":0,"event_name":"Colosseum","floor":29,"gold_loss":0},{"damage_healed":0,"gold_gain":0,"player_choice":"Fought Nobs","damage_taken":0,"max_hp_gain":0,"max_hp_loss":0,"event_name":"Colosseum","floor":29,"gold_loss":0},{"cards_removed":["Strike_R"],"damage_healed":0,"gold_gain":0,"player_choice":"Gave Gold","damage_taken":0,"max_hp_gain":0,"max_hp_loss":0,"event_name":"Beggar","floor":30,"gold_loss":75}],"is_beta":false,"boss_relics":[{"not_picked":["Busted Crown","Astrolabe"],"picked":"Cursed Key"}],"items_purged_floors":[22,27],"is_endless":false,"potions_floor_spawned":[2,10,13,16,21,24,28],"killed_by":"Automaton","ascension_level":0}