{"gold_per_floor":[113,133,148,223,223,258,258,271,271,20,20,20,53,66,66,168,168,181,181,181],"floor_reached":20,"playtime":1237,"items_purged":[],"score":200,"play_id":"deb42279-d1fe-4a80-a83c-ca148c22028e","local_time":"20190601125404","is_ascension_mode":true,"campfire_choices":[{"data":"Dark Embrace","floor":7,"key":"SMITH"},{"data":"Armaments","floor":15,"key":"SMITH"}],"neow_cost":"NONE","seed_source_timestamp":11340867909805,"circlet_count":0,"master_deck":["Strike_R","Strike_R","Strike_R","Strike_R","Strike_R","Defend_R","Defend_R","Bash","Shrug It Off+1","Warcry","Dark Embrace+1","Clothesline","Inflame","Warcry+1","True Grit","Armaments+1","Pommel Strike","Heavy Blade","Juggernaut","Power Through","Dual Wield+1"],"relics":["Burning Blood","Omamori","Lee\u0027s Waffle","Prayer Wheel","Letter Opener","Empty Cage","Nilry\u0027s Codex"],"potions_floor_usage":[6,20,20],"damage_taken":[{"damage":3,"enemies":"Cultist","floor":1,"turns":4},{"damage":8,"enemies":"Small Slimes","floor":2,"turns":5},{"damage":0,"enemies":"2 Louse","floor":3,"turns":4},{"damage":17,"enemies":"Lagavulin","floor":6,"turns":8},{"damage":17,"enemies":"Red Slaver","floor":8,"turns":5},{"damage":20,"enemies":"3 Sentries","floor":13,"turns":12},{"damage":8,"enemies":"3 Louse","floor":14,"turns":4},{"damage":61,"enemies":"Hexaghost","floor":16,"turns":14},{"damage":33,"enemies":"Shell Parasite","floor":18,"turns":8},{"damage":52,"enemies":"Spheric Guardian","floor":20,"turns":7}],"seed_played":"-2550611421826358048","potions_obtained":[{"floor":1,"key":"PowerPotion"},{"floor":13,"key":"Explosive Potion"},{"floor":16,"key":"Fire Potion"},{"floor":18,"key":"PowerPotion"}],"is_trial":false,"path_per_floor":["M","M","M","?","?","E","R","M","T","$","T","?","E","M","R","B",null,"M","?","M"],"character_chosen":"IRONCLAD","items_purchased":["True Grit","Lee\u0027s Waffle"],"campfire_rested":0,"item_purchase_floors":[10,10],"current_hp_per_floor":[80,78,80,69,69,58,58,47,47,87,87,87,73,71,71,16,87,60,44,0],"gold":181,"neow_bonus":"THREE_CARDS","is_prod":false,"is_daily":false,"chose_seed":false,"campfire_upgraded":2,"win_rate":0,"timestamp":1559408044,"path_taken":["M","M","?","?","?","E","R","?","T","$","?","?","E","M","R","BOSS","M","?","M"],"build_version":"2019-01-23","purchased_purges":0,"victory":false,"max_hp_per_floor":[80,80,80,80,80,80,80,80,80,87,87,87,87,87,87,87,87,87,87,87],"card_choices":[{"not_picked":["Anger","Shockwave"],"picked":"Shrug It Off","floor":0},{"not_picked":["Rage","Wild Strike"],"picked":"Warcry","floor":1},{"not_picked":["Headbutt","Pommel Strike"],"picked":"Dark Embrace","floor":2},{"not_picked":["Cleave","Seeing Red"],"picked":"Clothesline","floor":3},{"not_picked":["Spot Weakness","Clothesline"],"picked":"Inflame","floor":6},{"not_picked":["Pommel Strike","Dual Wield"],"picked":"Warcry","floor":8},{"not_picked":["Twin Strike","Dual Wield"],"picked":"Armaments","floor":13},{"not_picked":["Armaments","Sever Soul"],"picked":"Pommel Strike","floor":14},{"not_picked":["Rupture","Second Wind"],"picked":"Heavy Blade","floor":14},{"not_picked":["Bludgeon","Reaper"],"picked":"Juggernaut","floor":16},{"not_picked":["Hemokinesis+1","Whirlwind+1"],"picked":"Power Through","floor":18},{"not_picked":["Spot Weakness+1","Rage"],"picked":"Dual Wield+1","floor":18}],"player_experience":58937,"relics_obtained":[{"floor":6,"key":"Omamori"},{"floor":11,"key":"Prayer Wheel"},{"floor":13,"key":"Letter Opener"},{"floor":19,"key":"Nilry\u0027s Codex"}],"event_choices":[{"damage_healed":0,"gold_gain":75,"player_choice":"Gather Gold","damage_taken":11,"max_hp_gain":0,"max_hp_loss":0,"event_name":"World of Goop","floor":4,"gold_loss":0},{"damage_healed":0,"gold_gain":0,"player_choice":"Forge","damage_taken":0,"max_hp_gain":0,"max_hp_loss":0,"event_name":"Accursed Blacksmith","floor":5,"gold_loss":0,"cards_upgraded":["Shrug It Off"]},{"damage_healed":0,"gold_gain":0,"player_choice":"Upgraded","damage_taken":0,"max_hp_gain":0,"max_hp_loss":0,"event_name":"Upgrade Shrine","floor":12,"gold_loss":0,"cards_upgraded":["Warcry"]},{"damage_healed":0,"gold_gain":0,"player_choice":"Obtained Book","damage_taken":16,"max_hp_gain":0,"max_hp_loss":0,"event_name":"Cursed Tome","floor":19,"gold_loss":0}],"is_beta":false,"boss_relics":[{"not_picked":["Eternal Feather","Lizard Tail"],"picked":"Empty Cage"}],"items_purged_floors":[],"is_endless":false,"potions_floor_spawned":[1,13,16,18],"killed_by":"Spheric Guardian","ascension_level":2}