{"gold_per_floor":[112,37,56,6,17,17,33,33,33,65,91,91,166,176,176,271,271,291,302,202,202,215,215,231,231,301,301,333,433,460,460,460,557,557,568,568,568,568,568,595,595,606,630,8,24,53,53,69,69,69],"floor_reached":51,"playtime":2641,"items_purged":["Strike_R","Strike_R","Strike_R"],"score":841,"play_id":"1510d617-022e-4b36-b7b6-41ef9e086e05","local_time":"20190829145125","is_ascension_mode":false,"campfire_choices":[{"data":"Bash","floor":6.0,"key":"SMITH"},{"data":"Shrug It Off","floor":8.0,"key":"SMITH"},{"data":"Twin Strike","floor":12.0,"key":"SMITH"},{"data":"Clothesline","floor":15.0,"key":"SMITH"},{"data":"Whirlwind","floor":23.0,"key":"SMITH"},{"data":"Flame Barrier","floor":25.0,"key":"SMITH"},{"data":"Impervious","floor":32.0,"key":"SMITH"},{"data":"Shrug It Off","floor":41.0,"key":"SMITH"},{"data":"Impervious","floor":49,"key":"SMITH"}],"neow_cost":"NONE","seed_source_timestamp":0,"circlet_count":0,"master_deck":["Strike_R","Defend_R","Defend_R","Defend_R","Bash+1","Shrug It Off+1","Twin Strike+1","Shrug It Off+1","Clothesline+1","Twin Strike","Barricade+1","Flame Barrier+1","Whirlwind+1","RitualDagger","Metallicize+1","Clothesline+1","Impervious+1","Metallicize+1","Impervious+1","Madness","Madness","Searing Blow+1","Discovery"],"special_seed":0,"relics":["Burning Blood","Juzu Bracelet","Meat on the Bone","Frozen Egg 2","Red Skull","Snecko Eye","Darkstone Periapt","Anchor","Vajra","Busted Crown","WarpedTongs","Potion Belt","Orichalcum","Lantern","Centennial Puzzle","Smiling Mask"],"potions_floor_usage":[50,50],"damage_taken":[{"damage":0.0,"enemies":"2 Louse","floor":1.0,"turns":2.0},{"damage":3.0,"enemies":"Jaw Worm","floor":3.0,"turns":7.0},{"damage":1.0,"enemies":"Cultist","floor":5.0,"turns":3.0},{"damage":0.0,"enemies":"Exordium Wildlife","floor":7.0,"turns":3.0},{"damage":18.0,"enemies":"Gremlin Nob","floor":10.0,"turns":5.0},{"damage":13.0,"enemies":"Gremlin Gang","floor":14.0,"turns":6.0},{"damage":29.0,"enemies":"Hexaghost","floor":16.0,"turns":11.0},{"damage":5.0,"enemies":"Shell Parasite","floor":18.0,"turns":6.0},{"damage":0.0,"enemies":"Chosen","floor":19.0,"turns":4.0},{"damage":0.0,"enemies":"Shelled Parasite and Fungi","floor":22.0,"turns":4.0},{"damage":1.0,"enemies":"Cultist and Chosen","floor":24.0,"turns":6.0},{"damage":0.0,"enemies":"Book of Stabbing","floor":28.0,"turns":6.0},{"damage":12.0,"enemies":"Slavers","floor":30.0,"turns":5.0},{"damage":0.0,"enemies":"Automaton","floor":33.0,"turns":13.0},{"damage":0.0,"enemies":"3 Shapes","floor":35.0,"turns":5.0},{"damage":1.0,"enemies":"Giant Head","floor":40.0,"turns":12.0},{"damage":11.0,"enemies":"Orb Walker","floor":42.0,"turns":6.0},{"damage":0.0,"enemies":"Jaw Worm Horde","floor":45.0,"turns":4.0},{"damage":0.0,"enemies":"Nemesis","floor":46.0,"turns":5.0},{"damage":0.0,"enemies":"Sphere and 2 Shapes","floor":48.0,"turns":5.0},{"damage":2,"enemies":"Donu and Deca","floor":50,"turns":13}],"seed_played":"-3416281626584008858","potions_obtained":[{"floor":3.0,"key":"FearPotion"},{"floor":5.0,"key":"Poison Potion"},{"floor":14.0,"key":"Strength Potion"},{"floor":18.0,"key":"Weak Potion"},{"floor":28.0,"key":"SpeedPotion"},{"floor":42.0,"key":"Fire Potion"},{"floor":46.0,"key":"Dexterity Potion"},{"floor":48.0,"key":"AttackPotion"}],"is_trial":false,"path_per_floor":["M","$","M","?","M","R","M","R","T","E","T","R","?","M","R","B",null,"M","M","$","?","M","R","M","R","T","?","E","?","E","?","R","B",null,"M","?","?","?","?","E","R","M","T","$","M","E","?","M","R","B",null],"character_chosen":"IRONCLAD","items_purchased":["Lantern","Centennial Puzzle","Fruit Juice","Discovery"],"campfire_rested":0,"item_purchase_floors":[44,44,44,44],"current_hp_per_floor":[80,80,80,80,80,80,80,80,80,68,68,68,57,50,50,39,80,80,80,80,74,80,80,80,80,80,80,80,80,74,74,74,80,80,80,86,86,86,75,80,80,75,75,75,86,91,91,91,91,91],"gold":69,"neow_bonus":"RANDOM_COMMON_RELIC","is_prod":false,"is_daily":false,"chose_seed":false,"campfire_upgraded":9,"win_rate":0,"timestamp":1567057885,"path_taken":["M","$","M","?","M","R","M","R","T","E","?","R","?","M","R","BOSS","M","M","$","?","M","R","M","R","T","?","E","?","E","?","R","BOSS","M","?","?","?","?","E","R","M","T","$","M","E","?","M","R","BOSS"],"build_version":"2019-07-17","purchased_purges":3,"victory":true,"max_hp_per_floor":[80,80,80,80,80,80,80,80,80,80,80,80,80,80,80,80,80,80,80,80,80,80,80,80,80,80,80,80,80,80,80,80,80,80,80,86,86,86,86,86,86,86,86,86,91,91,91,91,91,91],"card_choices":[{"not_picked":["Twin Strike","Fire Breathing"],"picked":"Shrug It Off","floor":1.0},{"not_picked":["Feel No Pain","Evolve","Perfected Strike"],"picked":"SKIP","floor":3.0},{"not_picked":["Dual Wield","Bloodletting"],"picked":"Twin Strike","floor":5.0},{"not_picked":["Heavy Blade","Armaments"],"picked":"Shrug It Off","floor":7.0},{"not_picked":["Clash","Heavy Blade"],"picked":"Clothesline","floor":10.0},{"not_picked":["Sword Boomerang","Anger"],"picked":"Twin Strike","floor":14.0},{"not_picked":["Brutality+1","Dark Embrace+1"],"picked":"Barricade+1","floor":16.0},{"not_picked":["Armaments+1","Sword Boomerang"],"picked":"Flame Barrier","floor":18.0},{"not_picked":["Perfected Strike","Cleave"],"picked":"Whirlwind","floor":19.0},{"not_picked":["Clash","Reckless Charge"],"picked":"Metallicize+1","floor":22.0},{"not_picked":["Corruption+1","Perfected Strike"],"picked":"Clothesline+1","floor":24.0},{"not_picked":["Wild Strike","Clash+1","Flex"],"picked":"SKIP","floor":28.0},{"not_picked":["Clash","Hemokinesis"],"picked":"Metallicize+1","floor":30.0},{"not_picked":["Exhume","Offering"],"picked":"Impervious","floor":33.0},{"not_picked":["Bloodletting+1"],"picked":"SKIP","floor":35.0},{"not_picked":[],"picked":"Searing Blow+1","floor":40.0},{"not_picked":["Reckless Charge+1"],"picked":"SKIP","floor":42.0},{"not_picked":["Bloodletting"],"picked":"SKIP","floor":45.0},{"not_picked":["Cleave"],"picked":"SKIP","floor":46.0},{"not_picked":["Fire Breathing+1"],"picked":"SKIP","floor":48.0}],"player_experience":303098,"relics_obtained":[{"floor":9.0,"key":"Meat on the Bone"},{"floor":10.0,"key":"Frozen Egg 2"},{"floor":11.0,"key":"Red Skull"},{"floor":26.0,"key":"Darkstone Periapt"},{"floor":28.0,"key":"Anchor"},{"floor":30.0,"key":"Vajra"},{"floor":40.0,"key":"Potion Belt"},{"floor":43.0,"key":"Orichalcum"},{"floor":46.0,"key":"Smiling Mask"}],"event_choices":[{"cards_removed":["Strike_R"],"damage_healed":0.0,"max_hp_gain":0.0,"max_hp_loss":0.0,"gold_gain":0.0,"event_name":"The Cleric","player_choice":"Card Removal","floor":4.0,"gold_loss":50.0,"damage_taken":0.0},{"damage_healed":0.0,"max_hp_gain":0.0,"max_hp_loss":0.0,"gold_gain":75.0,"event_name":"World of Goop","player_choice":"Gather Gold","floor":13.0,"gold_loss":0.0,"damage_taken":11.0},{"damage_healed":0.0,"max_hp_gain":0.0,"max_hp_loss":0.0,"gold_gain":0.0,"event_name":"Nest","player_choice":"Joined the Cult","floor":21.0,"gold_loss":0.0,"damage_taken":6.0,"cards_obtained":["RitualDagger"]},{"damage_healed":0.0,"max_hp_gain":0.0,"max_hp_loss":0.0,"gold_gain":0.0,"event_name":"The Library","player_choice":"Read","floor":27.0,"gold_loss":0.0,"damage_taken":0.0,"cards_obtained":["Impervious"]},{"damage_healed":0.0,"max_hp_gain":0.0,"max_hp_loss":0.0,"gold_gain":100.0,"event_name":"Golden Shrine","player_choice":"Pray","floor":29.0,"gold_loss":0.0,"damage_taken":0.0},{"damage_healed":0.0,"max_hp_gain":0.0,"max_hp_loss":0.0,"gold_gain":0.0,"event_name":"Vampires","player_choice":"Ignored","floor":31.0,"gold_loss":0.0,"damage_taken":0.0},{"damage_healed":0.0,"max_hp_gain":0.0,"max_hp_loss":0.0,"gold_gain":0.0,"event_name":"Accursed Blacksmith","player_choice":"Rummage","floor":36.0,"gold_loss":0.0,"damage_taken":0.0,"relics_obtained":["WarpedTongs"],"cards_obtained":["Pain"]},{"cards_removed":["Defend_R"],"damage_healed":0.0,"max_hp_gain":0.0,"max_hp_loss":0.0,"gold_gain":0.0,"event_name":"Falling","player_choice":"Removed Skill","floor":37.0,"gold_loss":0.0,"damage_taken":0.0},{"cards_removed":["Pain"],"damage_healed":0.0,"max_hp_gain":0.0,"max_hp_loss":0.0,"gold_gain":0.0,"event_name":"Fountain of Cleansing","player_choice":"Removed Curses","floor":38.0,"gold_loss":0.0,"damage_taken":0.0},{"damage_healed":0.0,"max_hp_gain":0.0,"max_hp_loss":0.0,"gold_gain":0.0,"event_name":"Winding Halls","player_choice":"Embrace Madness","floor":39.0,"gold_loss":0.0,"damage_taken":11.0,"cards_obtained":["Madness","Madness"]},{"damage_healed":0.0,"max_hp_gain":0.0,"max_hp_loss":0.0,"gold_gain":0.0,"event_name":"SensoryStone","player_choice":"Memory 1","floor":47.0,"gold_loss":0.0,"damage_taken":0.0}],"is_beta":false,"boss_relics":[{"not_picked":["Calling Bell","Eternal Feather"],"picked":"Snecko Eye"},{"not_picked":["Orrery","Black Blood"],"picked":"Busted Crown"}],"items_purged_floors":[2,20,44],"is_endless":false,"potions_floor_spawned":[3,5,14,18,28,42,46,48],"ascension_level":0}