{"gold_per_floor":[114,125,172,189,202,202,202,202,502,502,534,534,562,45,45,145,145,163,180,197,70,81,81,99,99,170,170,182,195,195,212,212,310,310,325,325,376,12,27,62,75,75,75,87,105,205,205,223,223,223],"floor_reached":51,"playtime":4426,"items_purged":["Strike_R","Defend_R","Strike_R"],"score":716,"play_id":"0bc7e1ad-0ca3-4f75-a0c9-5ac5fc330061","local_time":"20190131163244","is_ascension_mode":false,"campfire_choices":[{"data":"True Grit","floor":6,"key":"SMITH"},{"data":"Bash","floor":8,"key":"SMITH"},{"data":"Spot Weakness","floor":10,"key":"SMITH"},{"data":"Sentinel","floor":12,"key":"SMITH"},{"floor":15,"key":"REST"},{"data":"Apotheosis","floor":23,"key":"SMITH"},{"data":"Limit Break","floor":25,"key":"SMITH"},{"data":"Flame Barrier","floor":32,"key":"SMITH"},{"floor":42,"key":"REST"},{"data":"Flex","floor":47,"key":"SMITH"},{"data":"Shrug It Off","floor":49,"key":"SMITH"}],"neow_cost":"NONE","seed_source_timestamp":280278112154275,"circlet_count":0,"master_deck":["Strike_R","Defend_R","Defend_R","Defend_R","Bash+1","True Grit+1","Spot Weakness+1","Sentinel+1","Apotheosis+1","Shrug It Off","Limit Break+1","Offering","Intimidate","Shrug It Off+1","Iron Wave","Body Slam+1","RitualDagger+1","Flame Barrier+1","Whirlwind+1","Limit Break","Body Slam+1","Flex+1","Iron Wave+1","Ghostly Armor","Flex+1","Body Slam+1","Shrug It Off+1"],"relics":["Burning Blood","Regal Pillow","Old Coin","Omamori","Juzu Bracelet","MealTicket","Velvet Choker","Molten Egg 2","Runic Pyramid","NlothsMask","Magic Flower","Kunai","Meat on the Bone","Prayer Wheel"],"potions_floor_usage":[11,28,31,33,40],"damage_taken":[{"damage":1,"enemies":"Cultist","floor":1,"turns":4},{"damage":14,"enemies":"Jaw Worm","floor":2,"turns":7},{"damage":2,"enemies":"2 Louse","floor":4,"turns":3},{"damage":9,"enemies":"2 Fungi Beasts","floor":5,"turns":5},{"damage":24,"enemies":"Gremlin Nob","floor":11,"turns":5},{"damage":35,"enemies":"Lagavulin","floor":13,"turns":9},{"damage":32,"enemies":"The Guardian","floor":16,"turns":11},{"damage":58,"enemies":"3 Byrds","floor":18,"turns":8},{"damage":0,"enemies":"Shell Parasite","floor":19,"turns":7},{"damage":14,"enemies":"3 Cultists","floor":20,"turns":6},{"damage":6,"enemies":"Snake Plant","floor":22,"turns":6},{"damage":3,"enemies":"Snecko","floor":24,"turns":7},{"damage":20,"enemies":"Centurion and Healer","floor":28,"turns":7},{"damage":6,"enemies":"Shelled Parasite and Fungi","floor":29,"turns":5},{"damage":0,"enemies":"Cultist and Chosen","floor":31,"turns":8},{"damage":30,"enemies":"Champ","floor":33,"turns":16},{"damage":26,"enemies":"3 Darklings","floor":35,"turns":3},{"damage":66,"enemies":"2 Orb Walkers","floor":37,"turns":5},{"damage":14,"enemies":"3 Shapes","floor":39,"turns":5},{"damage":6,"enemies":"Giant Head","floor":40,"turns":7},{"damage":6,"enemies":"3 Darklings","floor":41,"turns":3},{"damage":1,"enemies":"Sphere and 2 Shapes","floor":44,"turns":6},{"damage":38,"enemies":"Writhing Mass","floor":45,"turns":5},{"damage":0,"enemies":"Mind Bloom Boss Battle","floor":46,"turns":7},{"damage":0,"enemies":"Transient","floor":48,"turns":5},{"damage":32,"enemies":"Time Eater","floor":50,"turns":7}],"seed_played":"-4786544431824370815","potions_obtained":[{"floor":5,"key":"AttackPotion"},{"floor":16,"key":"SkillPotion"},{"floor":20,"key":"Explosive Potion"},{"floor":22,"key":"Regen Potion"},{"floor":29,"key":"Ancient Potion"},{"floor":39,"key":"Ancient Potion"},{"floor":41,"key":"SpeedPotion"},{"floor":46,"key":"Ancient Potion"},{"floor":48,"key":"Energy Potion"}],"is_trial":false,"path_per_floor":["M","M","T","M","M","R","?","R","T","R","E","R","E","$","R","B",null,"M","M","M","$","M","R","M","R","T","?","M","M","?","M","R","B",null,"M","?","?","$","M","E","M","R","T","M","M","?","R","M","R","B",null],"character_chosen":"IRONCLAD","items_purchased":["Apotheosis","Shrug It Off","MealTicket","Shrug It Off","Kunai"],"campfire_rested":2,"item_purchase_floors":[14,14,14,21,38],"current_hp_per_floor":[88,80,80,84,81,81,74,74,74,74,56,56,27,27,68,42,88,36,42,34,49,49,49,52,52,52,46,46,46,46,52,52,28,88,68,68,8,23,18,21,42,83,83,88,59,68,68,77,77,54],"gold":223,"neow_bonus":"TEN_PERCENT_HP_BONUS","is_prod":false,"is_daily":false,"chose_seed":false,"campfire_upgraded":9,"win_rate":0,"timestamp":1548919964,"path_taken":["M","M","?","M","M","R","?","R","T","R","E","R","E","$","R","BOSS","M","M","M","$","M","R","M","R","T","?","M","M","?","M","R","BOSS","M","?","?","$","M","E","M","R","T","M","M","?","R","M","R","BOSS"],"build_version":"2019-01-23","purchased_purges":3,"victory":true,"max_hp_per_floor":[88,88,88,88,88,88,88,88,88,88,88,88,88,88,88,88,88,88,88,88,88,88,88,88,88,88,88,88,88,88,88,88,88,88,88,88,88,88,88,88,88,88,88,88,88,88,88,88,88,88],"card_choices":[{"not_picked":["Pommel Strike","Clothesline"],"picked":"True Grit","floor":1},{"not_picked":["Dual Wield","Havoc","Clothesline"],"picked":"SKIP","floor":2},{"not_picked":["Hemokinesis","Headbutt","Pommel Strike"],"picked":"SKIP","floor":4},{"not_picked":["Sword Boomerang","Perfected Strike"],"picked":"Spot Weakness","floor":5},{"not_picked":["Second Wind","Pommel Strike"],"picked":"Sentinel","floor":11},{"not_picked":["Headbutt","Bloodletting","Havoc"],"picked":"SKIP","floor":13},{"not_picked":["Double Tap","Demon Form"],"picked":"Limit Break","floor":16},{"not_picked":["Thunderclap","Havoc","Heavy Blade"],"picked":"SKIP","floor":18},{"not_picked":["Sword Boomerang","Metallicize"],"picked":"Offering","floor":19},{"not_picked":["Perfected Strike+1","Wild Strike"],"picked":"Intimidate","floor":20},{"not_picked":["Wild Strike","Headbutt"],"picked":"Iron Wave","floor":22},{"not_picked":["Rupture","Anger"],"picked":"Body Slam+1","floor":24},{"not_picked":["Reckless Charge+1","Clothesline+1"],"picked":"Flame Barrier","floor":28},{"not_picked":["Sever Soul+1","Heavy Blade+1","Thunderclap+1"],"picked":"SKIP","floor":29},{"not_picked":["Heavy Blade+1","Clash+1"],"picked":"Whirlwind+1","floor":31},{"not_picked":["Brutality","Dark Embrace"],"picked":"Limit Break","floor":33},{"not_picked":["Havoc","Corruption"],"picked":"Body Slam+1","floor":35},{"not_picked":["Bloodletting+1","Clash+1"],"picked":"Flex","floor":37},{"not_picked":["Twin Strike+1","Clothesline+1"],"picked":"Iron Wave+1","floor":39},{"not_picked":["Pommel Strike+1","Thunderclap+1","Dropkick+1"],"picked":"SKIP","floor":40},{"not_picked":["Sword Boomerang+1","Limit Break"],"picked":"Ghostly Armor","floor":41},{"not_picked":["Pommel Strike+1","Perfected Strike+1","Warcry"],"picked":"SKIP","floor":44},{"not_picked":["Shrug It Off","Metallicize+1"],"picked":"Flex+1","floor":45},{"not_picked":["Perfected Strike+1","Flame Barrier"],"picked":"Body Slam+1","floor":46},{"not_picked":["Exhume","Sever Soul+1"],"picked":"Shrug It Off+1","floor":48},{"not_picked":["Thunderclap+1","Rampage+1","Dual Wield"],"picked":"SKIP","floor":48}],"player_experience":46015,"relics_obtained":[{"floor":3,"key":"Regal Pillow"},{"floor":9,"key":"Old Coin"},{"floor":11,"key":"Omamori"},{"floor":13,"key":"Juzu Bracelet"},{"floor":26,"key":"Molten Egg 2"},{"floor":37,"key":"Magic Flower"},{"floor":40,"key":"Meat on the Bone"},{"floor":46,"key":"Prayer Wheel"}],"event_choices":[{"cards_removed":["Strike_R"],"damage_healed":0,"gold_gain":0,"player_choice":"Card Removal","damage_taken":7,"max_hp_gain":0,"max_hp_loss":0,"event_name":"Golden Wing","floor":7,"gold_loss":0},{"damage_healed":0,"gold_gain":0,"player_choice":"Joined the Cult","damage_taken":6,"max_hp_gain":0,"max_hp_loss":0,"event_name":"Nest","floor":27,"gold_loss":0,"cards_obtained":["RitualDagger"]},{"cards_removed":["Strike_R"],"damage_healed":0,"gold_gain":0,"player_choice":"Purged","damage_taken":0,"max_hp_gain":0,"max_hp_loss":0,"event_name":"Purifier","floor":30,"gold_loss":0},{"damage_healed":0,"gold_gain":0,"player_choice":"Trade","damage_taken":0,"relics_obtained":["NlothsMask"],"max_hp_gain":0,"max_hp_loss":0,"event_name":"FaceTrader","floor":36,"gold_loss":0},{"damage_healed":0,"gold_gain":0,"player_choice":"Fight","damage_taken":0,"max_hp_gain":0,"max_hp_loss":0,"event_name":"Mysterious Sphere","floor":37,"gold_loss":0},{"damage_healed":0,"gold_gain":0,"player_choice":"Fight","damage_taken":0,"max_hp_gain":0,"max_hp_loss":0,"event_name":"MindBloom","floor":46,"gold_loss":0}],"is_beta":false,"boss_relics":[{"not_picked":["Astrolabe","Calling Bell"],"picked":"Velvet Choker"},{"not_picked":["Tiny House","Empty Cage"],"picked":"Runic Pyramid"}],"items_purged_floors":[14,21,38],"is_endless":false,"potions_floor_spawned":[5,16,20,22,24,29,39,41,46,48],"ascension_level":0}