{"gold_per_floor":[111,111,13,24,199,228,228,253,279,291,73,73,73,84,84,184,184,198,218,143,13,26,26],"floor_reached":23,"playtime":1100,"items_purged":["Doubt","Regret"],"score":224,"play_id":"c866129a-8202-485a-a56b-743692c9ee87","local_time":"20190713215059","is_ascension_mode":false,"campfire_choices":[{"data":"Gremlin:Flurry","floor":15,"key":"SMITH"}],"neow_cost":"NONE","seed_source_timestamp":45909246338503,"circlet_count":0,"master_deck":["Gremlin:Strike","Gremlin:Strike","Gremlin:Strike+1","Gremlin:Defend","Gremlin:Defend","Gremlin:Defend","Gremlin:Defend","Gremlin:TagTeam+1","Gremlin:GremlinDance","Gremlin:Polish","Gremlin:RageBreak+1","Gremlin:GremlinArms","Gremlin:FeelTheAudience+1","Gremlin:Dazzle","Gremlin:Whiz","Gremlin:Changeo","Gremlin:Flurry+1","Gremlin:ShadowShiv","Clumsy","Gremlin:GlitterGuard","Gremlin:BulkUp+1","Gremlin:Necromancy","Gremlin:TwistTheKnife"],"relics":["Gremlin:GremlinKnob","NeowsBlessing","Oddly Smooth Stone","War Paint","StoneCalendar","Anchor","Calling Bell","Smiling Mask","Mummified Hand","Ginger"],"potions_floor_usage":[8,8,16,23],"damage_taken":[{"damage":0,"enemies":"Small Slimes","floor":1,"turns":1},{"damage":0,"enemies":"Jaw Worm","floor":4,"turns":1},{"damage":0,"enemies":"Lagavulin","floor":6,"turns":4},{"damage":77,"enemies":"Gremlin Nob","floor":8,"turns":5},{"damage":0,"enemies":"2 Louse","floor":10,"turns":3},{"damage":0,"enemies":"Blue Slaver","floor":14,"turns":4},{"damage":17,"enemies":"Hexaghost","floor":16,"turns":12},{"damage":10,"enemies":"2 Thieves","floor":18,"turns":5},{"damage":34,"enemies":"3 Byrds","floor":19,"turns":7},{"damage":35,"enemies":"3 Cultists","floor":22,"turns":6},{"damage":21,"enemies":"Cultist and Chosen","floor":23,"turns":4}],"seed_played":"-3294691008611482300","potions_obtained":[{"floor":1,"key":"AttackPotion"},{"floor":14,"key":"Regen Potion"},{"floor":16,"key":"Dexterity Potion"},{"floor":19,"key":"Ancient Potion"},{"floor":22,"key":"AttackPotion"}],"is_trial":false,"path_per_floor":["M","?","$","M","?","E","?","E","T","M","$","?","R","M","R","B",null,"M","M","?","$","M","M"],"character_chosen":"GREMLIN","items_purchased":["Gremlin:GremlinArms","AttackPotion","Anchor","Gremlin:Necromancy"],"campfire_rested":0,"item_purchase_floors":[3,3,11,21],"current_hp_per_floor":[20,20,20,20,20,20,19,19,19,19,19,15,15,15,15,14,19,19,8,8,8,8,0],"gold":26,"neow_bonus":"THREE_ENEMY_KILL","is_prod":false,"is_daily":false,"chose_seed":false,"campfire_upgraded":1,"win_rate":0.0,"timestamp":1563069059,"path_taken":["M","?","$","M","?","E","?","E","T","M","$","?","R","M","R","BOSS","M","M","?","$","M","M"],"build_version":"2019-07-05","purchased_purges":2,"victory":false,"max_hp_per_floor":[20,20,20,20,20,20,20,20,20,20,20,20,19,19,19,19,19,19,19,19,19,19,19],"card_choices":[{"not_picked":["Gremlin:Patsy","Gremlin:Flurry"],"picked":"Gremlin:Polish","floor":1},{"not_picked":["Gremlin:Patsy","Gremlin:Presto"],"picked":"Gremlin:FeelTheAudience","floor":4},{"not_picked":["Gremlin:GlitterGuard","Gremlin:Mockery"],"picked":"Gremlin:Dazzle","floor":6},{"not_picked":["Gremlin:Enthusiasm","Gremlin:GremlinMeal"],"picked":"Gremlin:Whiz","floor":8},{"not_picked":["Gremlin:Tricksy","Gremlin:Pretaliation"],"picked":"Gremlin:Changeo","floor":10},{"not_picked":["Gremlin:CatScratch","Gremlin:FanOfKnives"],"picked":"Gremlin:Flurry","floor":14},{"not_picked":["Gremlin:FlipOut","Gremlin:ShowStopper"],"picked":"Gremlin:ShadowShiv","floor":16},{"not_picked":["Gremlin:Glimmer","Gremlin:Pretaliation"],"picked":"Gremlin:GlitterGuard","floor":18},{"not_picked":["Gremlin:GlitterGuard","Gremlin:Enthusiasm"],"picked":"Gremlin:BulkUp+1","floor":19},{"not_picked":["Gremlin:MakeshiftArmor","Gremlin:Pinprick+1"],"picked":"Gremlin:TwistTheKnife","floor":22}],"player_experience":291013,"relics_obtained":[{"floor":6,"key":"Oddly Smooth Stone"},{"floor":8,"key":"StoneCalendar"},{"floor":17,"key":"Smiling Mask"},{"floor":17,"key":"Mummified Hand"},{"floor":17,"key":"Ginger"}],"event_choices":[{"damage_healed":0,"gold_gain":0,"cards_transformed":["Gremlin:Strike"],"player_choice":"Change","damage_taken":0,"max_hp_gain":0,"max_hp_loss":0,"event_name":"Living Wall","floor":2,"gold_loss":0,"cards_obtained":["Gremlin:RageBreak"]},{"damage_healed":0,"gold_gain":175,"player_choice":"AGREE","damage_taken":0,"max_hp_gain":0,"max_hp_loss":0,"event_name":"Liars Game","floor":5,"gold_loss":0,"cards_obtained":["Doubt"]},{"damage_healed":0,"gold_gain":0,"player_choice":"Success","damage_taken":1,"relics_obtained":["War Paint"],"max_hp_gain":0,"max_hp_loss":0,"event_name":"Scrap Ooze","floor":7,"gold_loss":0},{"damage_healed":0,"gold_gain":0,"player_choice":"Entered Light","damage_taken":4,"max_hp_gain":0,"max_hp_loss":0,"event_name":"Shining Light","floor":12,"gold_loss":0,"cards_upgraded":["Gremlin:FeelTheAudience","Gremlin:Strike"]},{"cards_removed":["Normality"],"damage_healed":0,"gold_gain":0,"player_choice":"Gave Gold","damage_taken":0,"max_hp_gain":0,"max_hp_loss":0,"event_name":"Beggar","floor":20,"gold_loss":75}],"is_beta":false,"boss_relics":[{"not_picked":["Tiny House","Eternal Feather"],"picked":"Calling Bell"}],"items_purged_floors":[11,21],"is_endless":false,"potions_floor_spawned":[1,14,16,19,22],"killed_by":"Cultist and Chosen","ascension_level":0}