{"path_per_floor":["M","?","M","M","T","R","M","E","T","?","M","R","M","?","R","B",null,"M","M","?","$","?","R","M","M","T"],"character_chosen":"DEFECT","items_purchased":["Blood Vial"],"gold_per_floor":[19,19,30,41,41,41,58,85,85,85,105,105,115,115,115,213,213,228,241,241,10,10,10,27,39,39,39],"floor_reached":27,"campfire_rested":3,"playtime":1245,"current_hp_per_floor":[75,75,75,69,69,69,69,41,41,41,31,53,50,35,57,27,75,60,38,38,38,38,60,59,31,31,0],"items_purged":["Strike_B"],"gold":39,"score":215,"play_id":"4e96a583-2554-4d8d-9a32-5136e19515ee","local_time":"20180506063724","is_prod":false,"is_daily":false,"chose_seed":false,"is_ascension_mode":false,"campfire_upgraded":1,"timestamp":1525606644,"path_taken":["M","?","M","M","?","R","M","E","T","?","?","R","M","?","R","BOSS","M","M","?","$","?","R","M","M","T","M"],"build_version":"2018-05-02","seed_source_timestamp":2201222641489535,"purchased_purges":1,"victory":false,"master_deck":["Strike_B","Strike_B","Defend_B","Defend_B","Defend_B","Defend_B+1","Zap+1","Dualcast+1","Nova","Capacitor","Ball Lightning","Echo Form+1","Coolheaded+1","Impulse+1","BootSequence+1","Cold Snap","Echo Form","Ball Lightning+1","Consume+1","Pain"],"max_hp_per_floor":[75,75,75,75,75,75,75,75,75,75,75,75,75,75,75,75,75,75,75,75,75,75,75,75,75,75,75],"relics":["Cracked Core","Toxic Egg 2","Sundial","Ancient Tea Set","Cursed Key","Blood Vial","Gremlin Horn"],"card_choices":[{"not_picked":["Fusion","Amplify"],"picked":"Nova","floor":0},{"not_picked":["Auto Shields","Leap"],"picked":"Capacitor","floor":1},{"not_picked":["Barrage","Capacitor"],"picked":"Ball Lightning","floor":3},{"not_picked":["Rebound","Sweeping Beam"],"picked":"Echo Form","floor":4},{"not_picked":["Skim","Axe Kick"],"picked":"Coolheaded","floor":7},{"not_picked":["Ball Lightning","Cold Snap"],"picked":"Impulse","floor":8},{"not_picked":["Blizzard","Ball Lightning"],"picked":"BootSequence","floor":11},{"not_picked":["Melter","Rebound"],"picked":"Cold Snap","floor":13},{"not_picked":["Reboot","All For One"],"picked":"Echo Form","floor":16},{"not_picked":["Cold Snap","Stack"],"picked":"Ball Lightning","floor":19},{"not_picked":["Ball Lightning","Tempest"],"picked":"Consume","floor":25}],"player_experience":134392,"potions_floor_usage":[3,25],"damage_taken":[{"damage":0,"enemies":"Small Slimes","floor":1,"turns":2},{"damage":0,"enemies":"Jaw Worm","floor":3,"turns":3},{"damage":6,"enemies":"Cultist","floor":4,"turns":3},{"damage":0,"enemies":"Large Slime","floor":7,"turns":5},{"damage":28,"enemies":"3 Sentries","floor":8,"turns":6},{"damage":10,"enemies":"Looter","floor":11,"turns":3},{"damage":3,"enemies":"Exordium Wildlife","floor":13,"turns":4},{"damage":30,"enemies":"The Guardian","floor":16,"turns":11},{"damage":15,"enemies":"3 Byrds","floor":18,"turns":4},{"damage":22,"enemies":"Shell Parasite","floor":19,"turns":5},{"damage":3,"enemies":"Cultist and Chosen","floor":24,"turns":5},{"damage":30,"enemies":"Sentry and Sphere","floor":25,"turns":6},{"damage":33,"enemies":"Centurion and Healer","floor":27,"turns":5}],"event_choices":[{"event_name":"Living Wall","player_choice":"Grow","floor":2,"damage_taken":0},{"event_name":"Wheel of Change","player_choice":"Card Removal","floor":10,"damage_taken":0},{"event_name":"Shining Light","player_choice":"Entered Light","floor":14,"damage_taken":0},{"event_name":"Upgrade Shrine","player_choice":"Upgraded","floor":20,"damage_taken":0},{"event_name":"Addict","player_choice":"Ignored","floor":22,"damage_taken":0}],"boss_relics":[{"not_picked":["Orrery","Velvet Choker"],"picked":"Cursed Key"}],"potions_floor_spawned":[1,11],"seed_played":"-8376747844513942925","killed_by":"Centurion and Healer","ascension_level":0,"is_trial":false}