{"gold_per_floor":[124,153,177,364,390,437,68,95,148,161,187,204,223,40,40,141,141,154,172,172,183,201,228,228,17,66,66,66,81,92,102,102,197,197,215,230,80,80,99,99,99],"floor_reached":41,"playtime":3975,"items_purged":["Doubt","Strike_R","Strike_R","Regret"],"score":539,"play_id":"76b35312-70a1-4f8d-aee7-15fad016b08f","local_time":"20190129120344","is_ascension_mode":false,"campfire_choices":[{"data":"Armaments","floor":15,"key":"SMITH"},{"data":"Seeing Red","floor":24,"key":"SMITH"},{"data":"Dark Embrace","floor":32,"key":"SMITH"},{"floor":40,"key":"REST"}],"neow_cost":"NONE","seed_source_timestamp":91722506431106,"circlet_count":0,"master_deck":["Strike_R","Strike_R","Defend_R","Defend_R","Bash","Twin Strike","Iron Wave","Infernal Blade","Anger","Armaments+1","Feed","Iron Wave","Seeing Red+1","Impervious","Thunderclap","Inflame","Bandage Up","Berserk","Cleave","Flex+1","True Grit+1","Iron Wave+1","Flex+1","Metallicize","Shrug It Off+1","Fiend Fire","True Grit+1","Dark Embrace+1","Twin Strike+1","Spot Weakness+1","Flame Barrier+1","Barricade","Doubt","Injury","Flame Barrier+1","Rampage+1","Parasite","Shrug It Off+1"],"relics":["Burning Blood","MawBank","Mummified Hand","Lantern","Shuriken","Bronze Scales","Vajra","Velvet Choker","Toxic Egg 2","Meat on the Bone","Juzu Bracelet","Calling Bell","Potion Belt","Darkstone Periapt","WingedGreaves","CultistMask"],"potions_floor_usage":[6,6,16,23,33],"damage_taken":[{"damage":1,"enemies":"Jaw Worm","floor":1,"turns":3},{"damage":2,"enemies":"2 Louse","floor":2,"turns":3},{"damage":6,"enemies":"Cultist","floor":3,"turns":4},{"damage":15,"enemies":"Large Slime","floor":5,"turns":9},{"damage":8,"enemies":"3 Sentries","floor":6,"turns":6},{"damage":0,"enemies":"Gremlin Nob","floor":8,"turns":2},{"damage":8,"enemies":"Red Slaver","floor":10,"turns":2},{"damage":17,"enemies":"3 Sentries","floor":11,"turns":7},{"damage":0,"enemies":"Looter","floor":12,"turns":1},{"damage":2,"enemies":"3 Louse","floor":13,"turns":2},{"damage":50,"enemies":"The Guardian","floor":16,"turns":8},{"damage":19,"enemies":"Spheric Guardian","floor":18,"turns":4},{"damage":5,"enemies":"2 Thieves","floor":19,"turns":3},{"damage":16,"enemies":"Snake Plant","floor":21,"turns":3},{"damage":14,"enemies":"Centurion and Healer","floor":22,"turns":5},{"damage":17,"enemies":"Book of Stabbing","floor":23,"turns":5},{"damage":17,"enemies":"Cultist and Chosen","floor":29,"turns":5},{"damage":0,"enemies":"3 Cultists","floor":30,"turns":4},{"damage":10,"enemies":"Centurion and Healer","floor":31,"turns":5},{"damage":62,"enemies":"Collector","floor":33,"turns":8},{"damage":18,"enemies":"3 Shapes","floor":35,"turns":6},{"damage":20,"enemies":"Orb Walker","floor":36,"turns":3},{"damage":62,"enemies":"Writhing Mass","floor":39,"turns":6},{"damage":123,"enemies":"Giant Head","floor":41,"turns":10}],"seed_played":"-6855833460283351562","potions_obtained":[{"floor":1,"key":"Strength Potion"},{"floor":2,"key":"EssenceOfSteel"},{"floor":5,"key":"BloodPotion"},{"floor":6,"key":"FearPotion"},{"floor":12,"key":"EssenceOfSteel"},{"floor":18,"key":"EssenceOfSteel"},{"floor":29,"key":"Fire Potion"},{"floor":39,"key":"Fire Potion"}],"is_trial":false,"path_per_floor":["M","M","M","?","M","E","$","E","T","M","E","M","M","$","R","B",null,"M","M","?","M","M","E","R","$","T","?","?","M","M","M","R","B",null,"M","M","$","?","M","R","E"],"character_chosen":"IRONCLAD","items_purchased":["Feed","Lantern","Bandage Up","Metallicize","Shrug It Off+1"],"campfire_rested":1,"item_purchase_floors":[7,7,14,25,25],"current_hp_per_floor":[80,80,80,80,71,69,69,78,78,76,68,74,81,81,81,41,89,79,80,80,77,76,68,68,68,68,68,68,61,74,74,74,44,104,95,85,85,85,51,84,0],"gold":99,"neow_bonus":"RANDOM_COMMON_RELIC","is_prod":false,"is_daily":false,"chose_seed":false,"campfire_upgraded":3,"win_rate":0.0,"timestamp":1548731024,"path_taken":["M","M","M","?","M","E","$","E","T","M","E","M","M","$","R","BOSS","M","M","?","M","M","E","R","$","T","?","?","M","M","M","R","BOSS","M","M","$","?","M","R","E"],"build_version":"2019-01-23","purchased_purges":4,"victory":false,"max_hp_per_floor":[80,80,80,80,80,80,80,83,83,83,86,86,89,89,89,89,89,92,92,92,95,98,101,101,101,101,101,101,101,104,104,104,104,104,107,107,107,107,113,113,113],"card_choices":[{"not_picked":["Blood for Blood","Warcry"],"picked":"Twin Strike","floor":1},{"not_picked":["Sword Boomerang","Flex"],"picked":"Iron Wave","floor":2},{"not_picked":["True Grit","Carnage"],"picked":"Infernal Blade","floor":3},{"not_picked":["Fire Breathing","Blood for Blood"],"picked":"Anger","floor":5},{"not_picked":["Warcry","Anger"],"picked":"Armaments","floor":6},{"not_picked":["True Grit","Burning Pact"],"picked":"Iron Wave","floor":8},{"not_picked":["Dual Wield","Sever Soul"],"picked":"Seeing Red","floor":10},{"not_picked":["Body Slam","Clothesline"],"picked":"Impervious","floor":11},{"not_picked":["Whirlwind","Corruption"],"picked":"Thunderclap","floor":12},{"not_picked":["Rupture","Thunderclap"],"picked":"Inflame","floor":13},{"not_picked":["Demon Form","Juggernaut"],"picked":"Berserk","floor":16},{"not_picked":["Dual Wield","Heavy Blade"],"picked":"Cleave","floor":18},{"not_picked":["Cleave","Twin Strike"],"picked":"Flex+1","floor":19},{"not_picked":["Twin Strike","Fire Breathing"],"picked":"True Grit+1","floor":21},{"not_picked":["Clash","Thunderclap"],"picked":"Iron Wave+1","floor":22},{"not_picked":["Body Slam","Brutality"],"picked":"Flex+1","floor":23},{"not_picked":["Warcry+1","Headbutt"],"picked":"Twin Strike+1","floor":29},{"not_picked":["Second Wind+1","Searing Blow"],"picked":"Spot Weakness+1","floor":30},{"not_picked":["Blood for Blood","Clash"],"picked":"Flame Barrier+1","floor":31},{"not_picked":["Double Tap+1","Juggernaut"],"picked":"Barricade","floor":33},{"not_picked":["Pommel Strike","Uppercut"],"picked":"Flame Barrier+1","floor":35},{"not_picked":["Hemokinesis+1","Whirlwind"],"picked":"Rampage+1","floor":36},{"not_picked":["Warcry+1","Feel No Pain+1"],"picked":"Shrug It Off+1","floor":39}],"player_experience":12084,"relics_obtained":[{"floor":6,"key":"Mummified Hand"},{"floor":8,"key":"Shuriken"},{"floor":9,"key":"Bronze Scales"},{"floor":11,"key":"Vajra"},{"floor":23,"key":"Meat on the Bone"},{"floor":26,"key":"Juzu Bracelet"},{"floor":34,"key":"Potion Belt"},{"floor":34,"key":"Darkstone Periapt"},{"floor":34,"key":"WingedGreaves"}],"event_choices":[{"damage_healed":0,"gold_gain":175,"player_choice":"AGREE","damage_taken":0,"max_hp_gain":0,"max_hp_loss":0,"event_name":"Liars Game","floor":4,"gold_loss":0,"cards_obtained":["Doubt"]},{"damage_healed":0,"gold_gain":0,"player_choice":"Opened","damage_taken":0,"relics_obtained":["Toxic Egg 2"],"max_hp_gain":0,"max_hp_loss":0,"event_name":"The Mausoleum","floor":20,"gold_loss":0},{"damage_healed":0,"gold_gain":0,"cards_transformed":["Strike_R"],"player_choice":"Transformed","damage_taken":0,"max_hp_gain":0,"max_hp_loss":0,"event_name":"Transmorgrifier","floor":27,"gold_loss":0,"cards_obtained":["Fiend Fire"]},{"damage_healed":0,"gold_gain":0,"cards_transformed":["Defend_R","Defend_R"],"player_choice":"Became Test Subject","damage_taken":0,"max_hp_gain":0,"max_hp_loss":0,"event_name":"Drug Dealer","floor":28,"gold_loss":0,"cards_obtained":["True Grit","Dark Embrace"]},{"damage_healed":0,"gold_gain":0,"player_choice":"Trade","damage_taken":0,"relics_obtained":["CultistMask"],"max_hp_gain":0,"max_hp_loss":0,"event_name":"FaceTrader","floor":38,"gold_loss":0}],"is_beta":false,"boss_relics":[{"not_picked":["Cursed Key","Snecko Eye"],"picked":"Velvet Choker"},{"not_picked":["Fusion Hammer","Mark of Pain"],"picked":"Calling Bell"}],"items_purged_floors":[7,14,25,37],"is_endless":false,"potions_floor_spawned":[1,2,5,6,12,18,21,29,31,39],"killed_by":"Giant Head","ascension_level":0}