{"path_per_floor":["M","?","M","M","$","E","R","M","T","R","?","E","R","M","R","B",null,"M","M","M","?","$","R","$","E","T","R","E","?","R","?","R","B",null,"M","?","M","?","B"],"character_chosen":"IRONCLAD","items_purchased":["Limit Break","Flex"],"gold_per_floor":[209,209,227,238,95,120,120,133,133,133,133,167,167,182,182,278,278,296,309,328,328,228,228,53,108,108,108,133,48,48,48,48,145,145,159,159,173,173,173],"floor_reached":40,"campfire_rested":3,"playtime":2343,"item_purchase_floors":[5,24],"current_hp_per_floor":[77,61,67,70,70,48,48,52,52,52,52,46,46,38,38,25,80,79,80,64,64,64,64,64,24,24,63,11,11,50,50,80,64,80,58,58,54,54,13],"items_purged":["Strike_R","Havoc","Heavy Blade"],"gold":173,"score":655,"play_id":"9021a9ca-6ba2-45ac-8484-bd24bf976cd4","local_time":"20180526231545","is_prod":false,"is_daily":false,"chose_seed":false,"is_ascension_mode":false,"campfire_upgraded":5,"win_rate":0,"timestamp":1527369345,"campfire_choices":[{"data":"Fiend Fire","floor":7,"key":"SMITH"},{"data":"Shrug It Off","floor":10,"key":"SMITH"},{"data":"Corruption","floor":13,"key":"SMITH"},{"data":"Armaments","floor":15,"key":"SMITH"},{"data":"Limit Break","floor":23,"key":"SMITH"},{"floor":27,"key":"REST"},{"floor":30,"key":"REST"},{"floor":32,"key":"REST"}],"path_taken":["M","?","M","M","$","E","R","M","T","R","?","E","R","M","R","BOSS","M","M","M","?","$","R","$","E","T","R","E","?","R","?","R","BOSS","M","?","M","?","BOSS"],"build_version":"2018-05-25","seed_source_timestamp":0,"purchased_purges":3,"victory":true,"master_deck":["Bash+1","Shrug It Off+1","Twin Strike","Limit Break+1","Fiend Fire+1","Heavy Blade","Corruption+1","Armaments+1","Demon Form","Clothesline+1","Uppercut+1","Sword Boomerang+1","Warcry","Dual Wield","Cleave+1","Iron Wave+1","Thunderclap+1","Flex","Shrug It Off","Heavy Blade+1","Limit Break","Pummel+1"],"max_hp_per_floor":[80,80,80,80,80,80,80,80,80,80,80,80,80,80,80,80,80,80,80,80,80,80,80,80,80,80,80,80,80,80,80,80,80,80,80,80,80,80,80],"relics":["Burning Blood","Pen Nib","Molten Egg 2","Gambling Chip","Pandora\u0027s Box","Regal Pillow","Tiny Chest","Frozen Egg 2","Sundial","Dream Catcher","Mark of Pain"],"card_choices":[{"not_picked":["Sword Boomerang","Seeing Red"],"picked":"Heavy Blade","floor":1},{"not_picked":["Anger","Sword Boomerang"],"picked":"Shrug It Off","floor":3},{"not_picked":["Clothesline","True Grit"],"picked":"Twin Strike","floor":4},{"not_picked":["Cleave","Perfected Strike"],"picked":"Fiend Fire","floor":6},{"not_picked":["Pommel Strike","Sever Soul"],"picked":"Heavy Blade","floor":8},{"not_picked":["Carnage+1","Perfected Strike+1"],"picked":"Corruption","floor":12},{"not_picked":["Dropkick+1","Clothesline+1"],"picked":"Armaments","floor":14},{"not_picked":["Barricade","Berserk"],"picked":"Demon Form","floor":16},{"not_picked":["Flame Barrier","Carnage+1"],"picked":"Cleave+1","floor":18},{"not_picked":["Clash+1","Burning Pact"],"picked":"Iron Wave+1","floor":19},{"not_picked":["Evolve","Second Wind"],"picked":"Thunderclap+1","floor":20},{"not_picked":["Heavy Blade+1","Rampage+1"],"picked":"Shrug It Off","floor":25},{"not_picked":["Pommel Strike+1","Armaments+1","Metallicize+1"],"picked":"SKIP","floor":28},{"not_picked":["Twin Strike+1","Sword Boomerang+1"],"picked":"Heavy Blade+1","floor":32},{"not_picked":["Reaper+1","Berserk+1"],"picked":"Limit Break","floor":33},{"not_picked":["Pommel Strike+1","Warcry+1"],"picked":"Pummel+1","floor":35},{"not_picked":["Anger+1","Armaments","Iron Wave+1"],"picked":"SKIP","floor":37}],"player_experience":97103,"potions_floor_usage":[6,28,33,37,39,39],"damage_taken":[{"damage":9,"enemies":"Jaw Worm","floor":1,"turns":6},{"damage":0,"enemies":"2 Louse","floor":3,"turns":2},{"damage":3,"enemies":"Cultist","floor":4,"turns":5},{"damage":28,"enemies":"Lagavulin","floor":6,"turns":8},{"damage":2,"enemies":"Blue Slaver","floor":8,"turns":4},{"damage":12,"enemies":"Gremlin Nob","floor":12,"turns":4},{"damage":14,"enemies":"Exordium Thugs","floor":14,"turns":5},{"damage":19,"enemies":"Slime Boss","floor":16,"turns":9},{"damage":7,"enemies":"Shell Parasite","floor":18,"turns":5},{"damage":0,"enemies":"Chosen","floor":19,"turns":3},{"damage":22,"enemies":"Snecko","floor":20,"turns":4},{"damage":46,"enemies":"Book of Stabbing","floor":25,"turns":5},{"damage":58,"enemies":"Gremlin Leader","floor":28,"turns":5},{"damage":22,"enemies":"Champ","floor":33,"turns":8},{"damage":28,"enemies":"3 Darklings","floor":35,"turns":4},{"damage":10,"enemies":"Orb Walker","floor":37,"turns":2},{"damage":47,"enemies":"Time Eater","floor":39,"turns":8}],"relics_obtained":[{"floor":6,"key":"Pen Nib"},{"floor":9,"key":"Molten Egg 2"},{"floor":12,"key":"Gambling Chip"},{"floor":25,"key":"Tiny Chest"},{"floor":26,"key":"Frozen Egg 2"},{"floor":28,"key":"Sundial"}],"event_choices":[{"event_name":"Shining Light","player_choice":"Entered Light","floor":2,"damage_taken":0},{"event_name":"Living Wall","player_choice":"Forget","floor":11,"damage_taken":0},{"event_name":"The Mausoleum","player_choice":"Yes","floor":21,"damage_taken":0},{"event_name":"Addict","player_choice":"Obtained Relic","floor":29,"damage_taken":0},{"event_name":"Beggar","player_choice":"Ignored","floor":31,"damage_taken":0},{"event_name":"SecretPortal","player_choice":"Took Portal.","floor":38,"damage_taken":0}],"boss_relics":[{"not_picked":["Philosopher\u0027s Stone","Runic Cube"],"picked":"Pandora\u0027s Box"},{"not_picked":["Sozu","Tiny House"],"picked":"Mark of Pain"}],"items_purged_floors":[5,22,24],"potions_floor_spawned":[4,16,20,25,33,35],"seed_played":"2772052033747166666","ascension_level":0,"potions_obtained":[{"floor":4,"key":"EssenceOfSteel"},{"floor":16,"key":"Energy Potion"},{"floor":20,"key":"Dexterity Potion"},{"floor":25,"key":"EssenceOfSteel"},{"floor":33,"key":"Dexterity Potion"},{"floor":35,"key":"SteroidPotion"}],"is_trial":false}