{"gold_per_floor":[113,125,33,46,46,46,64,82,82,92,120,135,310,322,322,322],"floor_reached":16,"playtime":710,"items_purged":[],"score":96,"play_id":"79dec949-211d-45a6-818b-1b60a4b90a47","local_time":"20181128052856","is_ascension_mode":false,"campfire_choices":[{"data":"Fusion","floor":6,"key":"SMITH"},{"floor":15,"key":"REST"}],"neow_cost":"NONE","seed_source_timestamp":1058756752823964,"circlet_count":0,"master_deck":["Strike_B","Strike_B","Strike_B","Strike_B","Defend_B","Defend_B","Defend_B","Defend_B","Zap","Dualcast","Fusion+1","Leap","Discovery","Steam Power","Gash","Blizzard","Core Surge","Conserve Battery","Doubt","Beam Cell"],"relics":["White Beast Statue","Oddly Smooth Stone","Odd Mushroom"],"potions_floor_usage":[7,8,10,10,11,12,14,16],"damage_taken":[{"damage":0,"enemies":"Small Slimes","floor":1,"turns":4},{"damage":11,"enemies":"Cultist","floor":2,"turns":5},{"damage":6,"enemies":"Jaw Worm","floor":4,"turns":6},{"damage":8,"enemies":"Looter","floor":7,"turns":4},{"damage":1,"enemies":"Blue Slaver","floor":8,"turns":4},{"damage":13,"enemies":"3 Louse","floor":10,"turns":3},{"damage":14,"enemies":"The Mushroom Lair","floor":11,"turns":4},{"damage":0,"enemies":"Large Slime","floor":12,"turns":6},{"damage":6,"enemies":"Blue Slaver","floor":14,"turns":5},{"damage":40,"enemies":"Hexaghost","floor":16,"turns":14}],"seed_played":"582786899324949043","potions_obtained":[{"floor":1,"key":"Strength Potion"},{"floor":2,"key":"Poison Potion"},{"floor":4,"key":"GamblersBrew"},{"floor":7,"key":"Strength Potion"},{"floor":8,"key":"Fire Potion"},{"floor":10,"key":"SteroidPotion"},{"floor":11,"key":"LiquidBronze"},{"floor":12,"key":"Ancient Potion"},{"floor":14,"key":"Fire Potion"}],"is_trial":false,"path_per_floor":["M","M","$","M","?","R","M","M","T","M","?","M","?","M","R","B"],"character_chosen":"DEFECT","items_purchased":["Discovery"],"campfire_rested":1,"item_purchase_floors":[3],"current_hp_per_floor":[75,64,64,58,58,58,50,49,49,36,22,22,22,16,38,0],"gold":322,"neow_bonus":"BOSS_RELIC","is_prod":false,"is_daily":false,"chose_seed":false,"campfire_upgraded":1,"win_rate":0,"timestamp":1543404536,"path_taken":["M","M","$","M","?","R","M","M","T","?","?","M","?","M","R","BOSS"],"build_version":"2018-11-15","purchased_purges":0,"victory":false,"max_hp_per_floor":[75,75,75,75,75,75,75,75,75,75,75,75,75,75,75,75],"card_choices":[{"not_picked":["Gash","Compile Driver"],"picked":"Fusion","floor":1},{"not_picked":["Coolheaded","Stack"],"picked":"Leap","floor":2},{"not_picked":["Redo","Coolheaded"],"picked":"Steam Power","floor":4},{"not_picked":["Go for the Eyes","Skim"],"picked":"Gash","floor":7},{"not_picked":["Beam Cell","Redo","Genetic Algorithm"],"picked":"SKIP","floor":8},{"not_picked":["Redo","Barrage"],"picked":"Blizzard","floor":10},{"not_picked":["Turbo","Sweeping Beam"],"picked":"Core Surge","floor":11},{"not_picked":["Stack","Doom and Gloom"],"picked":"Conserve Battery","floor":12},{"not_picked":["Sweeping Beam","Turbo"],"picked":"Beam Cell","floor":14}],"player_experience":263303,"relics_obtained":[{"floor":11,"key":"Odd Mushroom"}],"event_choices":[{"damage_healed":0,"gold_gain":0,"player_choice":"Gave Potion","damage_taken":0,"relics_obtained":["Oddly Smooth Stone"],"max_hp_gain":0,"max_hp_loss":0,"event_name":"WeMeetAgain","floor":5,"gold_loss":0},{"damage_healed":0,"gold_gain":0,"player_choice":"Fought Mushrooms","damage_taken":0,"max_hp_gain":0,"max_hp_loss":0,"event_name":"Mushrooms","floor":11,"gold_loss":0},{"damage_healed":0,"gold_gain":175,"player_choice":"AGREE","damage_taken":0,"max_hp_gain":0,"max_hp_loss":0,"event_name":"Liars Game","floor":13,"gold_loss":0,"cards_obtained":["Doubt"]}],"is_beta":true,"boss_relics":[],"items_purged_floors":[],"is_endless":false,"potions_floor_spawned":[1,2,4,7,8,10,11,12,14],"killed_by":"Hexaghost","ascension_level":0}