{"gold_per_floor":[113,132,132,143,154,179,354,385,385,398,398,368,368,378,378,482,482,497,512,46,59,72,72,84,97,97,97,112,130,145,145],"floor_reached":31,"playtime":3505,"items_purged":["Doubt"],"score":255,"play_id":"5f7de235-66ef-4357-bb0c-42734bf9988a","local_time":"20190528191616","is_ascension_mode":false,"campfire_choices":[{"floor":11,"key":"REST"},{"floor":13,"key":"REST"},{"floor":15,"key":"REST"},{"data":"Apotheosis","floor":23,"key":"SMITH"},{"floor":27,"key":"REST"}],"neow_cost":"NONE","seed_source_timestamp":1706100141668,"circlet_count":0,"master_deck":["Defend_G","Defend_G","Defend_G","Defend_G","Defend_G","Strike_G","Strike_G","Strike_G","Strike_G","Strike_G","Survivor","Neutralize+1","Poisoned Stab","Footwork","Well Laid Plans","Dagger Throw","Eviscerate","Choke","Quick Slash","Infinite Blades","Wraith Form v2","Blur","Acrobatics+1","Apotheosis+1","Sucker Punch+1","Dagger Spray+1","Sucker Punch+1","Dagger Spray","PiercingWail"],"relics":["Ring of the Serpent","Paper Crane","Orichalcum","Mummified Hand","Medical Kit","Ancient Tea Set"],"potions_floor_usage":[6,8,18,24],"damage_taken":[{"damage":1,"enemies":"2 Louse","floor":1,"turns":3},{"damage":0,"enemies":"Cultist","floor":2,"turns":5},{"damage":1,"enemies":"Small Slimes","floor":4,"turns":5},{"damage":29,"enemies":"Gremlin Gang","floor":5,"turns":7},{"damage":1,"enemies":"Lagavulin","floor":6,"turns":9},{"damage":29,"enemies":"3 Sentries","floor":8,"turns":12},{"damage":6,"enemies":"Large Slime","floor":10,"turns":9},{"damage":5,"enemies":"Exordium Wildlife","floor":14,"turns":3},{"damage":30,"enemies":"Hexaghost","floor":16,"turns":12},{"damage":15,"enemies":"3 Byrds","floor":18,"turns":4},{"damage":11,"enemies":"Spheric Guardian","floor":19,"turns":4},{"damage":8,"enemies":"Centurion and Healer","floor":21,"turns":7},{"damage":0,"enemies":"Snecko","floor":22,"turns":5},{"damage":3,"enemies":"3 Cultists","floor":24,"turns":5},{"damage":9,"enemies":"Cultist and Chosen","floor":25,"turns":6},{"damage":1,"enemies":"Centurion and Healer","floor":28,"turns":7},{"damage":10,"enemies":"Chosen and Byrds","floor":29,"turns":6},{"damage":32,"enemies":"3 Cultists","floor":30,"turns":8},{"damage":13,"enemies":"Shelled Parasite and Fungi","floor":31,"turns":5}],"seed_played":"4160930491142378771","potions_obtained":[{"floor":1,"key":"Explosive Potion"},{"floor":2,"key":"GhostInAJar"},{"floor":5,"key":"AttackPotion"},{"floor":12,"key":"GhostInAJar"},{"floor":12,"key":"Explosive Potion"},{"floor":14,"key":"GamblersBrew"},{"floor":16,"key":"Strength Potion"},{"floor":18,"key":"FearPotion"},{"floor":25,"key":"SteroidPotion"}],"is_trial":false,"path_per_floor":["M","M","?","M","M","E","?","E","T","M","R","?","R","M","R","B",null,"M","M","$","M","M","R","M","M","T","R","M","M","M","M"],"character_chosen":"THE_SILENT","items_purchased":["Apotheosis","Medical Kit"],"campfire_rested":4,"item_purchase_floors":[20,20],"current_hp_per_floor":[76,76,76,75,46,45,45,16,16,10,33,33,56,51,74,44,77,62,51,51,43,43,43,40,31,31,54,53,43,11,0],"gold":145,"neow_bonus":"TEN_PERCENT_HP_BONUS","is_prod":false,"is_daily":false,"chose_seed":false,"campfire_upgraded":1,"win_rate":0.0,"timestamp":1559085376,"path_taken":["M","M","?","?","?","E","?","E","T","M","R","?","R","M","R","BOSS","M","M","$","M","M","R","M","?","T","R","M","M","M","M"],"build_version":"2019-01-23","purchased_purges":1,"victory":false,"max_hp_per_floor":[77,77,77,77,77,77,77,77,77,77,77,77,77,77,77,77,77,77,77,77,77,77,77,77,77,77,77,77,77,77,77],"card_choices":[{"not_picked":["Heel Hook","Calculated Gamble"],"picked":"Poisoned Stab","floor":1},{"not_picked":["Acrobatics","Prepared"],"picked":"Footwork","floor":2},{"not_picked":["Noxious Fumes","Calculated Gamble"],"picked":"Well Laid Plans","floor":4},{"not_picked":["Riddle With Holes","Dodge and Roll"],"picked":"Dagger Throw","floor":5},{"not_picked":["Flechettes","Prepared"],"picked":"Eviscerate","floor":6},{"not_picked":["Footwork","Underhanded Strike"],"picked":"Choke","floor":8},{"not_picked":["Calculated Gamble","Poisoned Stab"],"picked":"Quick Slash","floor":10},{"not_picked":["Finisher","PiercingWail"],"picked":"Infinite Blades","floor":14},{"not_picked":["Envenom","Venomology"],"picked":"Wraith Form v2","floor":16},{"not_picked":["Slice","Blade Dance"],"picked":"Blur","floor":18},{"not_picked":["Dodge and Roll","Dagger Spray"],"picked":"Acrobatics+1","floor":19},{"not_picked":["Blade Dance+1","Tactician+1"],"picked":"Sucker Punch+1","floor":21},{"not_picked":["Quick Slash","Calculated Gamble"],"picked":"Dagger Spray+1","floor":22},{"not_picked":["Outmaneuver","Tactician"],"picked":"Sucker Punch+1","floor":24},{"not_picked":["Finisher","Eviscerate","Flying Knee"],"picked":"SKIP","floor":25},{"not_picked":["Prepared","Poisoned Stab"],"picked":"Dagger Spray","floor":28},{"not_picked":["Bouncing Flask+1","Flying Knee","Blur+1"],"picked":"SKIP","floor":29},{"not_picked":["Noxious Fumes+1","Quick Slash"],"picked":"PiercingWail","floor":30}],"player_experience":10982,"relics_obtained":[{"floor":6,"key":"Paper Crane"},{"floor":8,"key":"Orichalcum"},{"floor":9,"key":"Mummified Hand"},{"floor":26,"key":"Ancient Tea Set"}],"event_choices":[{"damage_healed":0,"gold_gain":0,"player_choice":"Upgraded","damage_taken":0,"max_hp_gain":0,"max_hp_loss":0,"event_name":"Upgrade Shrine","floor":3,"gold_loss":0,"cards_upgraded":["Neutralize"]},{"damage_healed":0,"gold_gain":175,"player_choice":"AGREE","damage_taken":0,"max_hp_gain":0,"max_hp_loss":0,"event_name":"Liars Game","floor":7,"gold_loss":0,"cards_obtained":["Doubt"]},{"damage_healed":0,"gold_gain":0,"player_choice":"Bought 2 Potions","damage_taken":0,"max_hp_gain":0,"max_hp_loss":0,"event_name":"The Woman in Blue","floor":12,"gold_loss":0}],"is_beta":false,"boss_relics":[{"not_picked":["Tiny House","Empty Cage"],"picked":"Ring of the Serpent"}],"items_purged_floors":[20],"is_endless":false,"potions_floor_spawned":[1,2,5,14,16,18,22,25],"killed_by":"Shelled Parasite and Fungi","ascension_level":0}