{"gold_per_floor":[119,129,141,154,42,42,60,60,86,125,137,159,191,203,215,322,334,357,369,401,413,219,219,244,244,244,244,255,272,283,314,314,419,419,429,429,449,465,12,12,39,39,113,123,136,156,156,171,171,171],"floor_reached":51,"playtime":3307,"items_purged":["Strike_R","Strike_R+1","Strike_R+1"],"score":698,"play_id":"4fc2ff52-7e53-4f98-8b69-865499d5cc18","local_time":"20190825185515","is_ascension_mode":false,"campfire_choices":[{"data":"Bash","floor":6,"key":"SMITH"},{"data":"Armaments","floor":8,"key":"SMITH"},{"data":"Inflame","floor":15,"key":"SMITH"},{"data":"Whirlwind","floor":23,"key":"SMITH"},{"data":"Uppercut","floor":25,"key":"SMITH"},{"data":"Spot Weakness","floor":27,"key":"SMITH"},{"data":"Flex","floor":32,"key":"SMITH"},{"data":"Pommel Strike","floor":40,"key":"SMITH"},{"data":"Madness","floor":47,"key":"SMITH"},{"data":"Madness","floor":49,"key":"SMITH"}],"neow_cost":"NONE","seed_source_timestamp":808878419388600,"circlet_count":0,"master_deck":["Strike_R+1","Strike_R+1","Defend_R+1","Defend_R+1","Defend_R+1","Defend_R+1","Bash+1","Iron Wave","Armaments+1","Intimidate","Shrug It Off+1","Pommel Strike+1","Inflame+1","Cleave","Flex+1","Reaper","Rampage+1","Uppercut+1","Whirlwind+1","Spot Weakness+1","Shockwave+1","Demon Form","Shrug It Off+1","Disarm+1","Inflame","Battle Trance+1","Madness+1","Madness+1","Impervious"],"relics":["Black Blood","MawBank","Potion Belt","Velvet Choker","Bag of Marbles","Vajra","Pen Nib","Oddly Smooth Stone","Ancient Tea Set","Happy Flower","Singing Bowl"],"potions_floor_usage":[7,10,31,38,45,50,50,50],"damage_taken":[{"damage":1,"enemies":"Cultist","floor":1,"turns":4},{"damage":5,"enemies":"Small Slimes","floor":2,"turns":4},{"damage":3,"enemies":"2 Louse","floor":3,"turns":3},{"damage":4,"enemies":"Looter","floor":4,"turns":5},{"damage":0,"enemies":"3 Louse","floor":7,"turns":3},{"damage":8,"enemies":"3 Sentries","floor":10,"turns":10},{"damage":4,"enemies":"Blue Slaver","floor":12,"turns":4},{"damage":0,"enemies":"Large Slime","floor":13,"turns":5},{"damage":33,"enemies":"Slime Boss","floor":16,"turns":12},{"damage":14,"enemies":"Spheric Guardian","floor":18,"turns":4},{"damage":2,"enemies":"Shell Parasite","floor":20,"turns":4},{"damage":27,"enemies":"Slavers","floor":24,"turns":4},{"damage":0,"enemies":"3 Cultists","floor":28,"turns":2},{"damage":2,"enemies":"Snake Plant","floor":29,"turns":3},{"damage":1,"enemies":"Snecko","floor":30,"turns":4},{"damage":10,"enemies":"Gremlin Leader","floor":31,"turns":3},{"damage":79,"enemies":"Automaton","floor":33,"turns":9},{"damage":0,"enemies":"3 Darklings","floor":35,"turns":3},{"damage":0,"enemies":"Orb Walker","floor":37,"turns":3},{"damage":13,"enemies":"Transient","floor":38,"turns":5},{"damage":25,"enemies":"Nemesis","floor":41,"turns":7},{"damage":18,"enemies":"4 Shapes","floor":44,"turns":8},{"damage":1,"enemies":"Spire Growth","floor":45,"turns":3},{"damage":11,"enemies":"Transient","floor":46,"turns":5},{"damage":6,"enemies":"Writhing Mass","floor":48,"turns":6},{"damage":59,"enemies":"Donu and Deca","floor":50,"turns":10}],"seed_played":"-7174745124911532932","potions_obtained":[{"floor":2,"key":"GamblersBrew"},{"floor":3,"key":"AttackPotion"},{"floor":4,"key":"SteroidPotion"},{"floor":28,"key":"Block Potion"},{"floor":29,"key":"Explosive Potion"},{"floor":31,"key":"FearPotion"},{"floor":33,"key":"Ancient Potion"},{"floor":37,"key":"BloodPotion"},{"floor":44,"key":"Swift Potion"},{"floor":45,"key":"SpeedPotion"}],"is_trial":false,"path_per_floor":["M","M","M","M","$","R","M","R","T","E","$","M","M","?","R","B",null,"M","?","M","?","$","R","E","R","T","R","M","M","M","E","R","B",null,"M","?","M","M","$","R","E","?","T","M","M","M","R","M","R","B",null],"character_chosen":"IRONCLAD","items_purchased":["Inflame","Whirlwind","Spot Weakness","Oddly Smooth Stone","Ancient Tea Set","Inflame"],"campfire_rested":0,"item_purchase_floors":[5,22,22,39,39,39],"current_hp_per_floor":[80,80,80,80,80,80,80,80,80,78,78,80,80,80,80,53,80,72,72,76,76,76,76,75,75,75,75,80,80,80,76,76,21,80,80,80,80,77,77,77,80,70,70,74,84,83,83,86,86,86],"gold":171,"neow_bonus":"THREE_CARDS","is_prod":false,"is_daily":false,"chose_seed":false,"campfire_upgraded":10,"win_rate":0,"timestamp":1566726915,"path_taken":["M","M","M","M","$","R","M","R","T","E","$","M","M","?","R","BOSS","M","?","M","?","$","R","E","R","T","R","M","M","M","E","R","BOSS","M","?","M","M","$","R","E","?","T","M","M","M","R","M","R","BOSS"],"build_version":"2019-07-17","purchased_purges":3,"victory":true,"max_hp_per_floor":[80,80,80,80,80,80,80,80,80,80,80,80,80,80,80,80,80,80,80,80,80,80,80,80,80,80,80,80,80,80,80,80,80,80,80,80,80,80,80,80,80,80,80,82,84,84,84,86,86,86],"card_choices":[{"not_picked":["Thunderclap","Twin Strike"],"picked":"Iron Wave","floor":0},{"not_picked":["Body Slam","Perfected Strike"],"picked":"Armaments","floor":1},{"not_picked":["Thunderclap","Hemokinesis"],"picked":"Intimidate","floor":2},{"not_picked":["Entrench","Wild Strike"],"picked":"Shrug It Off","floor":3},{"not_picked":["Shrug It Off","Evolve"],"picked":"Pommel Strike","floor":4},{"not_picked":["Shrug It Off","Fire Breathing","Headbutt"],"picked":"SKIP","floor":7},{"not_picked":["True Grit","Warcry"],"picked":"Cleave","floor":10},{"not_picked":["Headbutt","Fire Breathing"],"picked":"Flex","floor":12},{"not_picked":["Corruption","True Grit","Reckless Charge"],"picked":"SKIP","floor":13},{"not_picked":["Demon Form","Exhume"],"picked":"Reaper","floor":16},{"not_picked":["True Grit","Body Slam"],"picked":"Rampage+1","floor":18},{"not_picked":["Hemokinesis","Thunderclap","Clothesline"],"picked":"SKIP","floor":20},{"not_picked":["Seeing Red","Blood for Blood"],"picked":"Shockwave+1","floor":24},{"not_picked":["Flex","Headbutt","Thunderclap+1"],"picked":"SKIP","floor":28},{"not_picked":["Clash+1","Sentinel","Clothesline+1"],"picked":"SKIP","floor":29},{"not_picked":["Thunderclap+1","Second Wind","Fire Breathing"],"picked":"SKIP","floor":30},{"not_picked":["Shockwave","True Grit","Iron Wave+1"],"picked":"SKIP","floor":31},{"not_picked":["Reaper","Berserk"],"picked":"Demon Form","floor":33},{"not_picked":["Armaments+1","Flex"],"picked":"Shrug It Off+1","floor":35},{"not_picked":["Fire Breathing+1","Pummel"],"picked":"Disarm+1","floor":37},{"not_picked":["Cleave","Armaments+1","Thunderclap"],"picked":"SKIP","floor":38},{"not_picked":["Pommel Strike","Dropkick"],"picked":"Battle Trance+1","floor":41},{"not_picked":["Cleave+1","Carnage","Entrench+1"],"picked":"Singing Bowl","floor":44},{"not_picked":["Flex","Sever Soul+1","Metallicize"],"picked":"Singing Bowl","floor":45},{"not_picked":["Metallicize+1","Intimidate+1"],"picked":"Impervious","floor":46},{"not_picked":["True Grit","Body Slam+1","Iron Wave"],"picked":"Singing Bowl","floor":48}],"player_experience":288385,"relics_obtained":[{"floor":9,"key":"MawBank"},{"floor":10,"key":"Potion Belt"},{"floor":24,"key":"Bag of Marbles"},{"floor":26,"key":"Vajra"},{"floor":31,"key":"Pen Nib"},{"floor":41,"key":"Happy Flower"},{"floor":43,"key":"Singing Bowl"}],"event_choices":[{"damage_healed":0,"gold_gain":0,"player_choice":"Forge","damage_taken":0,"max_hp_gain":0,"max_hp_loss":0,"event_name":"Accursed Blacksmith","floor":14,"gold_loss":0,"cards_upgraded":["Shrug It Off"]},{"damage_healed":0,"gold_gain":0,"player_choice":"Simplicity","damage_taken":0,"max_hp_gain":0,"max_hp_loss":0,"event_name":"Back to Basics","floor":19,"gold_loss":0,"cards_upgraded":["Strike_R","Strike_R","Strike_R","Strike_R","Defend_R","Defend_R","Defend_R","Defend_R"]},{"damage_healed":0,"gold_gain":0,"player_choice":"Read","damage_taken":0,"max_hp_gain":0,"max_hp_loss":0,"event_name":"The Library","floor":21,"gold_loss":0,"cards_obtained":["Uppercut"]},{"damage_healed":0,"gold_gain":0,"player_choice":"Ignored","damage_taken":0,"max_hp_gain":0,"max_hp_loss":0,"event_name":"Tomb of Lord Red Mask","floor":36,"gold_loss":0},{"damage_healed":0,"gold_gain":0,"player_choice":"Embrace Madness","damage_taken":10,"max_hp_gain":0,"max_hp_loss":0,"event_name":"Winding Halls","floor":42,"gold_loss":0,"cards_obtained":["Madness","Madness"]}],"is_beta":false,"boss_relics":[{"not_picked":["Lizard Tail","Runic Cube"],"picked":"Velvet Choker"},{"not_picked":["Pandora\u0027s Box","Busted Crown"],"picked":"Black Blood"}],"items_purged_floors":[5,22,39],"is_endless":false,"potions_floor_spawned":[2,3,4,28,29,31,33,37,44,45],"ascension_level":0}