{"gold_per_floor":[109,109,109,123,88,88,3,13,39,214,246,257,257,285,285,388,388,408,408,0,0,13,13,13,13,13,66,78,110,142,160,160,257,257,294,3,3,20,40,40,40,40,40,40,57,57,85,116,116,116],"floor_reached":50,"playtime":2585,"items_purged":["Doubt"],"score":575,"play_id":"09379b33-a186-4c7a-ad31-98d626d62689","local_time":"20180711113705","is_ascension_mode":false,"campfire_choices":[{"data":"Darkness","floor":6,"key":"SMITH"},{"floor":15,"key":"REST"},{"data":"Genetic Algorithm","floor":23,"key":"SMITH"},{"data":"1","floor":25,"key":"LIFT"},{"floor":32,"key":"REST"},{"data":"2","floor":40,"key":"LIFT"},{"data":"3","floor":42,"key":"LIFT"},{"floor":49,"key":"REST"}],"neow_cost":"NONE","seed_source_timestamp":2450978840553909,"circlet_count":0,"master_deck":["Defend_B+1","Defend_B","Defend_B","Defend_B","Zap","Dualcast","Genetic Algorithm+1","Darkness+1","FTL","Ball Lightning+1","BootSequence","Compile Driver+1","Barrage+1","Echo Form","Rebound+1","Bite+1","Bite+1","Bite+1","Bite+1","Bite+1","HandOfGreed+1","Static Discharge","Conserve Battery+1","FTL+1","Melter+1","White Noise","FTL+1","Buffer","Capacitor","Flash of Steel+1","Capacitor","Ball Lightning+1","Compile Driver+1","Defragment","Stack+1"],"relics":["Runic Dome","Whetstone","Molten Egg 2","Gambling Chip","Nuclear Battery","TheAbacus","Girya","The Courier","Red Mask","Omamori","Philosopher\u0027s Stone","Anchor","Boot","Strawberry"],"potions_floor_usage":[11,14,18,29,29,29,33,33,33,41,45,47,47,50],"damage_taken":[{"damage":5,"enemies":"Small Slimes","floor":1,"turns":3},{"damage":4,"enemies":"Cultist","floor":4,"turns":4},{"damage":0,"enemies":"2 Louse","floor":8,"turns":2},{"damage":20,"enemies":"Gremlin Nob","floor":11,"turns":4},{"damage":2,"enemies":"Blue Slaver","floor":12,"turns":3},{"damage":31,"enemies":"Lagavulin","floor":14,"turns":4},{"damage":23,"enemies":"The Guardian","floor":16,"turns":7},{"damage":9,"enemies":"3 Byrds","floor":18,"turns":3},{"damage":5,"enemies":"Shell Parasite","floor":22,"turns":4},{"damage":12,"floor":27,"turns":4},{"damage":21,"enemies":"Snake Plant","floor":28,"turns":3},{"damage":3,"enemies":"Book of Stabbing","floor":29,"turns":5},{"damage":15,"enemies":"Snecko","floor":30,"turns":3},{"damage":31,"enemies":"Slaver and Parasite","floor":31,"turns":6},{"damage":30,"enemies":"Champ","floor":33,"turns":8},{"damage":23,"enemies":"3 Darklings","floor":35,"turns":5},{"damage":18,"enemies":"Flame Bruiser 1 Orb","floor":38,"turns":5},{"damage":36,"enemies":"3 Darklings","floor":39,"turns":6},{"damage":0,"enemies":"Maw","floor":41,"turns":4},{"damage":23,"enemies":"Transient","floor":45,"turns":5},{"damage":31,"enemies":"2 Orb Walkers","floor":47,"turns":5},{"damage":10,"enemies":"Sphere and 2 Shapes","floor":48,"turns":2},{"damage":66,"enemies":"Awakened One","floor":50,"turns":3}],"seed_played":"-7374579686890808659","potions_obtained":[{"floor":1,"key":"Explosive Potion"},{"floor":4,"key":"Weak Potion"},{"floor":11,"key":"LiquidBronze"},{"floor":18,"key":"SmokeBomb"},{"floor":27,"key":"SkillPotion"},{"floor":28,"key":"EntropicBrew"},{"floor":31,"key":"FearPotion"},{"floor":35,"key":"FearPotion"},{"floor":45,"key":"FocusPotion"},{"floor":48,"key":"FocusPotion"}],"is_trial":false,"path_per_floor":["M","?","?","M","?","R","$","M","T","?","E","M","?","E","R","B",null,"M","?","$","?","M","R","?","R","T","?","M","E","M","M","R","B",null,"M","$","?","M","M","R","M","R","T","$","M","?","E","M","R"],"character_chosen":"DEFECT","items_purchased":["FTL","Ball Lightning","HandOfGreed+1","TheAbacus","Static Discharge","Flash of Steel+1","Anchor","Capacitor","EssenceOfSteel"],"campfire_rested":3,"item_purchase_floors":[7,7,20,20,20,36,36,36,36],"current_hp_per_floor":[70,70,63,59,75,75,75,75,75,75,55,53,38,7,29,6,75,66,52,52,52,52,52,52,52,52,45,37,52,37,30,45,42,52,41,41,41,38,23,23,32,32,32,32,34,34,31,27,44,0],"gold":116,"neow_bonus":"BOSS_RELIC","is_prod":false,"is_daily":false,"chose_seed":false,"campfire_upgraded":2,"win_rate":0,"timestamp":1531327025,"path_taken":["M","?","?","?","?","R","$","M","T","?","E","?","?","E","R","BOSS","M","?","$","?","?","R","?","R","T","?","M","E","M","M","R","BOSS","M","$","?","M","?","R","M","R","T","?","M","?","E","M","R","BOSS"],"build_version":"2018-07-10","purchased_purges":1,"victory":false,"max_hp_per_floor":[75,75,75,75,75,75,75,75,75,75,75,75,75,75,75,75,75,75,52,52,52,52,52,52,52,52,52,52,52,52,52,52,52,52,52,52,52,52,52,52,52,52,52,52,52,52,59,59,59,59],"card_choices":[{"not_picked":["Turbo","Recycle"],"picked":"Genetic Algorithm","floor":1},{"not_picked":["Barrage","Steam"],"picked":"Darkness","floor":4},{"not_picked":["Sweeping Beam","Stack"],"picked":"BootSequence","floor":8},{"not_picked":["Conserve Battery","Barrage"],"picked":"Compile Driver","floor":11},{"not_picked":["Hologram","Beam Cell+1"],"picked":"Barrage+1","floor":12},{"not_picked":["Conserve Battery","Turbo"],"picked":"Biased Cognition","floor":14},{"not_picked":["Core Surge+1","Multi-Cast"],"picked":"Echo Form","floor":16},{"not_picked":["Heatsinks","Steam"],"picked":"Rebound+1","floor":18},{"not_picked":["Stack","Force Field"],"picked":"Conserve Battery+1","floor":22},{"not_picked":["Redo+1","Coolheaded"],"picked":"FTL+1","floor":27},{"not_picked":["Chaos","Leap"],"picked":"Melter+1","floor":28},{"not_picked":["Hello World+1","Capacitor","Skim"],"picked":"SKIP","floor":29},{"not_picked":["Leap","Static Discharge"],"picked":"White Noise","floor":30},{"not_picked":["Sunder+1","Steam"],"picked":"FTL+1","floor":31},{"not_picked":["Seek","Core Surge+1"],"picked":"Buffer","floor":33},{"not_picked":["Rebound+1","Sweeping Beam+1"],"picked":"Capacitor","floor":35},{"not_picked":["Rip and Tear+1","Scrape+1","Steam"],"picked":"SKIP","floor":38},{"not_picked":["Darkness","Turbo"],"picked":"Ball Lightning+1","floor":39},{"not_picked":["Turbo","Rebound+1"],"picked":"Compile Driver+1","floor":45},{"not_picked":["Biased Cognition","Barrage+1"],"picked":"Defragment","floor":47},{"not_picked":["Leap","Rebound+1"],"picked":"Stack+1","floor":48}],"player_experience":200147,"relics_obtained":[{"floor":9,"key":"Whetstone"},{"floor":11,"key":"Molten Egg 2"},{"floor":14,"key":"Gambling Chip"},{"floor":26,"key":"The Courier"},{"floor":27,"key":"Red Mask"},{"floor":29,"key":"Omamori"},{"floor":43,"key":"Boot"},{"floor":47,"key":"Strawberry"}],"event_choices":[{"event_name":"Match and Keep!","player_choice":"1 cards matched","floor":2,"damage_taken":0},{"event_name":"Golden Wing","player_choice":"Card Removal","floor":3,"damage_taken":0},{"event_name":"The Cleric","player_choice":"Healed","floor":5,"damage_taken":0},{"event_name":"Liars Game","player_choice":"agreed","floor":10,"damage_taken":0},{"event_name":"Shining Light","player_choice":"Entered Light","floor":13,"damage_taken":0},{"event_name":"Vampires","player_choice":"Became a vampire","floor":19,"damage_taken":0},{"event_name":"Bonfire Elementals","player_choice":"BASIC","floor":21,"damage_taken":0},{"event_name":"The Mausoleum","player_choice":"Yes","floor":24,"damage_taken":0},{"event_name":"Masked Bandits","player_choice":"Fought over 13 gold","floor":27,"damage_taken":0},{"event_name":"Falling","player_choice":"Removed Power","floor":37,"damage_taken":0},{"event_name":"Wheel of Change","player_choice":"Card Removal","floor":46,"damage_taken":0}],"boss_relics":[{"not_picked":["Tiny House","Velvet Choker"],"picked":"Nuclear Battery"},{"not_picked":["Sozu","Snecko Eye"],"picked":"Philosopher\u0027s Stone"}],"items_purged_floors":[20],"is_endless":false,"potions_floor_spawned":[1,4,11,18,27,28,31,35,41,45,48],"killed_by":"Awakened One","ascension_level":0}