{"path_per_floor":["M","M","M","$","?","R","E","R","T","?","M","M","$","?","R","B",null,"M"],"character_chosen":"DEFECT","items_purchased":["Orichalcum"],"gold_per_floor":[114,130,146,71,71,71,104,104,130,130,150,168,12,33,33,130,130,141,141],"floor_reached":19,"campfire_rested":0,"playtime":773,"current_hp_per_floor":[75,75,75,75,75,75,72,72,72,72,60,62,62,58,58,24,79,49,0],"items_purged":["Strike_B"],"gold":141,"score":167,"play_id":"464c920f-80d8-44c3-83ed-0e3b68a7d0f6","local_time":"20180503232402","is_prod":false,"is_daily":false,"chose_seed":false,"is_ascension_mode":false,"campfire_upgraded":3,"timestamp":1525407842,"path_taken":["M","M","M","$","?","R","E","R","T","?","M","M","$","?","R","BOSS","M","?"],"build_version":"2018-04-30","seed_source_timestamp":2002889555902631,"purchased_purges":4,"victory":false,"master_deck":["Strike_B","Defend_B","Defend_B","Defend_B","Zap+1","Dualcast","Defragment+1","Barrage","White Noise+1","Machine Learning","Steam Power+1","Creative AI+1","Auto Shields+1"],"max_hp_per_floor":[75,75,75,75,75,75,75,75,75,75,75,77,77,79,79,79,79,81,81],"relics":["Cracked Core","NeowsBlessing","Anchor","Singing Bowl","Orichalcum","Odd Mushroom","Astrolabe"],"card_choices":[{"not_picked":["Go for the Eyes","Chaos"],"picked":"Defragment","floor":1},{"not_picked":["Coolheaded","Leap"],"picked":"Barrage","floor":2},{"not_picked":["Genetic Algorithm","Skim"],"picked":"White Noise","floor":11},{"not_picked":["Thunder Strike","Nova"],"picked":"Machine Learning","floor":16}],"player_experience":128245,"potions_floor_usage":[7,7,7,16],"damage_taken":[{"damage":0,"enemies":"Cultist","floor":1,"turns":1},{"damage":0,"enemies":"2 Louse","floor":2,"turns":1},{"damage":0,"enemies":"Small Slimes","floor":3,"turns":1},{"damage":3,"enemies":"3 Sentries","floor":7,"turns":4},{"damage":12,"enemies":"Blue Slaver","floor":11,"turns":4},{"damage":0,"enemies":"3 Louse","floor":12,"turns":3},{"damage":6,"enemies":"The Mushroom Lair","floor":14,"turns":4},{"damage":34,"enemies":"Slime Boss","floor":16,"turns":9},{"damage":32,"enemies":"2 Thieves","floor":18,"turns":4},{"damage":50,"enemies":"Masked Bandits","floor":19,"turns":4}],"event_choices":[{"event_name":"The Lab","player_choice":"Got Potions","floor":5,"damage_taken":0},{"event_name":"Match and Keep!","player_choice":"0 cards matched","floor":10,"damage_taken":0},{"event_name":"Mushrooms","player_choice":"Fought Mushrooms","floor":14,"damage_taken":0},{"event_name":"Masked Bandits","player_choice":"Fought over 141 gold","floor":19,"damage_taken":0}],"boss_relics":[{"not_picked":["Ectoplasm","Runic Pyramid"],"picked":"Astrolabe"}],"potions_floor_spawned":[1,2,3,7],"seed_played":"-5461863196883870203","killed_by":"Masked Bandits","ascension_level":0,"is_trial":false}