{"gold_per_floor":[114,114,132,151,166,194,194,213,259,275,308,308,324,6,6,109,109,128,139,40,580,205,205,224,240,240,260,36,36,50,77,77,178,178,194,294,294,294,313,313,332,121,169,186,12,28,43,77,77,77],"floor_reached":51,"playtime":1940,"items_purged":["Strike_B","Defend_B","Decay"],"score":788,"play_id":"ce022b0c-6574-4e6d-a6e3-e48347686fbc","local_time":"20181207171603","is_ascension_mode":false,"campfire_choices":[{"data":"Zap","floor":7,"key":"SMITH"},{"data":"Redo","floor":15,"key":"SMITH"},{"floor":23,"key":"REST"},{"floor":29,"key":"REST"},{"data":"Apotheosis","floor":32,"key":"SMITH"},{"floor":40,"key":"REST"},{"floor":49,"key":"REST"}],"neow_cost":"NONE","seed_source_timestamp":179637486818407,"circlet_count":0,"master_deck":["Strike_B","Strike_B","Defend_B","Defend_B","Defend_B","Zap+1","Dualcast","Cold Snap","Conserve Battery","Cold Snap","Doom and Gloom","Ball Lightning","Leap","Cold Snap","Conserve Battery","Redo+1","Electrodynamics","Hyperbeam","Good Instincts","Consume","Cold Snap","Apotheosis+1","Blizzard","Loop+1","Conserve Battery+1","Chill","White Noise","Reboot","Mayhem+1","Static Discharge+1","White Noise","Blizzard","Coolheaded","Parasite","Machine Learning+1","Coolheaded+1","Cold Snap+1"],"relics":["Lizard Tail","Bag of Marbles","Mercury Hourglass","Bronze Scales","Pen Nib","Membership Card","Runic Dome","Runic Capacitor","Frozen Egg 2","Calipers","Letter Opener","Dream Catcher","Boot","Runic Pyramid","Unceasing Top","Bottled Tornado","Anchor","Bag of Preparation","Meat on the Bone"],"potions_floor_usage":[6,11,19,25,41,50,50],"damage_taken":[{"damage":5,"enemies":"Cultist","floor":1,"turns":5},{"damage":4,"enemies":"Jaw Worm","floor":3,"turns":3},{"damage":0,"enemies":"Small Slimes","floor":4,"turns":4},{"damage":0,"enemies":"Exordium Thugs","floor":5,"turns":4},{"damage":24,"enemies":"Lagavulin","floor":6,"turns":6},{"damage":2,"enemies":"Blue Slaver","floor":8,"turns":2},{"damage":0,"enemies":"2 Fungi Beasts","floor":10,"turns":2},{"damage":4,"enemies":"3 Sentries","floor":11,"turns":3},{"damage":0,"enemies":"Large Slime","floor":13,"turns":4},{"damage":3,"enemies":"Hexaghost","floor":16,"turns":8},{"damage":0,"enemies":"Shell Parasite","floor":18,"turns":4},{"damage":18,"enemies":"2 Thieves","floor":19,"turns":3},{"damage":9,"enemies":"Centurion and Healer","floor":24,"turns":5},{"damage":16,"enemies":"Snake Plant","floor":25,"turns":4},{"damage":8,"enemies":"Shelled Parasite and Fungi","floor":27,"turns":5},{"damage":0,"enemies":"3 Cultists","floor":30,"turns":3},{"damage":4,"enemies":"Gremlin Leader","floor":31,"turns":7},{"damage":9,"enemies":"Champ","floor":33,"turns":12},{"damage":8,"enemies":"Orb Walker","floor":35,"turns":4},{"damage":0,"enemies":"Mind Bloom Boss Battle","floor":36,"turns":4},{"damage":27,"enemies":"3 Darklings","floor":39,"turns":3},{"damage":9,"enemies":"Transient","floor":41,"turns":5},{"damage":11,"enemies":"4 Shapes","floor":44,"turns":3},{"damage":0,"enemies":"Writhing Mass","floor":46,"turns":5},{"damage":0,"enemies":"3 Darklings","floor":47,"turns":3},{"damage":13,"enemies":"Reptomancer","floor":48,"turns":6},{"damage":22,"enemies":"Time Eater","floor":50,"turns":14}],"seed_played":"-3650165958630297807","potions_obtained":[{"floor":3,"key":"SpeedPotion"},{"floor":5,"key":"Energy Potion"},{"floor":6,"key":"Energy Potion"},{"floor":11,"key":"Poison Potion"},{"floor":16,"key":"SmokeBomb"},{"floor":19,"key":"AttackPotion"},{"floor":30,"key":"Fire Potion"},{"floor":47,"key":"FocusPotion"}],"is_trial":false,"path_per_floor":["M","?","M","M","M","E","R","M","T","M","E","?","M","$","R","B",null,"M","M","$","?","$","R","M","M","T","M","$","R","M","E","R","B",null,"M","?","?","?","M","R","M","$","T","M","$","M","M","E","R","B",null],"character_chosen":"DEFECT","items_purchased":["Membership Card","Electrodynamics","Runic Capacitor","Frozen Egg 2","Good Instincts","Calipers","Apotheosis","Blizzard","Loop+1","Dream Catcher","Bottled Tornado","White Noise","Bag of Preparation","Blizzard","Coolheaded","Ancient Potion"],"campfire_rested":4,"item_purchase_floors":[14,14,20,22,22,22,28,28,28,28,42,42,45,45,45,45],"current_hp_per_floor":[70,67,63,63,63,39,39,37,37,37,33,33,33,33,33,30,75,75,57,57,8,8,30,21,5,5,37,37,59,59,55,55,46,75,67,67,57,57,30,52,43,43,43,32,32,32,32,19,41,31],"gold":77,"neow_bonus":"BOSS_RELIC","is_prod":false,"is_daily":false,"chose_seed":false,"campfire_upgraded":3,"win_rate":0,"timestamp":1544224563,"path_taken":["M","?","M","M","M","E","R","M","T","M","E","?","M","$","R","BOSS","M","M","?","?","$","R","M","M","T","M","$","R","?","E","R","BOSS","M","?","?","?","M","R","?","$","T","M","$","M","?","E","R","BOSS"],"build_version":"2018-12-06","purchased_purges":3,"victory":true,"max_hp_per_floor":[75,75,75,75,75,75,75,75,75,75,75,75,75,75,75,75,75,75,75,75,75,75,75,75,75,75,75,75,75,75,75,75,75,75,75,75,75,75,75,75,75,75,75,75,75,75,75,75,75,75],"card_choices":[{"not_picked":["Melter","Turbo"],"picked":"Cold Snap","floor":1},{"not_picked":["Cold Snap","Streamline"],"picked":"Conserve Battery","floor":3},{"not_picked":["Hologram","Fusion"],"picked":"Cold Snap","floor":4},{"not_picked":["Beam Cell","Static Discharge"],"picked":"Doom and Gloom","floor":5},{"not_picked":["Compile Driver","Undo"],"picked":"Ball Lightning","floor":6},{"not_picked":["Reboot","Gash"],"picked":"Leap","floor":8},{"not_picked":["Beam Cell","Steam","Turbo"],"picked":"SKIP","floor":10},{"not_picked":["Go for the Eyes","Steam"],"picked":"Cold Snap","floor":11},{"not_picked":["Hologram","Stack"],"picked":"Redo","floor":13},{"not_picked":["All For One","Buffer"],"picked":"Hyperbeam","floor":16},{"not_picked":["Conserve Battery","Reinforced Body","Gash+1"],"picked":"SKIP","floor":18},{"not_picked":["Sweeping Beam+1","Turbo","Streamline+1"],"picked":"SKIP","floor":19},{"not_picked":["Scrape+1","Recycle","Melter"],"picked":"SKIP","floor":24},{"not_picked":["Undo","Leap"],"picked":"Consume","floor":25},{"not_picked":["Beam Cell","Turbo"],"picked":"Cold Snap","floor":27},{"not_picked":["Gash+1","Force Field"],"picked":"Conserve Battery+1","floor":29},{"not_picked":["Barrage","Ball Lightning"],"picked":"Chill","floor":30},{"not_picked":["Rainbow","Gash"],"picked":"White Noise","floor":31},{"not_picked":["Meteor Strike","Fission"],"picked":"Reboot","floor":33},{"not_picked":["Compile Driver","Streamline","Steam"],"picked":"SKIP","floor":35},{"not_picked":["Discovery","Dark Shackles"],"picked":"Mayhem+1","floor":37},{"not_picked":["Conserve Battery","Auto Shields+1","Streamline+1"],"picked":"SKIP","floor":39},{"not_picked":["Stack","Turbo"],"picked":"Static Discharge+1","floor":40},{"not_picked":["Stack","Compile Driver","Chaos"],"picked":"SKIP","floor":41},{"not_picked":["Stack","Compile Driver","Chaos"],"picked":"SKIP","floor":41},{"not_picked":["Fission","BootSequence","Beam Cell+1"],"picked":"SKIP","floor":44},{"not_picked":["Redo","Undo","Rebound+1"],"picked":"SKIP","floor":46},{"not_picked":["BootSequence","Conserve Battery"],"picked":"Machine Learning+1","floor":47},{"not_picked":["Turbo","Ball Lightning+1"],"picked":"Coolheaded+1","floor":48},{"not_picked":["Lockon","Ball Lightning+1"],"picked":"Cold Snap+1","floor":49}],"player_experience":360507,"relics_obtained":[{"floor":6,"key":"Mercury Hourglass"},{"floor":9,"key":"Bronze Scales"},{"floor":11,"key":"Pen Nib"},{"floor":26,"key":"Letter Opener"},{"floor":31,"key":"Boot"},{"floor":36,"key":"Unceasing Top"},{"floor":43,"key":"Anchor"},{"floor":48,"key":"Meat on the Bone"}],"event_choices":[{"damage_healed":0,"gold_gain":0,"player_choice":"Success","damage_taken":3,"relics_obtained":["Bag of Marbles"],"max_hp_gain":0,"max_hp_loss":0,"event_name":"Scrap Ooze","floor":2,"gold_loss":0},{"damage_healed":0,"gold_gain":0,"cards_transformed":["Strike_B"],"player_choice":"Transformed","damage_taken":0,"max_hp_gain":0,"max_hp_loss":0,"event_name":"Transmorgrifier","floor":12,"gold_loss":0,"cards_obtained":["Conserve Battery"]},{"damage_healed":0,"gold_gain":540,"player_choice":"GOLD GOLD GOLD GOLD GOLD GOLD ","damage_taken":49,"max_hp_gain":0,"max_hp_loss":0,"event_name":"Knowing Skull","floor":21,"potions_obtained":[],"gold_loss":0,"cards_obtained":[]},{"damage_healed":0,"gold_gain":0,"player_choice":"Fight","damage_taken":0,"max_hp_gain":0,"max_hp_loss":0,"event_name":"MindBloom","floor":36,"gold_loss":0},{"damage_healed":0,"gold_gain":0,"player_choice":"Memory 3","damage_taken":10,"max_hp_gain":0,"max_hp_loss":0,"event_name":"SensoryStone","floor":37,"gold_loss":0},{"damage_healed":0,"gold_gain":0,"player_choice":"Cursed","damage_taken":0,"max_hp_gain":0,"max_hp_loss":0,"event_name":"Wheel of Change","floor":38,"gold_loss":0,"cards_obtained":["Decay"]}],"is_beta":true,"boss_relics":[{"not_picked":["Fusion Hammer","Coffee Dripper"],"picked":"Runic Dome"},{"not_picked":["Velvet Choker","Calling Bell"],"picked":"Runic Pyramid"}],"items_purged_floors":[14,22,42],"is_endless":false,"potions_floor_spawned":[3,5,6,11,16,19,30,31,39,46,47,48],"ascension_level":0}