{"gold_per_floor":[114,131,33,53,76,111,111,124,151,151,179,179,204,222,222,326,326,266,266,266,266,266,266,266,266,266,266,122,122,122,22,22,22,22,22,22,22,22,22,22,22,22,22,22,22,22,22,22,22,22,22,22,22,22,22],"floor_reached":55,"playtime":2659,"items_purged":["Pain","Pain"],"score":717,"play_id":"7c6b8c64-79a2-4ded-84eb-6e6d5f35eae9","local_time":"20181110190520","is_ascension_mode":false,"campfire_choices":[{"floor":7,"key":"REST"},{"data":"Sucker Punch","floor":10,"key":"SMITH"},{"floor":12,"key":"REST"},{"floor":15,"key":"RECALL"},{"floor":23,"key":"REST"},{"floor":25,"key":"REST"},{"data":"Envenom","floor":32,"key":"SMITH"},{"floor":42,"key":"REST"},{"floor":49,"key":"REST"},{"data":"Choke","floor":52,"key":"SMITH"}],"neow_cost":"CURSE","seed_source_timestamp":2642485832088790,"circlet_count":0,"master_deck":["Defend_G","Defend_G","Defend_G","Strike_G","Strike_G","Survivor","Neutralize","Bane","Infinite Blades","Outmaneuver","Acrobatics","Deflect","Sucker Punch+1","Deadly Poison","Backstab","Infinite Blades","Envenom+1","Blade Dance+1","Acrobatics+1","PiercingWail","Choke+1","Backflip+1","Burst","Accuracy+1","Underhanded Strike+1","A Thousand Cuts+1","Terror+1","Cloak And Dagger","Blade Dance+1","Backflip+1","Heel Hook+1","Cloak And Dagger+1","Infinite Blades+1"],"relics":["Ring of the Snake","Turnip","Vajra","Ancient Tea Set","Mercury Hourglass","Nunchaku","Ectoplasm","Enchiridion","Centennial Puzzle","Bag of Marbles","Tiny Chest","PreservedInsect","WarpedTongs","Astrolabe","Sundial","Smiling Mask","Incense Burner","Potion Belt","Dream Catcher"],"potions_floor_usage":[2,11,13,27,36,46,54,54,55],"damage_taken":[{"damage":5,"enemies":"Cultist","floor":1,"turns":5},{"damage":3,"enemies":"Jaw Worm","floor":2,"turns":4},{"damage":2,"enemies":"2 Louse","floor":4,"turns":3},{"damage":31,"enemies":"3 Sentries","floor":6,"turns":9},{"damage":3,"enemies":"Gremlin Gang","floor":8,"turns":6},{"damage":3,"enemies":"Lagavulin","floor":11,"turns":7},{"damage":4,"enemies":"Gremlin Nob","floor":13,"turns":3},{"damage":1,"enemies":"Blue Slaver","floor":14,"turns":2},{"damage":45,"enemies":"The Guardian","floor":16,"turns":10},{"damage":26,"enemies":"2 Thieves","floor":18,"turns":3},{"damage":7,"enemies":"Shell Parasite","floor":19,"turns":4},{"damage":0,"enemies":"Chosen and Byrds","floor":24,"turns":4},{"damage":11,"enemies":"Gremlin Leader","floor":27,"turns":6},{"damage":2,"enemies":"Sentry and Sphere","floor":29,"turns":4},{"damage":22,"enemies":"Collector","floor":33,"turns":9},{"damage":0,"enemies":"3 Shapes","floor":35,"turns":2},{"damage":11,"enemies":"3 Darklings","floor":36,"turns":3},{"damage":33,"enemies":"Writhing Mass","floor":39,"turns":5},{"damage":5,"enemies":"Giant Head","floor":40,"turns":4},{"damage":3,"enemies":"4 Shapes","floor":44,"turns":2},{"damage":0,"enemies":"Transient","floor":46,"turns":5},{"damage":11,"enemies":"Jaw Worm Horde","floor":47,"turns":4},{"damage":0,"enemies":"4 Shapes","floor":48,"turns":6},{"damage":41,"enemies":"Donu and Deca","floor":50,"turns":7},{"damage":10,"enemies":"Shield and Spear","floor":54,"turns":3},{"damage":62,"enemies":"The Heart","floor":55,"turns":8}],"seed_played":"-1445459408707854179","potions_obtained":[{"floor":1,"key":"LiquidBronze"},{"floor":6,"key":"Weak Potion"},{"floor":11,"key":"Fire Potion"},{"floor":13,"key":"FairyPotion"},{"floor":24,"key":"Fire Potion"},{"floor":33,"key":"Block Potion"},{"floor":39,"key":"Strength Potion"},{"floor":46,"key":"SteroidPotion"},{"floor":47,"key":"Energy Potion"},{"floor":48,"key":"Poison Potion"}],"is_trial":false,"path_per_floor":["M","M","$","M","T","E","R","M","T","R","E","R","E","M","R","B",null,"M","M","?","T","?","R","M","R","T","E","$","M","?","$","R","B",null,"M","M","T","?","M","E","?","R","T","M","T","M","M","M","R","B",null,"R","$","E","B"],"character_chosen":"THE_SILENT","items_purchased":["Outmaneuver","PreservedInsect"],"campfire_rested":6,"item_purchase_floors":[3,28],"current_hp_per_floor":[65,62,62,60,60,29,50,47,47,47,44,65,61,60,60,15,70,44,37,21,21,21,42,42,63,63,52,52,50,50,50,50,28,70,70,59,59,59,26,21,21,40,40,37,37,37,26,26,45,4,66,66,66,56,0],"gold":22,"neow_bonus":"ONE_RARE_RELIC","is_prod":false,"is_daily":false,"chose_seed":false,"campfire_upgraded":3,"win_rate":0,"timestamp":1541898320,"path_taken":["M","M","$","?","?","E","R","M","T","R","E","R","E","M","R","BOSS","M","M","?","?","?","R","M","R","T","E","$","?","?","$","R","BOSS","M","M","?","?","?","E","?","R","T","M","?","M","M","?","R","BOSS","R","$","E","BOSS"],"build_version":"2018-11-08","purchased_purges":2,"victory":false,"max_hp_per_floor":[70,70,70,70,70,70,70,70,70,70,70,70,70,70,70,70,70,70,70,70,70,70,70,70,70,70,70,70,70,70,70,70,70,70,70,70,70,70,70,70,66,66,66,66,66,66,66,66,66,66,66,66,66,66,66],"card_choices":[{"not_picked":["Well Laid Plans","Riddle With Holes"],"picked":"Bane","floor":1},{"not_picked":["Finisher","Backflip"],"picked":"Infinite Blades","floor":2},{"not_picked":["Prepared","Concentrate"],"picked":"Acrobatics","floor":4},{"not_picked":["Heel Hook","Predator"],"picked":"Deflect","floor":6},{"not_picked":["Outmaneuver","Deadly Poison"],"picked":"Sucker Punch","floor":8},{"not_picked":["Bane","Setup"],"picked":"Deadly Poison","floor":11},{"not_picked":["Riddle With Holes","Quick Slash"],"picked":"Backstab","floor":13},{"not_picked":["Deadly Poison","Wraith Form v2"],"picked":"Infinite Blades","floor":14},{"not_picked":["Wraith Form v2","Unload"],"picked":"Envenom","floor":16},{"not_picked":["Tactician","Distraction"],"picked":"Blade Dance+1","floor":18},{"not_picked":["Dagger Spray","Outmaneuver+1"],"picked":"Acrobatics+1","floor":19},{"not_picked":["Backflip","Calculated Gamble"],"picked":"PiercingWail","floor":24},{"not_picked":["Expertise","Dagger Spray"],"picked":"Choke","floor":27},{"not_picked":["Terror","Wraith Form v2"],"picked":"Backflip+1","floor":29},{"not_picked":["Grand Finale","Unload"],"picked":"Burst","floor":33},{"not_picked":["Poisoned Stab","Underhanded Strike"],"picked":"Terror+1","floor":35},{"not_picked":["Crippling Poison","Quick Slash+1"],"picked":"Cloak And Dagger","floor":36},{"not_picked":["Masterful Stab+1","Poisoned Stab+1"],"picked":"Blade Dance+1","floor":39},{"not_picked":["Dodge and Roll","A Thousand Cuts"],"picked":"Backflip+1","floor":40},{"not_picked":["Slice","Predator+1"],"picked":"Heel Hook+1","floor":44},{"not_picked":["Bane+1","Dagger Spray+1"],"picked":"Cloak And Dagger+1","floor":46},{"not_picked":["Quick Slash+1","Dagger Spray","Blur"],"picked":"SKIP","floor":47},{"not_picked":["Poisoned Stab+1","Accuracy"],"picked":"Infinite Blades+1","floor":48},{"not_picked":["Slice","Poisoned Stab","Masterful Stab"],"picked":"SKIP","floor":54}],"player_experience":236342,"relics_obtained":[{"floor":5,"key":"Vajra"},{"floor":6,"key":"Ancient Tea Set"},{"floor":11,"key":"Mercury Hourglass"},{"floor":13,"key":"Nunchaku"},{"floor":20,"key":"Enchiridion"},{"floor":21,"key":"Centennial Puzzle"},{"floor":26,"key":"Bag of Marbles"},{"floor":27,"key":"Tiny Chest"},{"floor":37,"key":"Sundial"},{"floor":40,"key":"Smiling Mask"},{"floor":43,"key":"Incense Burner"},{"floor":45,"key":"Potion Belt"},{"floor":54,"key":"Dream Catcher"}],"event_choices":[{"damage_healed":0,"gold_gain":0,"player_choice":"Obtained Book","damage_taken":16,"max_hp_gain":0,"max_hp_loss":0,"event_name":"Cursed Tome","floor":20,"gold_loss":0},{"cards_removed":["Strike_G"],"damage_healed":0,"gold_gain":0,"player_choice":"Purged","damage_taken":0,"max_hp_gain":0,"max_hp_loss":0,"event_name":"Purifier","floor":22,"gold_loss":0},{"damage_healed":0,"gold_gain":0,"player_choice":"Rummage","damage_taken":0,"relics_obtained":["WarpedTongs"],"max_hp_gain":0,"max_hp_loss":0,"event_name":"Accursed Blacksmith","floor":30,"gold_loss":0,"cards_obtained":["Pain"]},{"cards_removed":["Defend_G"],"damage_healed":0,"gold_gain":0,"player_choice":"Purged","damage_taken":0,"max_hp_gain":0,"max_hp_loss":0,"event_name":"Purifier","floor":38,"gold_loss":0},{"damage_healed":0,"gold_gain":0,"player_choice":"Max HP","damage_taken":0,"max_hp_gain":0,"max_hp_loss":4,"event_name":"Winding Halls","floor":41,"gold_loss":0}],"is_beta":true,"boss_relics":[{"not_picked":["Coffee Dripper","Calling Bell"],"picked":"Ectoplasm"},{"not_picked":["Snecko Eye","Velvet Choker"],"picked":"Astrolabe"}],"items_purged_floors":[3,31],"is_endless":false,"potions_floor_spawned":[1,6,11,13,24,33,39,46,47,48],"killed_by":"The Heart","ascension_level":0}