{"gold_per_floor":[211,223,173,185,205,235,245,271,271,283,308,332,344,370,382,498,510,539,476,504,14,24,24],"floor_reached":23,"playtime":1188,"items_purged":["Strike_R"],"score":279,"play_id":"e5edd57a-0368-4f06-80bc-ef18ff7c962e","local_time":"20190727110814","is_ascension_mode":true,"campfire_choices":[{"floor":15,"key":"REST"}],"neow_cost":"NONE","seed_source_timestamp":8712209940095,"circlet_count":0,"master_deck":["Strike_R","Strike_R","Defend_R","Defend_R","Defend_R","Defend_R","Bash","Sword Boomerang","Pommel Strike","Spot Weakness","Clothesline","Dropkick","Infernal Blade","True Grit","Headbutt","Armaments","Reaper","True Grit+1","Intimidate","Apotheosis","Feel No Pain+1"],"relics":["Burning Blood","Darkstone Periapt","Unceasing Top","MawBank","Philosopher\u0027s Stone","Frozen Egg 2"],"potions_floor_usage":[6,8,16,16,22,22],"damage_taken":[{"damage":13,"enemies":"Small Slimes","floor":1,"turns":5},{"damage":8,"enemies":"2 Louse","floor":2,"turns":3},{"damage":1,"enemies":"Cultist","floor":4,"turns":3},{"damage":15,"enemies":"3 Louse","floor":5,"turns":4},{"damage":35,"enemies":"3 Sentries","floor":6,"turns":8},{"damage":5,"enemies":"Red Slaver","floor":7,"turns":5},{"damage":13,"enemies":"Gremlin Nob","floor":8,"turns":3},{"damage":11,"enemies":"Blue Slaver","floor":11,"turns":3},{"damage":6,"enemies":"3 Louse","floor":12,"turns":5},{"damage":0,"enemies":"Large Slime","floor":14,"turns":5},{"damage":35,"enemies":"Hexaghost","floor":16,"turns":12},{"damage":45,"enemies":"3 Byrds","floor":18,"turns":4},{"damage":20,"enemies":"Shell Parasite","floor":20,"turns":9},{"damage":14,"enemies":"Centurion and Healer","floor":22,"turns":7},{"damage":30,"enemies":"Slavers","floor":23,"turns":1}],"seed_played":"-5521550294900863714","potions_obtained":[{"floor":4,"key":"Swift Potion"},{"floor":7,"key":"Strength Potion"},{"floor":8,"key":"Strength Potion"},{"floor":14,"key":"Dexterity Potion"},{"floor":16,"key":"AttackPotion"},{"floor":20,"key":"Energy Potion"}],"is_trial":false,"path_per_floor":["M","M","?","M","M","E","M","E","T","?","M","M","?","M","R","B",null,"M","?","M","$","M","E"],"character_chosen":"IRONCLAD","items_purchased":["Frozen Egg 2","Apotheosis"],"campfire_rested":1,"item_purchase_floors":[21,21],"current_hp_per_floor":[65,63,63,68,59,30,31,24,24,24,19,19,11,17,41,12,63,30,30,17,17,19,0],"gold":24,"neow_bonus":"HUNDRED_GOLD","is_prod":false,"is_daily":false,"chose_seed":false,"campfire_upgraded":0,"win_rate":0,"timestamp":1564240094,"path_taken":["M","M","?","M","M","E","M","E","T","?","M","M","?","M","R","BOSS","M","?","M","$","M","E"],"build_version":"2019-07-17","purchased_purges":1,"victory":false,"max_hp_per_floor":[80,80,80,80,80,80,80,80,80,80,80,80,80,80,80,80,80,80,80,80,80,80,80],"card_choices":[{"not_picked":["Cleave","Pommel Strike"],"picked":"Sword Boomerang","floor":1},{"not_picked":["Reckless Charge","Twin Strike"],"picked":"Pommel Strike","floor":2},{"not_picked":["Havoc","Sword Boomerang"],"picked":"Spot Weakness","floor":4},{"not_picked":["Rage","Anger"],"picked":"Clothesline","floor":5},{"not_picked":["Wild Strike","Fire Breathing","Body Slam"],"picked":"SKIP","floor":6},{"not_picked":["Heavy Blade","Bloodletting"],"picked":"Dropkick","floor":7},{"not_picked":["Exhume","Cleave"],"picked":"Infernal Blade","floor":8},{"not_picked":["Seeing Red","Corruption"],"picked":"True Grit","floor":11},{"not_picked":["Intimidate","Armaments"],"picked":"Headbutt","floor":12},{"not_picked":["Pummel","Bloodletting"],"picked":"Armaments","floor":14},{"not_picked":["Juggernaut","Offering"],"picked":"Reaper","floor":16},{"not_picked":["Perfected Strike","Headbutt"],"picked":"True Grit+1","floor":18},{"not_picked":["Wild Strike+1","Cleave"],"picked":"Intimidate","floor":20},{"not_picked":["Spot Weakness+1","Twin Strike"],"picked":"Feel No Pain+1","floor":22}],"player_experience":317271,"relics_obtained":[{"floor":6,"key":"Darkstone Periapt"},{"floor":8,"key":"Unceasing Top"},{"floor":9,"key":"MawBank"}],"event_choices":[{"cards_removed":["Strike_R"],"damage_healed":0,"gold_gain":0,"player_choice":"Card Removal","damage_taken":0,"max_hp_gain":0,"max_hp_loss":0,"event_name":"The Cleric","floor":3,"gold_loss":50},{"damage_healed":0,"gold_gain":0,"player_choice":"Searched \u00270\u0027 times","damage_taken":0,"max_hp_gain":0,"max_hp_loss":0,"event_name":"Dead Adventurer","floor":10,"gold_loss":0},{"damage_healed":0,"gold_gain":0,"player_choice":"Damaged","damage_taken":8,"max_hp_gain":0,"max_hp_loss":0,"event_name":"Wheel of Change","floor":13,"gold_loss":0},{"cards_removed":["Strike_R"],"damage_healed":0,"gold_gain":0,"player_choice":"Gave Gold","damage_taken":0,"max_hp_gain":0,"max_hp_loss":0,"event_name":"Beggar","floor":19,"gold_loss":75}],"is_beta":false,"boss_relics":[{"not_picked":["Eternal Feather","Black Blood"],"picked":"Philosopher\u0027s Stone"}],"items_purged_floors":[21],"is_endless":false,"potions_floor_spawned":[4,7,8,14,16,20],"killed_by":"Slavers","ascension_level":7}