{"gold_per_floor":[111,59,73,73,148,148,180,180,207,207,382,103,103,120,120,220,220,230,230,155,55,55,155,169,201,201,219,219,219,235,247,247,352,352,372,372,384,398,398,398],"floor_reached":40,"playtime":1912,"items_purged":["Doubt","Strike_B"],"score":577,"play_id":"63f7abd0-c741-4c9b-8c5c-fcd436301477","local_time":"20181201162544","is_ascension_mode":false,"campfire_choices":[{"data":"Zap","floor":6,"key":"SMITH"},{"floor":10,"key":"REST"},{"data":"Dualcast","floor":13,"key":"SMITH"},{"data":"Leap","floor":15,"key":"SMITH"},{"floor":29,"key":"REST"},{"floor":32,"key":"REST"}],"neow_cost":"PERCENT_DAMAGE","seed_source_timestamp":1356168437618873,"circlet_count":0,"master_deck":["Strike_B+1","Defend_B","Defend_B","Defend_B","Zap+1","Dualcast+1","Coolheaded+1","Leap+1","Compile Driver+1","Rebound+1","Rip and Tear+1","Ball Lightning+1","Thunder Strike+1","Aggregate+1","BootSequence+1","Machine Learning+1","Rebound+1","RitualDagger+1","Leap+1","Go for the Eyes+1","Skim+1","Defragment+1","Decay","Conserve Battery","Buffer","Pain","Injury","Pain","Parasite","Ball Lightning+1","Finesse"],"relics":["Cracked Core","Molten Egg 2","Mercury Hourglass","Vajra","Astrolabe","Nilry\u0027s Codex","Du-Vu Doll","Bottled Lightning","Ancient Tea Set","Matryoshka","Calling Bell","Shuriken","FossilizedHelix","Centennial Puzzle"],"potions_floor_usage":[14,23,23,23,23,23,31,33,37,38],"damage_taken":[{"damage":0,"enemies":"Cultist","floor":1,"turns":3},{"damage":0,"enemies":"2 Louse","floor":3,"turns":4},{"damage":11,"enemies":"3 Sentries","floor":7,"turns":9},{"damage":0,"enemies":"Small Slimes","floor":14,"turns":2},{"damage":0,"enemies":"Slime Boss","floor":16,"turns":4},{"damage":5,"enemies":"Spheric Guardian","floor":18,"turns":3},{"damage":5,"enemies":"Colosseum Slavers","floor":23,"turns":3},{"damage":32,"enemies":"Colosseum Nobs","floor":23,"turns":4},{"damage":0,"enemies":"Shell Parasite","floor":24,"turns":4},{"damage":4,"enemies":"Gremlin Leader","floor":25,"turns":7},{"damage":0,"enemies":"Cultist and Chosen","floor":27,"turns":3},{"damage":5,"enemies":"Shelled Parasite and Fungi","floor":30,"turns":4},{"damage":0,"enemies":"Sentry and Sphere","floor":31,"turns":3},{"damage":22,"enemies":"Champ","floor":33,"turns":12},{"damage":0,"enemies":"3 Shapes","floor":35,"turns":5},{"damage":12,"enemies":"3 Darklings","floor":37,"turns":5},{"damage":28,"enemies":"Writhing Mass","floor":38,"turns":6},{"damage":73,"enemies":"Reptomancer","floor":40,"turns":6}],"seed_played":"1251888428734753512","potions_obtained":[{"floor":1,"key":"Swift Potion"},{"floor":3,"key":"SmokeBomb"},{"floor":14,"key":"Fruit Juice"},{"floor":18,"key":"Swift Potion"},{"floor":23,"key":"Block Potion"},{"floor":27,"key":"FearPotion"},{"floor":31,"key":"Poison Potion"}],"is_trial":false,"path_per_floor":["M","$","M","?","?","R","E","?","T","R","?","$","R","M","R","B",null,"M","?","?","$","?","?","M","E","T","M","?","R","M","M","R","B",null,"M","?","M","M","?","E"],"character_chosen":"DEFECT","items_purchased":["Coolheaded","Rebound+1","Rip and Tear+1","EntropicBrew"],"campfire_rested":3,"item_purchase_floors":[2,12,12,12],"current_hp_per_floor":[68,68,68,50,39,39,28,16,16,42,42,42,42,47,47,47,94,89,73,73,73,67,30,30,26,26,26,26,54,49,49,77,55,94,94,94,82,54,54,0],"gold":398,"neow_bonus":"TWENTY_PERCENT_HP_BONUS","is_prod":false,"is_daily":false,"chose_seed":false,"campfire_upgraded":3,"win_rate":0,"timestamp":1543703144,"path_taken":["M","$","M","?","?","R","E","?","T","R","?","?","R","M","R","BOSS","M","?","?","$","?","?","M","E","T","M","?","R","M","M","R","BOSS","M","?","M","M","?","E"],"build_version":"2018-11-15","purchased_purges":2,"victory":false,"max_hp_per_floor":[89,89,89,89,89,89,89,89,89,89,89,89,89,94,94,94,94,94,94,94,94,94,94,94,94,94,94,94,94,94,94,94,94,94,94,94,94,94,94,94],"card_choices":[{"not_picked":["Cold Snap","Streamline"],"picked":"Heatsinks","floor":1},{"not_picked":["Barrage","Go for the Eyes"],"picked":"Leap","floor":3},{"not_picked":["Stack","Leap"],"picked":"Compile Driver","floor":7},{"not_picked":["Genetic Algorithm","Cold Snap+1"],"picked":"Ball Lightning+1","floor":14},{"not_picked":["Amplify","Biased Cognition"],"picked":"Thunder Strike+1","floor":16},{"not_picked":["Barrage+1","Auto Shields"],"picked":"Rebound+1","floor":18},{"not_picked":["Turbo","Glacier"],"picked":"Leap+1","floor":23},{"not_picked":["Double Energy","Chill+1"],"picked":"Go for the Eyes+1","floor":24},{"not_picked":["Turbo","Cold Snap+1"],"picked":"Skim+1","floor":25},{"not_picked":["Stack","Scrape+1"],"picked":"Defragment+1","floor":27},{"not_picked":["Consume","Leap"],"picked":"Conserve Battery","floor":30},{"not_picked":["Darkness","Barrage+1","Steam Power"],"picked":"SKIP","floor":31},{"not_picked":["Biased Cognition","Thunder Strike+1"],"picked":"Buffer","floor":33},{"not_picked":["Biased Cognition","Stack","Hologram"],"picked":"SKIP","floor":35},{"not_picked":["Hello World","Steam Power+1","Hologram+1"],"picked":"SKIP","floor":37},{"not_picked":["Compile Driver+1","Sweeping Beam+1"],"picked":"Ball Lightning+1","floor":38},{"not_picked":["Metamorphosis","Good Instincts"],"picked":"Finesse","floor":39}],"player_experience":326270,"relics_obtained":[{"floor":7,"key":"Molten Egg 2"},{"floor":9,"key":"Vajra"},{"floor":19,"key":"Nilry\u0027s Codex"},{"floor":23,"key":"Du-Vu Doll"},{"floor":23,"key":"Bottled Lightning"},{"floor":25,"key":"Ancient Tea Set"},{"floor":26,"key":"Matryoshka"},{"floor":34,"key":"Shuriken"},{"floor":34,"key":"FossilizedHelix"},{"floor":34,"key":"Centennial Puzzle"}],"event_choices":[{"damage_healed":0,"gold_gain":0,"player_choice":"Entered Light","damage_taken":18,"max_hp_gain":0,"max_hp_loss":0,"event_name":"Shining Light","floor":4,"gold_loss":0,"cards_upgraded":["Strike_B","Coolheaded"]},{"damage_healed":0,"gold_gain":75,"player_choice":"Gather Gold","damage_taken":11,"max_hp_gain":0,"max_hp_loss":0,"event_name":"World of Goop","floor":5,"gold_loss":0},{"damage_healed":0,"gold_gain":0,"player_choice":"Success","damage_taken":12,"relics_obtained":["Mercury Hourglass"],"max_hp_gain":0,"max_hp_loss":0,"event_name":"Scrap Ooze","floor":8,"gold_loss":0},{"damage_healed":0,"gold_gain":175,"player_choice":"AGREE","damage_taken":0,"max_hp_gain":0,"max_hp_loss":0,"event_name":"Liars Game","floor":11,"gold_loss":0,"cards_obtained":["Doubt"]},{"damage_healed":0,"gold_gain":0,"player_choice":"Obtained Book","damage_taken":16,"max_hp_gain":0,"max_hp_loss":0,"event_name":"Cursed Tome","floor":19,"gold_loss":0},{"cards_removed":["Strike_B"],"damage_healed":0,"gold_gain":0,"player_choice":"Gave Gold","damage_taken":0,"max_hp_gain":0,"max_hp_loss":0,"event_name":"Beggar","floor":20,"gold_loss":75},{"damage_healed":0,"gold_gain":0,"player_choice":"Joined the Cult","damage_taken":6,"max_hp_gain":0,"max_hp_loss":0,"event_name":"Nest","floor":22,"gold_loss":0,"cards_obtained":["RitualDagger"]},{"damage_healed":0,"gold_gain":0,"player_choice":"Fight","damage_taken":0,"max_hp_gain":0,"max_hp_loss":0,"event_name":"Colosseum","floor":23,"gold_loss":0},{"damage_healed":0,"gold_gain":0,"player_choice":"Fought Nobs","damage_taken":0,"max_hp_gain":0,"max_hp_loss":0,"event_name":"Colosseum","floor":23,"gold_loss":0},{"damage_healed":0,"gold_gain":0,"player_choice":"Smashed Altar","damage_taken":0,"max_hp_gain":0,"max_hp_loss":0,"event_name":"Forgotten Altar","floor":28,"gold_loss":0,"cards_obtained":["Decay"]},{"damage_healed":0,"gold_gain":0,"player_choice":"Ignored","damage_taken":0,"max_hp_gain":0,"max_hp_loss":0,"event_name":"Tomb of Lord Red Mask","floor":36,"gold_loss":0},{"damage_healed":0,"gold_gain":0,"player_choice":"Memory 1","damage_taken":0,"max_hp_gain":0,"max_hp_loss":0,"event_name":"SensoryStone","floor":39,"gold_loss":0}],"is_beta":true,"boss_relics":[{"not_picked":["Coffee Dripper","Orrery"],"picked":"Astrolabe"},{"not_picked":["Black Star","Sozu"],"picked":"Calling Bell"}],"items_purged_floors":[12,21],"is_endless":false,"potions_floor_spawned":[1,3,14,18,23,27,31],"killed_by":"Reptomancer","ascension_level":0}