{"gold_per_floor":[210,220,65,65,65,65,97,97,97,107,107,32,63,76,76,176,176,193,193,193,211,221,221,221,255,255,289,289,317,99,114,114,219,219,236,458,458,474,474,474,508,508,508,32,46,46,63,63,63,63],"floor_reached":51,"playtime":1787,"items_purged":["Defend_B","Strike_B+1"],"score":911,"play_id":"0e1c0c39-b2fc-4e06-b307-7527ccd43b1b","local_time":"20190908000320","is_ascension_mode":true,"campfire_choices":[{"data":"Zap","floor":6,"key":"SMITH"},{"data":"Dualcast","floor":11,"key":"SMITH"},{"data":"Defragment","floor":15,"key":"SMITH"},{"data":"Double Energy","floor":23,"key":"SMITH"},{"floor":28,"key":"REST"},{"data":"Machine Learning","floor":32,"key":"SMITH"},{"data":"Echo Form","floor":40,"key":"SMITH"},{"data":"Madness","floor":42,"key":"SMITH"},{"data":"Madness","floor":46,"key":"SMITH"},{"data":"Conserve Battery","floor":49,"key":"SMITH"}],"neow_cost":"NONE","seed_source_timestamp":45439750855700,"circlet_count":0,"master_deck":["Strike_B+1","Strike_B+1","Defend_B+1","Defend_B+1","Defend_B+1","Zap+1","Dualcast+1","Gash","Ball Lightning+1","Cold Snap+1","Defragment+1","Machine Learning+1","Ball Lightning+1","Cold Snap+1","Double Energy+1","Conserve Battery+1","Beam Cell+1","Melter+1","Echo Form+1","Self Repair+1","Madness+1","Madness+1","Gash+1","Defragment+1"],"relics":["Cracked Core","Regal Pillow","Meat on the Bone","Thread and Needle","Molten Egg 2","Lizard Tail","MutagenicStrength","Singing Bowl","Dodecahedron","Happy Flower","Red Mask","Lantern","Busted Crown","Symbiotic Virus","Cables","Kunai","Mercury Hourglass"],"potions_floor_usage":[13,18,27,41,41,45,50,50],"damage_taken":[{"damage":0,"enemies":"Small Slimes","floor":1,"turns":2},{"damage":1,"enemies":"Cultist","floor":2,"turns":3},{"damage":10,"enemies":"3 Sentries","floor":7,"turns":5},{"damage":0,"enemies":"2 Louse","floor":10,"turns":1},{"damage":14,"enemies":"Gremlin Nob","floor":13,"turns":3},{"damage":0,"enemies":"Looter","floor":14,"turns":2},{"damage":29,"enemies":"Hexaghost","floor":16,"turns":9},{"damage":9,"enemies":"2 Thieves","floor":18,"turns":3},{"damage":0,"enemies":"Chosen","floor":21,"turns":4},{"damage":24,"enemies":"Shelled Parasite and Fungi","floor":22,"turns":6},{"damage":20,"enemies":"Book of Stabbing","floor":25,"turns":5},{"damage":25,"enemies":"Gremlin Leader","floor":27,"turns":5},{"damage":0,"enemies":"Masked Bandits","floor":29,"turns":4},{"damage":0,"enemies":"Cultist and Chosen","floor":31,"turns":4},{"damage":50,"enemies":"Automaton","floor":33,"turns":9},{"damage":7,"enemies":"3 Shapes","floor":35,"turns":4},{"damage":19,"enemies":"Orb Walker","floor":38,"turns":4},{"damage":83,"enemies":"Reptomancer","floor":41,"turns":6},{"damage":18,"enemies":"3 Darklings","floor":45,"turns":5},{"damage":6,"enemies":"Transient","floor":47,"turns":5},{"damage":76,"enemies":"Awakened One","floor":50,"turns":9}],"seed_played":"6038185353126107508","potions_obtained":[{"floor":1,"key":"Poison Potion"},{"floor":7,"key":"FocusPotion"},{"floor":13,"key":"Energy Potion"},{"floor":31,"key":"LiquidBronze"},{"floor":35,"key":"Strength Potion"},{"floor":38,"key":"Swift Potion"}],"is_trial":false,"path_per_floor":["M","M","$","?","?","R","E","?","T","M","R","$","E","M","R","B",null,"M","?","?","M","M","R","?","E","T","E","R","?","$","M","R","B",null,"M","?","?","M","?","R","E","R","T","$","M","R","M","T","R","B",null],"character_chosen":"DEFECT","items_purchased":["Regal Pillow","Lantern","Melter+1","Kunai","Regen Potion","PowerPotion"],"campfire_rested":1,"item_purchase_floors":[3,30,30,44,44,44],"current_hp_per_floor":[75,74,74,59,64,64,54,54,54,54,54,54,52,52,52,35,69,60,60,60,60,48,48,48,42,42,29,68,68,68,70,70,32,71,64,64,53,56,56,56,56,56,56,56,64,64,80,80,80,26],"gold":63,"neow_bonus":"HUNDRED_GOLD","is_prod":false,"is_daily":false,"chose_seed":false,"campfire_upgraded":9,"win_rate":0,"timestamp":1567868600,"path_taken":["M","M","$","?","?","R","E","?","T","M","R","$","E","?","R","BOSS","M","?","?","M","M","R","?","E","T","E","R","?","?","M","R","BOSS","M","?","?","M","?","R","E","R","T","$","?","R","M","?","R","BOSS"],"build_version":"2019-07-17","purchased_purges":2,"victory":true,"max_hp_per_floor":[75,75,75,75,80,80,80,80,80,80,80,80,80,80,80,80,80,80,80,80,80,80,80,80,82,82,82,82,82,82,84,84,84,84,84,84,84,84,84,84,86,86,86,86,88,88,90,90,90,90],"card_choices":[{"not_picked":["Scrape","Hologram"],"picked":"Gash","floor":1},{"not_picked":["Beam Cell","Leap"],"picked":"Ball Lightning","floor":2},{"not_picked":["Reinforced Body","Stack","Hologram"],"picked":"SKIP","floor":7},{"not_picked":["Force Field","Sweeping Beam","Stack"],"picked":"SKIP","floor":10},{"not_picked":["Blizzard","Tempest"],"picked":"Cold Snap","floor":13},{"not_picked":["Redo","Auto Shields"],"picked":"Defragment","floor":14},{"not_picked":["Meteor Strike+1","Hyperbeam+1"],"picked":"Machine Learning","floor":16},{"not_picked":["Hologram","Steam"],"picked":"Ball Lightning+1","floor":18},{"not_picked":["Hologram","Rebound+1"],"picked":"Cold Snap+1","floor":21},{"not_picked":["Multi-Cast","Rebound+1"],"picked":"Double Energy","floor":22},{"not_picked":["Streamline+1","Genetic Algorithm","Barrage+1"],"picked":"Singing Bowl","floor":25},{"not_picked":["Cold Snap+1","Consume"],"picked":"Conserve Battery","floor":27},{"not_picked":["Stack","Rebound+1"],"picked":"Beam Cell+1","floor":29},{"not_picked":["Scrape+1","Beam Cell+1","Melter+1"],"picked":"Singing Bowl","floor":31},{"not_picked":["Creative AI","Amplify"],"picked":"Echo Form","floor":33},{"not_picked":[],"picked":"Self Repair+1","floor":35},{"not_picked":[],"picked":"Gash+1","floor":38},{"not_picked":["Beam Cell+1"],"picked":"Singing Bowl","floor":41},{"not_picked":["Auto Shields"],"picked":"Singing Bowl","floor":45},{"not_picked":["Rebound+1"],"picked":"Singing Bowl","floor":47}],"player_experience":361869,"relics_obtained":[{"floor":7,"key":"Meat on the Bone"},{"floor":9,"key":"Thread and Needle"},{"floor":13,"key":"Molten Egg 2"},{"floor":25,"key":"Singing Bowl"},{"floor":26,"key":"Dodecahedron"},{"floor":27,"key":"Happy Flower"},{"floor":29,"key":"Red Mask"},{"floor":41,"key":"Symbiotic Virus"},{"floor":43,"key":"Cables"},{"floor":48,"key":"Mercury Hourglass"}],"event_choices":[{"damage_healed":0,"gold_gain":0,"player_choice":"Entered Light","damage_taken":15,"max_hp_gain":0,"max_hp_loss":0,"event_name":"Shining Light","floor":4,"gold_loss":0,"cards_upgraded":["Ball Lightning","Strike_B"]},{"damage_healed":0,"gold_gain":0,"player_choice":"Donut","damage_taken":0,"max_hp_gain":5,"max_hp_loss":0,"event_name":"Big Fish","floor":5,"gold_loss":0},{"cards_removed":["Strike_B"],"damage_healed":0,"gold_gain":0,"player_choice":"Purged","damage_taken":0,"max_hp_gain":0,"max_hp_loss":0,"event_name":"Purifier","floor":8,"gold_loss":0},{"damage_healed":0,"gold_gain":0,"player_choice":"Simplicity","damage_taken":0,"max_hp_gain":0,"max_hp_loss":0,"event_name":"Back to Basics","floor":19,"gold_loss":0,"cards_upgraded":["Strike_B","Strike_B","Defend_B","Defend_B","Defend_B"]},{"damage_healed":0,"gold_gain":0,"player_choice":"Inject Mutagens","damage_taken":0,"relics_obtained":["MutagenicStrength"],"max_hp_gain":0,"max_hp_loss":0,"event_name":"Drug Dealer","floor":20,"gold_loss":0},{"damage_healed":0,"gold_gain":0,"player_choice":"Ignored","damage_taken":0,"max_hp_gain":0,"max_hp_loss":0,"event_name":"Ghosts","floor":24,"gold_loss":0},{"damage_healed":0,"gold_gain":0,"player_choice":"Fought Bandits","damage_taken":0,"max_hp_gain":0,"max_hp_loss":0,"event_name":"Masked Bandits","floor":29,"gold_loss":0},{"damage_healed":0,"gold_gain":222,"player_choice":"Wore Mask","damage_taken":0,"max_hp_gain":0,"max_hp_loss":0,"event_name":"Tomb of Lord Red Mask","floor":36,"gold_loss":0},{"damage_healed":0,"gold_gain":0,"player_choice":"Embrace Madness","damage_taken":11,"max_hp_gain":0,"max_hp_loss":0,"event_name":"Winding Halls","floor":37,"gold_loss":0,"cards_obtained":["Madness","Madness"]},{"damage_healed":0,"gold_gain":0,"player_choice":"Copied","damage_taken":0,"max_hp_gain":0,"max_hp_loss":0,"event_name":"Duplicator","floor":39,"gold_loss":0,"cards_obtained":["Defragment"]}],"is_beta":false,"boss_relics":[{"not_picked":["Ectoplasm","Snecko Eye"],"picked":"Lizard Tail"},{"not_picked":["Empty Cage","Velvet Choker"],"picked":"Busted Crown"}],"items_purged_floors":[12,44],"is_endless":false,"potions_floor_spawned":[1,7,13,31,35,38],"ascension_level":5}