{"gold_per_floor":[214,226,51,63,63,63,78,78,103,122,135,85,104,104,104,224,224,240,240,240,254,254],"floor_reached":22,"playtime":866,"items_purged":[],"score":196,"play_id":"be068b56-8637-4e40-88b4-c5ca6201bff0","local_time":"20190602165159","is_ascension_mode":true,"campfire_choices":[{"data":"Havoc","floor":6,"key":"SMITH"},{"floor":15,"key":"REST"}],"neow_cost":"NONE","seed_source_timestamp":21565564642807,"circlet_count":0,"master_deck":["Strike_R+1","Strike_R+1","Strike_R+1","Defend_R+1","Defend_R+1","Defend_R+1","Defend_R+1","Bash","Seeing Red","Havoc+1","Heavy Blade+1","Evolve","Rampage","Infernal Blade","Whirlwind","Demon Form","Juggernaut","Burning Pact","Flame Barrier"],"relics":["Burning Blood","Whetstone","Shuriken","Ancient Tea Set","Golden Idol","Philosopher\u0027s Stone"],"potions_floor_usage":[16,16],"damage_taken":[{"damage":3,"enemies":"Small Slimes","floor":1,"turns":5},{"damage":7,"enemies":"Jaw Worm","floor":2,"turns":3},{"damage":6,"enemies":"Cultist","floor":4,"turns":3},{"damage":6,"enemies":"Blue Slaver","floor":7,"turns":3},{"damage":18,"enemies":"Gremlin Gang","floor":10,"turns":6},{"damage":0,"enemies":"2 Fungi Beasts","floor":11,"turns":2},{"damage":7,"enemies":"Looter","floor":13,"turns":4},{"damage":61,"enemies":"Slime Boss","floor":16,"turns":10},{"damage":38,"enemies":"2 Thieves","floor":18,"turns":4},{"damage":16,"enemies":"Shell Parasite","floor":21,"turns":4},{"damage":36,"enemies":"Snecko","floor":22,"turns":4}],"seed_played":"4724194914619362046","potions_obtained":[{"floor":2,"key":"FearPotion"},{"floor":11,"key":"SkillPotion"},{"floor":13,"key":"Explosive Potion"},{"floor":18,"key":"Ancient Potion"}],"is_trial":false,"path_per_floor":["M","M","$","M","?","R","M","T","T","M","M","?","M","?","R","B",null,"M","?","?","M","M"],"character_chosen":"IRONCLAD","items_purchased":["Heavy Blade","Whetstone"],"campfire_rested":1,"item_purchase_floors":[3,3],"current_hp_per_floor":[80,79,79,79,72,72,72,72,72,60,66,66,65,45,69,14,80,48,48,40,30,0],"gold":254,"neow_bonus":"HUNDRED_GOLD","is_prod":false,"is_daily":false,"chose_seed":false,"campfire_upgraded":1,"win_rate":0,"timestamp":1559508719,"path_taken":["M","M","$","M","?","R","M","?","T","M","M","?","?","?","R","BOSS","M","?","?","?","M"],"build_version":"2019-01-23","purchased_purges":0,"victory":false,"max_hp_per_floor":[80,80,80,80,80,80,80,80,80,80,80,80,80,80,80,80,80,80,80,80,80,80],"card_choices":[{"not_picked":["Iron Wave","Pommel Strike"],"picked":"Seeing Red","floor":1},{"not_picked":["Warcry","Wild Strike"],"picked":"Havoc","floor":2},{"not_picked":["Entrench","Heavy Blade"],"picked":"Evolve","floor":4},{"not_picked":["Thunderclap","Perfected Strike"],"picked":"Rampage","floor":7},{"not_picked":["True Grit","Flex"],"picked":"Infernal Blade","floor":10},{"not_picked":["Pummel","Headbutt"],"picked":"Whirlwind","floor":11},{"not_picked":["Anger","Power Through"],"picked":"Demon Form","floor":13},{"not_picked":["Feed","Limit Break"],"picked":"Juggernaut","floor":16},{"not_picked":["Iron Wave","Body Slam"],"picked":"Burning Pact","floor":18},{"not_picked":["Cleave+1","Sword Boomerang+1"],"picked":"Flame Barrier","floor":21}],"player_experience":83412,"relics_obtained":[{"floor":8,"key":"Shuriken"},{"floor":9,"key":"Ancient Tea Set"}],"event_choices":[{"cards_removed":["Strike_R"],"damage_healed":0,"gold_gain":0,"player_choice":"Card Removal","damage_taken":7,"max_hp_gain":0,"max_hp_loss":0,"event_name":"Golden Wing","floor":5,"gold_loss":0},{"cards_removed":["Strike_R"],"damage_healed":0,"gold_gain":0,"player_choice":"Card Removal","damage_taken":0,"max_hp_gain":0,"max_hp_loss":0,"event_name":"The Cleric","floor":12,"gold_loss":50},{"damage_healed":0,"gold_gain":0,"player_choice":"Take Damage","damage_taken":20,"relics_obtained":["Golden Idol"],"max_hp_gain":0,"max_hp_loss":0,"event_name":"Golden Idol","floor":14,"gold_loss":0},{"damage_healed":0,"gold_gain":0,"player_choice":"Simplicity","damage_taken":0,"max_hp_gain":0,"max_hp_loss":0,"event_name":"Back to Basics","floor":19,"gold_loss":0,"cards_upgraded":["Strike_R","Strike_R","Defend_R","Defend_R","Defend_R","Defend_R"]},{"damage_healed":0,"gold_gain":0,"player_choice":"Damaged","damage_taken":8,"max_hp_gain":0,"max_hp_loss":0,"event_name":"Wheel of Change","floor":20,"gold_loss":0}],"is_beta":false,"boss_relics":[{"not_picked":["Eternal Feather","Cursed Key"],"picked":"Philosopher\u0027s Stone"}],"items_purged_floors":[],"is_endless":false,"potions_floor_spawned":[2,11,13,18],"killed_by":"Snecko","ascension_level":2}