{"gold_per_floor":[116,291,59,69,69,69,80,80,80,95,95,95,95,106,106,207,207,219,230,230,241,259,259,62,62,62,62,92,92,106,121,121,223,223,235,335,335,350,365,365,415,415,415,415,124,124,24,43,43,43],"floor_reached":51,"playtime":3900,"items_purged":["Doubt","Strike_B"],"score":605,"play_id":"96046457-f0f2-4c3c-8566-1395e27d084a","local_time":"20190203162130","is_ascension_mode":false,"campfire_choices":[{"data":"Zap","floor":6.0,"key":"SMITH"},{"data":"Dualcast","floor":8.0,"key":"SMITH"},{"data":"Static Discharge","floor":11.0,"key":"SMITH"},{"data":"Hologram","floor":13.0,"key":"SMITH"},{"data":"Go for the Eyes","floor":15.0,"key":"SMITH"},{"data":"Panacea","floor":23.0,"key":"SMITH"},{"data":"Apotheosis","floor":25.0,"key":"SMITH"},{"data":"Steam","floor":27,"key":"SMITH"},{"floor":32,"key":"REST"},{"floor":40,"key":"REST"},{"floor":42,"key":"REST"},{"floor":44,"key":"REST"},{"data":"White Noise","floor":46,"key":"SMITH"},{"data":"Amplify","floor":49,"key":"SMITH"}],"neow_cost":"NONE","seed_source_timestamp":0,"circlet_count":0,"master_deck":["Defend_B","Zap+1","Dualcast+1","Go for the Eyes+1","Capacitor","Panacea+1","Hologram+1","Conserve Battery","Static Discharge+1","Self Repair","Rainbow+1","Coolheaded+1","Leap+1","Rebound+1","Steam+1","Apotheosis+1","White Noise+1","Double Energy+1","Amplify+1","Ball Lightning+1","Biased Cognition+1","Leap+1","Go for the Eyes+1","Steam+1","BootSequence","Stack","Steam","Fusion+1"],"special_seed":0,"relics":["Cracked Core","NeowsBlessing","Ice Cream","Empty Cage","Du-Vu Doll","Letter Opener","Astrolabe","Ginger","StoneCalendar","Ornamental Fan","Chemical X"],"potions_floor_usage":[28,30,38,50,50],"damage_taken":[{"damage":0.0,"enemies":"Jaw Worm","floor":1.0,"turns":1.0},{"damage":0.0,"enemies":"Small Slimes","floor":4.0,"turns":1.0},{"damage":0.0,"enemies":"Cultist","floor":7.0,"turns":1.0},{"damage":1.0,"enemies":"3 Louse","floor":10.0,"turns":4.0},{"damage":7.0,"enemies":"Looter","floor":14.0,"turns":3.0},{"damage":35.0,"enemies":"Hexaghost","floor":16.0,"turns":10.0},{"damage":3.0,"enemies":"Shell Parasite","floor":18.0,"turns":7.0},{"damage":9.0,"enemies":"Chosen","floor":19.0,"turns":5.0},{"damage":2.0,"enemies":"Centurion and Healer","floor":21.0,"turns":11.0},{"damage":25.0,"enemies":"Shelled Parasite and Fungi","floor":22.0,"turns":7.0},{"damage":18,"enemies":"Slavers","floor":28,"turns":8},{"damage":0,"enemies":"Chosen and Byrds","floor":30,"turns":6},{"damage":13,"enemies":"Snake Plant","floor":31,"turns":4},{"damage":17,"enemies":"Collector","floor":33,"turns":9},{"damage":16,"enemies":"3 Shapes","floor":35,"turns":3},{"damage":11,"enemies":"Mind Bloom Boss Battle","floor":36,"turns":5},{"damage":25,"enemies":"3 Darklings","floor":38,"turns":5},{"damage":20,"enemies":"Spire Growth","floor":39,"turns":6},{"damage":41,"enemies":"2 Orb Walkers","floor":41,"turns":5},{"damage":23,"enemies":"4 Shapes","floor":48,"turns":6},{"damage":37,"enemies":"Awakened One","floor":50,"turns":13}],"seed_played":"7463981004218611245","potions_obtained":[{"floor":4.0,"key":"Energy Potion"},{"floor":10.0,"key":"EssenceOfSteel"},{"floor":16.0,"key":"EssenceOfSteel"},{"floor":19.0,"key":"Dexterity Potion"},{"floor":28,"key":"Fire Potion"},{"floor":33,"key":"EssenceOfSteel"},{"floor":35,"key":"AttackPotion"},{"floor":41,"key":"SkillPotion"}],"is_trial":false,"path_per_floor":["M","?","$","M","?","R","M","R","T","M","R","?","R","M","R","B",null,"M","M","?","M","M","R","$","R","T","R","E","?","M","M","R","B",null,"M","?","?","M","M","R","?","R","T","R","$","R","$","M","R","B",null],"character_chosen":"DEFECT","items_purchased":["Capacitor","Panacea","Apotheosis","Chemical X","Stack","Steam"],"campfire_rested":4,"item_purchase_floors":[3,3,24,45,47,47],"current_hp_per_floor":[75,75,75,75,75,75,75,75,75,74,74,74,74,67,67,39,75,75,73,73,75,57,57,57,57,57,57,39,39,49,46,68,58,75,59,55,55,44,34,56,22,44,44,66,66,66,66,63,63,36],"gold":43,"neow_bonus":"THREE_ENEMY_KILL","is_prod":false,"is_daily":false,"chose_seed":false,"campfire_upgraded":10,"win_rate":1,"timestamp":1549178490,"path_taken":["M","?","$","M","?","R","?","R","T","M","R","?","R","M","R","BOSS","M","M","?","?","M","R","$","R","T","R","E","?","M","M","R","BOSS","M","?","?","?","M","R","?","R","T","R","$","R","?","M","R","BOSS"],"build_version":"2019-01-23","purchased_purges":2,"victory":true,"max_hp_per_floor":[75,75,75,75,75,75,75,75,75,75,75,75,75,75,75,75,75,75,75,75,75,75,75,75,75,75,75,75,75,75,75,75,75,75,75,75,75,75,75,75,75,75,75,75,75,75,75,75,75,75],"card_choices":[{"not_picked":["Beam Cell","Melter"],"picked":"Go for the Eyes","floor":1.0},{"not_picked":["Gash","Stack"],"picked":"Hologram","floor":4.0},{"not_picked":["Beam Cell","Genetic Algorithm"],"picked":"Conserve Battery","floor":7.0},{"not_picked":["Defragment","Conserve Battery"],"picked":"Static Discharge","floor":10.0},{"not_picked":["Force Field","Compile Driver"],"picked":"Self Repair","floor":14.0},{"not_picked":["Multi-Cast","All For One"],"picked":"Rainbow","floor":16.0},{"not_picked":["Double Energy","Steam Power"],"picked":"Coolheaded+1","floor":18.0},{"not_picked":["Compile Driver","Coolheaded+1"],"picked":"Leap+1","floor":19.0},{"not_picked":["Sweeping Beam","Turbo"],"picked":"Rebound+1","floor":21.0},{"not_picked":["Chill","Rip and Tear"],"picked":"Steam","floor":22.0},{"not_picked":["Blizzard","Machine Learning"],"picked":"White Noise","floor":28},{"not_picked":["Chill","Coolheaded"],"picked":"Double Energy+1","floor":30},{"not_picked":["Gash","Sweeping Beam","Cold Snap"],"picked":"SKIP","floor":31},{"not_picked":["Reboot","Fission"],"picked":"Amplify","floor":33},{"not_picked":["Gash+1","Barrage"],"picked":"Go for the Eyes+1","floor":35},{"not_picked":["Stack+1","Streamline+1"],"picked":"Steam+1","floor":36},{"not_picked":["Steam Power","Go for the Eyes","Reprogram"],"picked":"SKIP","floor":38},{"not_picked":["Auto Shields","Rebound+1","Undo"],"picked":"SKIP","floor":39},{"not_picked":["Sweeping Beam+1","Beam Cell"],"picked":"BootSequence","floor":41},{"not_picked":["Beam Cell","Scrape+1"],"picked":"Fusion+1","floor":48}],"player_experience":103385,"relics_obtained":[{"floor":9.0,"key":"Ice Cream"},{"floor":26.0,"key":"Du-Vu Doll"},{"floor":28,"key":"Letter Opener"},{"floor":36,"key":"Ginger"},{"floor":41,"key":"StoneCalendar"},{"floor":43,"key":"Ornamental Fan"}],"event_choices":[{"damage_healed":0.0,"max_hp_gain":0.0,"max_hp_loss":0.0,"gold_gain":175.0,"event_name":"Liars Game","player_choice":"AGREE","floor":2.0,"gold_loss":0.0,"damage_taken":0.0,"cards_obtained":["Doubt"]},{"damage_healed":0.0,"max_hp_gain":0.0,"max_hp_loss":0.0,"gold_gain":0.0,"event_name":"The Woman in Blue","player_choice":"Bought 0 Potions","floor":5.0,"gold_loss":0.0,"damage_taken":0.0},{"cards_removed":["Strike_B"],"damage_healed":0.0,"max_hp_gain":0.0,"max_hp_loss":0.0,"gold_gain":0.0,"event_name":"Living Wall","player_choice":"Forget","floor":12.0,"gold_loss":0.0,"damage_taken":0.0},{"damage_healed":0.0,"max_hp_gain":0.0,"max_hp_loss":0.0,"gold_gain":0.0,"event_name":"Upgrade Shrine","player_choice":"Upgraded","floor":20.0,"gold_loss":0.0,"damage_taken":0.0,"cards_upgraded":["Rainbow"]},{"damage_healed":0,"gold_gain":0,"player_choice":"Ignored","damage_taken":0,"max_hp_gain":0,"max_hp_loss":0,"event_name":"Ghosts","floor":29,"gold_loss":0},{"damage_healed":0,"gold_gain":0,"player_choice":"Fight","damage_taken":0,"max_hp_gain":0,"max_hp_loss":0,"event_name":"MindBloom","floor":36,"gold_loss":0},{"damage_healed":0,"gold_gain":0,"player_choice":"Ignored","damage_taken":0,"max_hp_gain":0,"max_hp_loss":0,"event_name":"Tomb of Lord Red Mask","floor":37,"gold_loss":0},{"damage_healed":0,"gold_gain":0,"player_choice":"Fight","damage_taken":0,"max_hp_gain":0,"max_hp_loss":0,"event_name":"Mysterious Sphere","floor":41,"gold_loss":0}],"is_beta":false,"boss_relics":[{"not_picked":["Tiny House","Velvet Choker"],"picked":"Empty Cage"},{"not_picked":["Lizard Tail","Busted Crown"],"picked":"Astrolabe"}],"items_purged_floors":[3,45],"is_endless":false,"potions_floor_spawned":[4,10,16,19,28,33,35,41],"ascension_level":0}