{"path_per_floor":["M","?","M","$","?","E","?","$","T","R","E","$","?","M","R","B",null,"M","?","$","M","M"],"character_chosen":"THE_SILENT","items_purchased":["Prepared","Heel Hook","Sucker Punch","Omamori","Poisoned Stab"],"gold_per_floor":[117,117,130,30,205,238,238,104,184,184,211,7,0,19,19,124,124,138,63,41,58,68],"floor_reached":23,"campfire_rested":1,"playtime":1615,"current_hp_per_floor":[70,70,70,70,70,70,58,58,58,58,49,49,49,48,69,55,70,65,65,65,63,39],"items_purged":["Strike_G","Doubt"],"gold":68,"play_id":"0347ca93-585f-4997-bc36-84534df37ded","is_prod":false,"is_daily":false,"is_ascension_mode":false,"campfire_upgraded":1,"path_taken":["M","?","?","?","?","E","?","?","T","R","E","$","?","M","R","BOSS","M","?","?","M","M","E"],"build_version":"2018-01-30-BETA2","purchased_purges":2,"victory":false,"master_deck":["Defend_G","Defend_G","Defend_G","Defend_G","Defend_G","Strike_G","Strike_G","Survivor","Neutralize","PiercingWail","Finisher+1","Prepared","Backflip","Heel Hook+1","Sucker Punch+1","Sucker Punch+1","Poisoned Stab+1","Malaise","Flying Knee+1","Poisoned Stab+1","Bane+1"],"max_hp_per_floor":[70,70,70,70,70,70,70,70,70,70,70,70,70,70,70,70,70,70,70,70,70,70],"relics":["Ring of the Snake","NeowsBlessing","Art of War","Molten Egg 2","Tiny Chest","Dream Catcher","Omamori","Question Card"],"card_choices":[{"not_picked":["Quick Slash","Dagger Throw"],"picked":"PiercingWail"},{"not_picked":["Escape Plan","Deflect"],"picked":"Finisher"},{"not_picked":["Footwork","Quick Slash"],"picked":"Backflip"},{"not_picked":["Predator","Outmaneuver"],"picked":"Sucker Punch"},{"not_picked":["Eviscerate","Blade Dance"],"picked":"Poisoned Stab"},{"not_picked":["Deadly Poison","Outmaneuver"],"picked":"Malaise"},{"not_picked":["Outmaneuver","Finisher","Infinite Blades"],"picked":"Flying Knee"},{"not_picked":["Malaise","Crippling Poison","Dodge and Roll"],"picked":"Bane"}],"player_experience":72241,"potions_floor_usage":[11,16,21,22,23],"damage_taken":[{"damage":0,"enemies":"Cultist","floor":1,"turns":1},{"damage":0,"enemies":"2 Louse","floor":3,"turns":1},{"damage":0,"enemies":"Gremlin Nob","floor":6,"turns":1},{"damage":9,"enemies":"Lagavulin","floor":11,"turns":7},{"damage":1,"enemies":"Jaw Worm","floor":14,"turns":4},{"damage":14,"enemies":"The Guardian","floor":16,"turns":15},{"damage":5,"enemies":"Chosen","floor":18,"turns":5},{"damage":2,"enemies":"Spheric Guardian","floor":21,"turns":4},{"damage":24,"enemies":"Centurion and Healer","floor":22,"turns":7},{"damage":44,"enemies":"Book of Stabbing","floor":23,"turns":7}],"event_choices":[{"event_name":"Living Wall","player_choice":"Forget","floor":2,"damage_taken":0},{"event_name":"Liars Game","player_choice":"agreed","floor":5,"damage_taken":0},{"event_name":"Scrap Ooze","player_choice":"success","floor":7,"damage_taken":12},{"event_name":"World of Goop","player_choice":"Left","floor":13,"damage_taken":0},{"event_name":"Beggar","player_choice":"Gave Gold","floor":19,"damage_taken":0}],"boss_relics":[{"not_picked":["Eternal Feather","Philosopher\u0027s Stone"],"picked":"Question Card"}],"potions_floor_spawned":[3,11,16,18,21],"seed_played":"-1454761386754381570","killed_by":"Book of Stabbing","ascension_level":0,"is_trial":false}