{"path_per_floor":["M","M","M","M","$","R","?","M","T","?","R","M","M","E","R","B",null,"M","$","?","M","?","R","$","E","T","?","E","M","R","M","R","B",null,"M","M","?","$","?","E","?","M","T","?","R","M","?","M","R"],"character_chosen":"IRONCLAD","items_purchased":["Flash of Steel","Sword Boomerang","Master of Strategy","Flash of Steel","Paper Frog"],"gold_per_floor":[109,127,146,158,47,47,47,58,107,107,107,123,141,174,174,270,270,290,14,14,24,274,274,81,112,112,112,139,155,155,168,168,271,271,290,309,309,66,0,29,29,45,69,119,119,131,131,150,150],"floor_reached":50,"campfire_rested":2,"playtime":3068,"current_hp_per_floor":[71,66,55,43,43,43,80,80,80,64,64,63,63,55,55,33,80,71,71,71,57,57,57,57,28,28,28,17,15,54,55,55,18,80,60,53,43,43,43,29,29,27,27,7,46,26,70,40,40],"items_purged":["Strike_R","Writhe"],"gold":150,"play_id":"0d415118-efa5-4e5e-a636-d30cdf25067f","is_prod":false,"is_daily":false,"is_ascension_mode":true,"campfire_upgraded":6,"path_taken":["M","M","M","M","$","R","?","M","T","?","R","M","?","E","R","BOSS","M","$","?","M","?","R","$","E","T","?","E","M","R","M","R","BOSS","M","M","?","$","?","E","?","M","T","?","R","M","?","M","R","BOSS"],"build_version":"2018-01-23-BETA1","purchased_purges":4,"victory":false,"master_deck":["Strike_R","Strike_R","Strike_R","Defend_R","Defend_R","Defend_R","Defend_R","Bash","Spot Weakness","Iron Wave","Pummel","Flash of Steel","Sword Boomerang","Iron Wave","Battle Trance","Pommel Strike","Infernal Blade","Offering","Iron Wave","Master of Strategy","Regret","Trip","Dropkick","Flex","Rage","Inflame","Madness","Madness","Armaments","Sword Boomerang","Shrug It Off","Dropkick"],"max_hp_per_floor":[80,80,80,80,80,80,80,80,80,80,80,80,80,80,80,80,80,80,80,80,80,80,80,80,80,80,80,80,80,80,80,80,80,80,80,80,80,80,80,80,80,80,80,80,80,80,70,70,70],"relics":["Runic Dome","Prayer Wheel","War Paint","Black Star","Bronze Scales","Orichalcum","Juzu Bracelet","Blood Vial","Pen Nib","Regal Pillow","Runic Pyramid","Paper Frog","Red Mask","Happy Flower","Bag of Preparation","Molten Egg","Ice Cream"],"card_choices":[{"not_picked":["Clash","Intimidate"],"picked":"Spot Weakness"},{"not_picked":["Rupture","Clothesline"],"picked":"Reckless Charge"},{"not_picked":["Infernal Blade","Headbutt"],"picked":"Iron Wave"},{"not_picked":["Blood for Blood","Rampage"],"picked":"Pummel"},{"not_picked":["Sword Boomerang","Twin Strike"],"picked":"Iron Wave"},{"not_picked":["Whirlwind","Burning Pact"],"picked":"Battle Trance"},{"not_picked":["Metallicize","Berserk"],"picked":"Pommel Strike"},{"not_picked":["Sever Soul","Anger"],"picked":"Infernal Blade"},{"not_picked":["Double Tap","Reaper"],"picked":"Offering"},{"not_picked":["Body Slam","Pummel"],"picked":"Iron Wave"},{"not_picked":["Anger","Cleave"],"picked":"Dropkick"},{"not_picked":["Cleave","Double Tap"],"picked":"Flex"},{"not_picked":["Clash","Twin Strike"],"picked":"Rage"},{"not_picked":["Headbutt","Reckless Charge"],"picked":"Inflame"},{"not_picked":["Bloodletting","Metallicize"],"picked":"Armaments"},{"not_picked":["Fiend Fire","Iron Wave"],"picked":"Sword Boomerang"},{"not_picked":["Headbutt","Rupture"],"picked":"Shrug It Off"},{"not_picked":["Clothesline","Shrug It Off"],"picked":"Dropkick"}],"player_experience":0,"potions_floor_usage":[4,8,12,16,25,29,33,40,50],"damage_taken":[{"damage":9,"enemies":"Blue Slaver","floor":1,"turns":3},{"damage":5,"enemies":"Small Slimes","floor":2,"turns":3},{"damage":11,"enemies":"Jaw Worm","floor":3,"turns":2},{"damage":21,"enemies":"Large Slime","floor":4,"turns":4},{"damage":0,"enemies":"Gremlin Gang","floor":8,"turns":3},{"damage":1,"enemies":"Red Slaver","floor":12,"turns":2},{"damage":0,"enemies":"Looter","floor":13,"turns":2},{"damage":8,"enemies":"Gremlin Nob","floor":14,"turns":4},{"damage":22,"enemies":"Slime Boss","floor":16,"turns":9},{"damage":9,"enemies":"Shell Parasite","floor":18,"turns":3},{"damage":14,"enemies":"Spheric Guardian","floor":21,"turns":4},{"damage":29,"enemies":"Gremlin Leader","floor":25,"turns":3},{"damage":13,"enemies":"Book of Stabbing","floor":28,"turns":2},{"damage":4,"enemies":"Centurion and Healer","floor":29,"turns":3},{"damage":1,"enemies":"Snake Plant","floor":31,"turns":2},{"damage":39,"enemies":"Collector","floor":33,"turns":5},{"damage":20,"enemies":"Orb Walker","floor":35,"turns":3},{"damage":9,"enemies":"3 Darklings","floor":36,"turns":4},{"damage":16,"enemies":"Giant Head","floor":40,"turns":3},{"damage":4,"enemies":"Spire Growth","floor":42,"turns":2},{"damage":22,"enemies":"Mysterious Sphere","floor":44,"turns":3},{"damage":22,"enemies":"Maw","floor":46,"turns":6},{"damage":30,"enemies":"4 Shapes","floor":48,"turns":3},{"damage":43,"enemies":"Donu and Deca","floor":50,"turns":4}],"event_choices":[{"event_name":"Bonfire Elementals","player_choice":"UNCOMMON","floor":7,"damage_taken":0},{"event_name":"Shining Light","player_choice":"Entered Light","floor":10,"damage_taken":0},{"event_name":"The Mausoleum","player_choice":"Yes","floor":20,"damage_taken":0},{"event_name":"Golden Shrine","player_choice":"Desecrate","floor":22,"damage_taken":0},{"event_name":"Transmorgrifier","player_choice":"Transform","floor":27,"damage_taken":0},{"event_name":"Winding Halls","player_choice":"Embrace Madness","floor":37,"damage_taken":0},{"event_name":"Tomb of Lord Red Mask","player_choice":"Paid","floor":39,"damage_taken":0},{"event_name":"Mysterious Sphere","player_choice":"Fight","floor":44,"damage_taken":0},{"event_name":"The Moai Head","player_choice":"Heal","floor":47,"damage_taken":0}],"boss_relics":[{"not_picked":["Astrolabe","Eternal Feather"],"picked":"Black Star"},{"not_picked":["Runic Cube","Philosopher\u0027s Stone"],"picked":"Runic Pyramid"}],"potions_floor_spawned":[2,4,8,14,18,28,31,36,44],"seed_played":"-8871660345374773831","killed_by":"Donu and Deca","ascension_level":1,"is_trial":false}