{"gold_per_floor":[210,210,210,221,239,239,251,251,251,36,67,78,78,153,153,249,249,266,191,211,310,323,341,376,395,418,10,23,23,23,57,57,156,156,174,174,192,67,116,116,37,37,110,125,125,138,170,188,188,188],"floor_reached":50,"playtime":2339,"items_purged":["Defend_B","Strike_B","Defend_B"],"score":562,"play_id":"8cafb2d7-efc6-4dc3-93b4-715fae80f12f","local_time":"20190907141822","is_ascension_mode":false,"campfire_choices":[{"data":"Zap","floor":6.0,"key":"SMITH"},{"data":"Dualcast","floor":8.0,"key":"SMITH"},{"data":"All For One","floor":13.0,"key":"SMITH"},{"data":"Conserve Battery","floor":15.0,"key":"SMITH"},{"floor":32.0,"key":"REST"},{"floor":40.0,"key":"DIG"},{"data":"Defragment","floor":42.0,"key":"SMITH"},{"floor":49,"key":"RECALL"}],"neow_cost":"NONE","seed_source_timestamp":9689748909500,"circlet_count":0,"master_deck":["Strike_B+1","Defend_B","Defend_B","Zap+1","Dualcast+1","Ball Lightning+1","Chill","Conserve Battery+1","All For One+1","Undo","Biased Cognition","Beam Cell","Gash","Gash","Coolheaded","Skim","FTL","Redo+1","Reboot","White Noise","Gash","Machine Learning","Hologram","Electrodynamics","Reboot","Beam Cell+1","Self Repair+1","Defragment+1","Madness","Madness","Go for the Eyes","Steam+1"],"special_seed":0,"relics":["Cracked Core","Bottled Lightning","Orrery","Whetstone","Anchor","Bronze Scales","Shovel","Letter Opener","Philosopher\u0027s Stone","Incense Burner","PreservedInsect","Mummified Hand","Centennial Puzzle"],"potions_floor_usage":[],"damage_taken":[{"damage":1.0,"enemies":"Cultist","floor":1.0,"turns":3.0},{"damage":0.0,"enemies":"Small Slimes","floor":4.0,"turns":3.0},{"damage":0.0,"enemies":"2 Louse","floor":5.0,"turns":2.0},{"damage":0.0,"enemies":"Looter","floor":7.0,"turns":3.0},{"damage":6.0,"enemies":"Lagavulin","floor":11.0,"turns":5.0},{"damage":1.0,"enemies":"Exordium Wildlife","floor":12.0,"turns":3.0},{"damage":27.0,"enemies":"The Guardian","floor":16.0,"turns":10.0},{"damage":3.0,"enemies":"3 Byrds","floor":18.0,"turns":4.0},{"damage":0.0,"enemies":"Chosen","floor":20.0,"turns":3.0},{"damage":16.0,"enemies":"Centurion and Healer","floor":22.0,"turns":4.0},{"damage":10.0,"enemies":"Snecko","floor":23.0,"turns":5.0},{"damage":13.0,"enemies":"Slavers","floor":24.0,"turns":6.0},{"damage":0.0,"enemies":"Cultist and Chosen","floor":25.0,"turns":5.0},{"damage":0.0,"enemies":"Chosen and Byrds","floor":28.0,"turns":3.0},{"damage":9.0,"enemies":"Gremlin Leader","floor":31.0,"turns":6.0},{"damage":18.0,"enemies":"Champ","floor":33.0,"turns":6.0},{"damage":0.0,"enemies":"3 Darklings","floor":35.0,"turns":2.0},{"damage":1.0,"enemies":"Orb Walker","floor":37.0,"turns":2.0},{"damage":23.0,"enemies":"2 Orb Walkers","floor":39.0,"turns":2.0},{"damage":44.0,"enemies":"Writhing Mass","floor":44.0,"turns":4.0},{"damage":0.0,"enemies":"Maw","floor":46.0,"turns":6.0},{"damage":0.0,"enemies":"Nemesis","floor":47.0,"turns":3.0},{"damage":0.0,"enemies":"Jaw Worm Horde","floor":48.0,"turns":2.0},{"damage":34,"enemies":"Time Eater","floor":50,"turns":6}],"seed_played":"1115186101799272509","potions_obtained":[{"floor":1.0,"key":"SpeedPotion"},{"floor":4.0,"key":"SteroidPotion"},{"floor":7.0,"key":"Strength Potion"},{"floor":11.0,"key":"PowerPotion"},{"floor":18.0,"key":"FearPotion"},{"floor":22.0,"key":"LiquidBronze"},{"floor":24.0,"key":"Fire Potion"},{"floor":33.0,"key":"Ancient Potion"},{"floor":35.0,"key":"PowerPotion"},{"floor":39.0,"key":"Poison Potion"},{"floor":44.0,"key":"Energy Potion"},{"floor":47.0,"key":"PowerPotion"}],"is_trial":false,"path_per_floor":["M","?","?","M","M","R","M","R","T","$","E","M","R","?","R","B",null,"M","?","M","?","M","M","E","M","T","$","M","$","T","E","R","B",null,"M","?","M","$","?","R","$","R","T","M","?","M","E","M","R","B"],"character_chosen":"DEFECT","items_purchased":["All For One","Machine Learning","Bronze Scales","Hologram","Defragment"],"campfire_rested":1,"item_purchase_floors":[10,27,27,27,41],"current_hp_per_floor":[74,79,79,79,79,79,79,79,79,79,73,72,72,61,61,34,80,77,77,77,77,61,51,38,38,38,38,38,38,38,29,53,35,80,80,80,79,79,56,56,56,56,56,22,12,22,32,32,32,0],"gold":188,"neow_bonus":"HUNDRED_GOLD","is_prod":false,"is_daily":false,"chose_seed":false,"campfire_upgraded":5,"win_rate":0,"timestamp":1567833502,"path_taken":["M","?","?","M","?","R","M","R","T","?","E","M","R","?","R","BOSS","M","?","M","?","M","M","E","M","T","$","M","$","?","E","R","BOSS","M","?","M","$","?","R","?","R","T","M","?","M","E","M","R","BOSS"],"build_version":"2019-07-17","purchased_purges":3,"victory":false,"max_hp_per_floor":[75,80,80,80,80,80,80,80,80,80,80,80,80,80,80,80,80,80,80,80,80,80,80,80,80,80,80,80,80,80,80,80,80,80,80,80,80,80,80,80,80,80,80,80,80,80,80,80,80,80],"card_choices":[{"not_picked":["Chill","Compile Driver"],"picked":"Ball Lightning","floor":1.0},{"not_picked":["Lockon","Turbo"],"picked":"Chill","floor":4.0},{"not_picked":["Compile Driver","Lockon"],"picked":"Conserve Battery","floor":5.0},{"not_picked":["Skim","Ball Lightning","Turbo"],"picked":"SKIP","floor":7.0},{"not_picked":["Sweeping Beam","Barrage","Aggregate"],"picked":"SKIP","floor":11.0},{"not_picked":["Cold Snap","Steam Power"],"picked":"Undo","floor":12.0},{"not_picked":["Meteor Strike","Hyperbeam"],"picked":"Biased Cognition","floor":16.0},{"not_picked":["Conserve Battery","Compile Driver"],"picked":"Beam Cell","floor":17.0},{"not_picked":["Melter","Undo"],"picked":"Gash","floor":17.0},{"not_picked":["White Noise","Coolheaded"],"picked":"Gash","floor":17.0},{"not_picked":["Steam","Blizzard"],"picked":"Coolheaded","floor":17.0},{"not_picked":["Conserve Battery","Chill"],"picked":"Skim","floor":17.0},{"not_picked":["Skim+1","Streamline"],"picked":"FTL","floor":18.0},{"not_picked":["Coolheaded","Conserve Battery"],"picked":"Redo+1","floor":20.0},{"not_picked":["Hologram+1","Coolheaded"],"picked":"Reboot","floor":22.0},{"not_picked":["Darkness+1","Consume","Barrage"],"picked":"SKIP","floor":23.0},{"not_picked":["Barrage+1","Double Energy"],"picked":"White Noise","floor":24.0},{"not_picked":["Coolheaded+1","Barrage"],"picked":"Gash","floor":25.0},{"not_picked":["Leap+1","Rebound","Ball Lightning"],"picked":"SKIP","floor":28.0},{"not_picked":["Turbo","Double Energy"],"picked":"Electrodynamics","floor":31.0},{"not_picked":["Creative AI","Amplify"],"picked":"Reboot","floor":33.0},{"not_picked":["Coolheaded+1","Barrage+1"],"picked":"Beam Cell+1","floor":35.0},{"not_picked":["Conserve Battery","Turbo","Hologram+1"],"picked":"SKIP","floor":37.0},{"not_picked":["Compile Driver","Hologram"],"picked":"Self Repair+1","floor":39.0},{"not_picked":["Static Discharge","Cold Snap+1","Beam Cell"],"picked":"SKIP","floor":44.0},{"not_picked":["Gash+1","Skim"],"picked":"Go for the Eyes","floor":46.0},{"not_picked":["All For One","Recycle"],"picked":"Steam+1","floor":47.0},{"not_picked":["Force Field+1","Tempest","Stack"],"picked":"SKIP","floor":48.0}],"player_experience":341110,"relics_obtained":[{"floor":11.0,"key":"Bottled Lightning"},{"floor":24.0,"key":"Whetstone"},{"floor":26.0,"key":"Anchor"},{"floor":30.0,"key":"Shovel"},{"floor":31.0,"key":"Letter Opener"},{"floor":39.0,"key":"Incense Burner"},{"floor":40.0,"key":"PreservedInsect"},{"floor":43.0,"key":"Mummified Hand"},{"floor":47.0,"key":"Centennial Puzzle"}],"event_choices":[{"damage_healed":0.0,"max_hp_gain":5.0,"max_hp_loss":0.0,"gold_gain":0.0,"event_name":"Big Fish","player_choice":"Donut","floor":2.0,"gold_loss":0.0,"damage_taken":0.0},{"cards_removed":["Strike_B"],"damage_healed":0.0,"max_hp_gain":0.0,"max_hp_loss":0.0,"gold_gain":0.0,"event_name":"Wheel of Change","player_choice":"Card Removal","floor":3.0,"gold_loss":0.0,"damage_taken":0.0},{"damage_healed":0.0,"max_hp_gain":0.0,"max_hp_loss":0.0,"gold_gain":75.0,"event_name":"World of Goop","player_choice":"Gather Gold","floor":14.0,"gold_loss":0.0,"damage_taken":11.0},{"cards_removed":["Strike_B"],"damage_healed":0.0,"max_hp_gain":0.0,"max_hp_loss":0.0,"gold_gain":0.0,"event_name":"Beggar","player_choice":"Gave Gold","floor":19.0,"gold_loss":75.0,"damage_taken":0.0},{"damage_healed":0.0,"max_hp_gain":0.0,"max_hp_loss":0.0,"gold_gain":99.0,"event_name":"Nest","player_choice":"Stole From Cult","floor":21.0,"gold_loss":0.0,"damage_taken":0.0},{"damage_healed":0.0,"max_hp_gain":0.0,"max_hp_loss":0.0,"gold_gain":0.0,"event_name":"Tomb of Lord Red Mask","player_choice":"Ignored","floor":36.0,"gold_loss":0.0,"damage_taken":0.0},{"damage_healed":0.0,"max_hp_gain":0.0,"max_hp_loss":0.0,"gold_gain":0.0,"event_name":"Mysterious Sphere","player_choice":"Fight","floor":39.0,"gold_loss":0.0,"damage_taken":0.0},{"damage_healed":0.0,"max_hp_gain":0.0,"max_hp_loss":0.0,"gold_gain":0.0,"event_name":"Winding Halls","player_choice":"Embrace Madness","floor":45.0,"gold_loss":0.0,"damage_taken":10.0,"cards_obtained":["Madness","Madness"]}],"is_beta":false,"boss_relics":[{"not_picked":["Ectoplasm","Fusion Hammer"],"picked":"Orrery"},{"not_picked":["Pandora\u0027s Box","Velvet Choker"],"picked":"Philosopher\u0027s Stone"}],"items_purged_floors":[10,27,38],"is_endless":false,"potions_floor_spawned":[1,4,7,11,18,22,24,33,35,39,44,46,47],"killed_by":"Time Eater","ascension_level":0}