{"gold_per_floor":[14,33,46,46,62,62,62,101,176,176,200,20,35,35],"floor_reached":14,"playtime":583,"items_purged":["Pain"],"score":104,"play_id":"433acbfe-f582-4b20-98dd-ed6da58bb1db","local_time":"20190911130646","is_ascension_mode":true,"campfire_choices":[{"data":"Pray","floor":6,"key":"SMITH"},{"floor":10,"key":"REST"}],"neow_cost":"NO_GOLD","seed_source_timestamp":605680202732900,"circlet_count":0,"master_deck":["Strike_P","Strike_P","Strike_P","Strike_P","Defend_P","Defend_P","Defend_P","Defend_P","Eruption+1","Vigilance","Pray+1","FearNoEvil","MentalFortress","SandsOfTime+1","Wireheading+1","LessonLearned","Alpha","Protect"],"special_seed":0,"relics":["PureWater","WarpedTongs","Golden Idol","Peace Pipe","The Courier","Whetstone"],"potions_floor_usage":[5,14],"damage_taken":[{"damage":14.0,"enemies":"Cultist","floor":1.0,"turns":6.0},{"damage":11.0,"enemies":"Small Slimes","floor":2.0,"turns":7.0},{"damage":0.0,"enemies":"2 Louse","floor":3.0,"turns":3.0},{"damage":12,"enemies":"Blue Slaver","floor":5,"turns":4},{"damage":26,"enemies":"3 Sentries","floor":8,"turns":8},{"damage":7,"enemies":"Lots of Slimes","floor":13,"turns":5},{"damage":44,"enemies":"Gremlin Nob","floor":14,"turns":4}],"seed_played":"2984689431812761464","potions_obtained":[{"floor":2.0,"key":"PowerPotion"},{"floor":3,"key":"SneckoOil"}],"is_trial":false,"path_per_floor":["M","M","M","?","M","R","?","E","T","R","T","$","M","E"],"character_chosen":"WATCHER","items_purchased":["Alpha"],"campfire_rested":1,"item_purchase_floors":[12],"current_hp_per_floor":[51,40,40,40,28,28,28,2,2,20,20,20,13,0],"gold":35,"neow_bonus":"THREE_RARE_CARDS","is_prod":false,"is_daily":false,"chose_seed":false,"campfire_upgraded":1,"win_rate":0,"timestamp":1568221606,"path_taken":["M","M","?","?","?","R","?","E","T","R","?","$","?","E"],"build_version":"2019-09-10","purchased_purges":1,"victory":false,"max_hp_per_floor":[65,65,65,65,65,65,60,60,60,60,60,60,60,60],"card_choices":[{"not_picked":["Judgement","Ragnarok"],"picked":"Pray","floor":0.0},{"not_picked":["JustLucky","Halt"],"picked":"FearNoEvil","floor":1.0},{"not_picked":["JustLucky","ThirdEye"],"picked":"MentalFortress","floor":2.0},{"not_picked":["ClearTheMind","Devotion"],"picked":"SandsOfTime","floor":3},{"not_picked":["FearNoEvil","Halt"],"picked":"Wireheading","floor":5},{"not_picked":["JustLucky","ThirdEye"],"picked":"LessonLearned","floor":8},{"not_picked":["CutThroughFate","Halt"],"picked":"Protect","floor":13}],"player_experience":1944404,"relics_obtained":[{"floor":8,"key":"Peace Pipe"},{"floor":9,"key":"The Courier"},{"floor":11,"key":"Whetstone"}],"event_choices":[{"damage_healed":0,"gold_gain":0,"player_choice":"Rummage","damage_taken":0,"relics_obtained":["WarpedTongs"],"max_hp_gain":0,"max_hp_loss":0,"event_name":"Accursed Blacksmith","floor":4,"gold_loss":0,"cards_obtained":["Pain"]},{"damage_healed":0,"gold_gain":0,"player_choice":"Lose Max HP","damage_taken":0,"relics_obtained":["Golden Idol"],"max_hp_gain":0,"max_hp_loss":5,"event_name":"Golden Idol","floor":7,"gold_loss":0}],"is_beta":true,"boss_relics":[],"items_purged_floors":[12],"is_endless":false,"potions_floor_spawned":[2,3],"killed_by":"Gremlin Nob","ascension_level":3}