{"gold_per_floor":[113,113,133,64,80,140,157,157,157,171,196,196,196,42,42,146,146,165,30,49,60,74,74,109,109,109,34,34,34,0,33,33,134,134,148,148,2,2,2],"floor_reached":39,"playtime":2596,"items_purged":["Clash"],"score":605,"play_id":"61715656-8618-4bde-a660-7f608378a4eb","local_time":"20190601212629","is_ascension_mode":true,"campfire_choices":[{"floor":8,"key":"REST"},{"floor":12,"key":"RECALL"},{"data":"Armaments","floor":15,"key":"SMITH"},{"floor":23,"key":"REST"},{"floor":25,"key":"REST"},{"floor":32,"key":"REST"}],"neow_cost":"NONE","seed_source_timestamp":40725934944919,"circlet_count":0,"master_deck":["Bash","Reaper","Battle Trance","Brutality","Offering+1","Cleave","Exhume+1","Carnage","Fiend Fire","Shrug It Off","Rage","Armaments+1","Hemokinesis","Headbutt","Impervious","Shrug It Off+1","Immolate","Shrug It Off+1","RitualDagger","Offering","Ghostly Armor+1"],"relics":["Pandora\u0027s Box","Tiny Chest","Vajra","Shuriken","Bronze Scales","Runic Pyramid","Ornamental Fan","Bottled Lightning","War Paint","Snecko Eye","Pen Nib","GremlinMask"],"potions_floor_usage":[16,16,24,31,33,33],"damage_taken":[{"damage":12,"enemies":"Small Slimes","floor":1,"turns":1},{"damage":13,"enemies":"Jaw Worm","floor":3,"turns":2},{"damage":12,"enemies":"Cultist","floor":5,"turns":2},{"damage":12,"enemies":"Gremlin Nob","floor":6,"turns":1},{"damage":6,"enemies":"3 Louse","floor":7,"turns":2},{"damage":9,"enemies":"Exordium Wildlife","floor":10,"turns":2},{"damage":29,"enemies":"3 Sentries","floor":11,"turns":3},{"damage":12,"enemies":"Hexaghost","floor":16,"turns":4},{"damage":17,"enemies":"3 Byrds","floor":18,"turns":3},{"damage":14,"enemies":"2 Thieves","floor":20,"turns":1},{"damage":15,"enemies":"Snake Plant","floor":21,"turns":2},{"damage":38,"enemies":"Centurion and Healer","floor":22,"turns":6},{"damage":8,"enemies":"Gremlin Leader","floor":24,"turns":3},{"damage":7,"enemies":"Slavers","floor":31,"turns":2},{"damage":29,"enemies":"Champ","floor":33,"turns":9},{"damage":16,"enemies":"3 Shapes","floor":35,"turns":3},{"damage":81,"enemies":"3 Darklings","floor":39,"turns":6}],"seed_played":"-5285684967673558370","potions_obtained":[{"floor":1,"key":"PowerPotion"},{"floor":7,"key":"GamblersBrew"},{"floor":10,"key":"Regen Potion"},{"floor":11,"key":"Weak Potion"},{"floor":20,"key":"Fire Potion"},{"floor":24,"key":"FearPotion"},{"floor":31,"key":"Regen Potion"}],"is_trial":false,"path_per_floor":["M","?","M","$","M","E","M","R","T","M","E","R","T","$","R","B",null,"M","$","M","M","M","R","E","R","T","$","?","$","?","E","R","B",null,"M","?","$","?","M"],"character_chosen":"IRONCLAD","items_purchased":["Rage","Bronze Scales","Immolate","Pen Nib"],"campfire_rested":4,"item_purchase_floors":[4,14,19,37],"current_hp_per_floor":[74,74,61,61,55,43,37,61,61,56,42,42,42,42,42,42,80,70,70,56,41,15,39,31,55,55,55,49,49,49,42,66,52,80,64,64,64,64,0],"gold":2,"neow_bonus":"BOSS_RELIC","is_prod":false,"is_daily":false,"chose_seed":false,"campfire_upgraded":1,"win_rate":0,"timestamp":1559438789,"path_taken":["M","?","M","$","M","E","M","R","T","M","E","R","?","?","R","BOSS","M","?","M","M","M","R","E","R","T","$","?","?","?","E","R","BOSS","M","?","$","?","M"],"build_version":"2019-01-23","purchased_purges":1,"victory":false,"max_hp_per_floor":[80,80,80,80,80,80,80,80,80,80,80,80,80,80,80,80,80,80,80,80,80,80,80,80,80,80,80,80,80,80,80,80,80,80,80,80,80,80,80],"card_choices":[{"not_picked":["Battle Trance","Havoc","Dropkick"],"picked":"SKIP","floor":1},{"not_picked":["Carnage","Havoc"],"picked":"Shrug It Off","floor":3},{"not_picked":["Wild Strike","Flex"],"picked":"Armaments","floor":5},{"not_picked":["Corruption","Second Wind","Dual Wield"],"picked":"SKIP","floor":6},{"not_picked":["Wild Strike","Clash"],"picked":"Hemokinesis","floor":7},{"not_picked":["Warcry","Clash"],"picked":"Headbutt","floor":10},{"not_picked":["Entrench","Second Wind","Clash"],"picked":"SKIP","floor":11},{"not_picked":["Bludgeon","Fiend Fire"],"picked":"Impervious","floor":16},{"not_picked":["Pommel Strike","Flex+1"],"picked":"Shrug It Off+1","floor":18},{"not_picked":["Wild Strike","Shrug It Off"],"picked":"Metallicize","floor":20},{"not_picked":["Rage","Sword Boomerang","Iron Wave"],"picked":"SKIP","floor":21},{"not_picked":["Body Slam","Warcry+1"],"picked":"Shrug It Off+1","floor":22},{"not_picked":["Body Slam","Limit Break","Sword Boomerang+1"],"picked":"SKIP","floor":24},{"not_picked":["Intimidate","Perfected Strike","Body Slam"],"picked":"SKIP","floor":31},{"not_picked":["Exhume","Double Tap"],"picked":"Offering","floor":33},{"not_picked":["Perfected Strike+1","Disarm+1"],"picked":"Ghostly Armor+1","floor":35}],"player_experience":71083,"relics_obtained":[{"floor":6,"key":"Tiny Chest"},{"floor":9,"key":"Vajra"},{"floor":11,"key":"Shuriken"},{"floor":24,"key":"Ornamental Fan"},{"floor":26,"key":"Bottled Lightning"},{"floor":31,"key":"War Paint"}],"event_choices":[{"damage_healed":0,"gold_gain":0,"cards_transformed":["Brutality"],"player_choice":"Change","damage_taken":0,"max_hp_gain":0,"max_hp_loss":0,"event_name":"Living Wall","floor":2,"gold_loss":0,"cards_obtained":["Clash"]},{"damage_healed":0,"gold_gain":0,"player_choice":"Joined the Cult","damage_taken":6,"max_hp_gain":0,"max_hp_loss":0,"event_name":"Nest","floor":28,"gold_loss":0,"cards_obtained":["RitualDagger"]},{"damage_healed":0,"gold_gain":0,"player_choice":"Paid Fearfully","damage_taken":0,"max_hp_gain":0,"max_hp_loss":0,"event_name":"Masked Bandits","floor":30,"gold_loss":34},{"cards_removed":["Metallicize"],"damage_healed":0,"gold_gain":0,"player_choice":"Removed Power","damage_taken":0,"max_hp_gain":0,"max_hp_loss":0,"event_name":"Falling","floor":36,"gold_loss":0},{"damage_healed":0,"gold_gain":0,"player_choice":"Trade","damage_taken":0,"relics_obtained":["GremlinMask"],"max_hp_gain":0,"max_hp_loss":0,"event_name":"FaceTrader","floor":38,"gold_loss":0}],"is_beta":false,"boss_relics":[{"not_picked":["Astrolabe","Eternal Feather"],"picked":"Runic Pyramid"},{"not_picked":["Coffee Dripper","Calling Bell"],"picked":"Snecko Eye"}],"items_purged_floors":[27],"is_endless":false,"potions_floor_spawned":[1,7,10,11,20,24,31],"killed_by":"3 Darklings","ascension_level":2}