{"path_per_floor":["M","?","M","$","M","R","M","E","T","R","?","$","R","$","R","B",null,"M","?","M","$","?","R"],"character_chosen":"DEFECT","items_purchased":["Anchor"],"gold_per_floor":[219,219,235,4,14,14,24,58,58,58,58,58,58,58,58,153,153,165,165,178,78,3,3,3],"floor_reached":24,"campfire_rested":0,"playtime":1410,"current_hp_per_floor":[74,59,59,59,59,59,59,45,45,45,45,45,45,45,45,2,75,68,68,59,59,59,59,0],"items_purged":["Strike_B","Defend_B"],"gold":3,"score":192,"play_id":"d56677bc-94a7-4752-812e-52d28fae0e31","local_time":"20180517191102","is_prod":false,"is_daily":false,"chose_seed":false,"is_ascension_mode":false,"campfire_upgraded":5,"timestamp":1526577062,"campfire_choices":[{"data":"White Noise","floor":6,"key":"SMITH"},{"data":"Seek","floor":10,"key":"SMITH"},{"data":"Reinforced Body","floor":13,"key":"SMITH"},{"data":"Dualcast","floor":15,"key":"SMITH"},{"data":"Defend_B","floor":23,"key":"SMITH"}],"path_taken":["M","?","M","$","?","R","M","E","T","R","?","$","R","?","R","BOSS","M","?","?","$","?","R","E"],"build_version":"2018-05-16","seed_source_timestamp":0,"purchased_purges":2,"victory":false,"master_deck":["Strike_B","Strike_B","Defend_B+1","Defend_B+1","Defend_B","Zap+1","White Noise+1","Reinforced Body+1","Seek+1"],"max_hp_per_floor":[75,75,75,75,75,75,75,75,75,75,75,75,75,75,75,75,75,75,75,75,75,75,75,75],"relics":["Cracked Core","Anchor","Ancient Tea Set","Frozen Egg 2","Nuclear Battery"],"card_choices":[{"not_picked":["Stack","Consume"],"picked":"White Noise","floor":1},{"not_picked":["Hologram","Capacitor","Streamline"],"picked":"SKIP","floor":3},{"not_picked":["Beam Cell","Steam Power"],"picked":"Reinforced Body","floor":5},{"not_picked":["Chill","Go for the Eyes","Stack"],"picked":"SKIP","floor":7},{"not_picked":["Sunder","Machine Learning"],"picked":"Seek","floor":8},{"not_picked":["Axe Kick","Stack+1","Sweeping Beam"],"picked":"SKIP","floor":18},{"not_picked":["Axe Kick","Rebound","Beam Cell"],"picked":"SKIP","floor":20}],"player_experience":65737,"potions_floor_usage":[16,18,24,24],"damage_taken":[{"damage":1,"enemies":"Cultist","floor":1,"turns":4},{"damage":0,"enemies":"2 Louse","floor":3,"turns":2},{"damage":0,"enemies":"Small Slimes","floor":5,"turns":3},{"damage":0,"enemies":"Looter","floor":7,"turns":3},{"damage":14,"enemies":"Lagavulin","floor":8,"turns":10},{"damage":43,"enemies":"Slime Boss","floor":16,"turns":15},{"damage":7,"enemies":"3 Byrds","floor":18,"turns":5},{"damage":9,"enemies":"Spheric Guardian","floor":20,"turns":6},{"damage":62,"enemies":"Slavers","floor":24,"turns":7}],"relics_obtained":[{"floor":8,"key":"Ancient Tea Set"},{"floor":9,"key":"Frozen Egg 2"}],"event_choices":[{"event_name":"Shining Light","player_choice":"Entered Light","floor":2,"damage_taken":0},{"event_name":"Liars Game","player_choice":"disagreed","floor":11,"damage_taken":0},{"event_name":"Bonfire Elementals","player_choice":"BASIC","floor":19,"damage_taken":0},{"event_name":"Beggar","player_choice":"Gave Gold","floor":22,"damage_taken":0}],"boss_relics":[{"not_picked":["Orrery","Runic Dome"],"picked":"Nuclear Battery"}],"potions_floor_spawned":[3,5,16,18],"seed_played":"-4995039070440241132","killed_by":"Slavers","ascension_level":0,"potions_obtained":[{"floor":3,"key":"Explosive Potion"},{"floor":5,"key":"Dexterity Potion"},{"floor":16,"key":"SkillPotion"},{"floor":18,"key":"GamblersBrew"}],"is_trial":false}