{"gold_per_floor":[119,130,143,163,163,197,258,433,433,12,12,46,46,46,46,147,147,167,182,194,8,28,28,56,56,81,11,11,11,30,45,45,45],"floor_reached":33,"playtime":1486,"items_purged":["Doubt"],"score":325,"play_id":"8d60e332-07b0-49aa-aa73-ce358d65769f","local_time":"20181129012308","is_ascension_mode":false,"campfire_choices":[{"data":"Blade Dance","floor":11,"key":"SMITH"},{"data":"Endless Agony","floor":13,"key":"SMITH"},{"floor":15,"key":"REST"},{"data":"Backstab","floor":23,"key":"SMITH"},{"floor":32,"key":"REST"}],"neow_cost":"NONE","seed_source_timestamp":1129632750193953,"circlet_count":0,"master_deck":["Defend_G","Defend_G","Defend_G","Defend_G","Defend_G","Survivor","Neutralize+1","Blade Dance+1","Flying Knee","Poisoned Stab","Backstab+1","Masterful Stab","Backstab","Heel Hook","Backflip","Endless Agony+1","Die Die Die","Setup+1","Cloak And Dagger+1","Distraction+1","Apotheosis+1","Backflip+1","Sucker Punch","Blur+1","Calculated Gamble+1","Quick Slash","Bite","Bite","Bite","Bite","Bite","Underhanded Strike","Blade Dance+1"],"relics":["Ring of the Snake","Whetstone","Pantograph","Toy Ornithopter","The Courier","Toxic Egg 2","Empty Cage","Bird Faced Urn","Regal Pillow"],"potions_floor_usage":[6,18,20,22,24,24,30,33],"damage_taken":[{"damage":0,"enemies":"Jaw Worm","floor":1,"turns":4},{"damage":1,"enemies":"2 Louse","floor":2,"turns":3},{"damage":0,"enemies":"Small Slimes","floor":3,"turns":3},{"damage":0,"enemies":"2 Fungi Beasts","floor":4,"turns":4},{"damage":8,"enemies":"Lagavulin","floor":6,"turns":5},{"damage":10,"enemies":"Gremlin Nob","floor":7,"turns":4},{"damage":0,"enemies":"Gremlin Nob","floor":12,"turns":3},{"damage":67,"enemies":"Hexaghost","floor":16,"turns":12},{"damage":0,"enemies":"Shell Parasite","floor":18,"turns":3},{"damage":10,"enemies":"2 Thieves","floor":19,"turns":2},{"damage":35,"enemies":"Snake Plant","floor":20,"turns":6},{"damage":0,"enemies":"3 Cultists","floor":22,"turns":4},{"damage":11,"enemies":"Gremlin Leader","floor":24,"turns":7},{"damage":0,"enemies":"Colosseum Slavers","floor":25,"turns":3},{"damage":0,"enemies":"Centurion and Healer","floor":30,"turns":4},{"damage":23,"enemies":"Snecko","floor":31,"turns":4},{"damage":111,"enemies":"Champ","floor":33,"turns":18}],"seed_played":"-3161673925828114953","potions_obtained":[{"floor":1,"key":"AttackPotion"},{"floor":12,"key":"Energy Potion"},{"floor":16,"key":"GamblersBrew"},{"floor":19,"key":"SpeedPotion"},{"floor":20,"key":"GamblersBrew"},{"floor":24,"key":"Dexterity Potion"},{"floor":31,"key":"Explosive Potion"}],"is_trial":false,"path_per_floor":["M","M","M","M","?","E","?","?","T","$","R","E","R","?","R","B",null,"M","M","M","$","M","R","E","?","T","$","?","$","M","M","R","B"],"character_chosen":"THE_SILENT","items_purchased":["Toy Ornithopter","Heel Hook","Backflip","Explosive Potion","Apotheosis+1","Backflip+1","Calculated Gamble+1","Quick Slash"],"campfire_rested":2,"item_purchase_floors":[10,10,10,10,21,21,27,27],"current_hp_per_floor":[70,69,69,69,55,47,39,39,39,39,39,41,41,34,55,3,70,70,60,32,32,39,39,40,42,42,42,42,42,57,43,70,0],"gold":45,"neow_bonus":"RANDOM_COMMON_RELIC","is_prod":false,"is_daily":false,"chose_seed":false,"campfire_upgraded":3,"win_rate":0,"timestamp":1543476188,"path_taken":["M","M","M","M","?","E","?","?","T","$","R","E","R","?","R","BOSS","M","M","M","$","M","R","E","?","T","$","?","?","M","M","R","BOSS"],"build_version":"2018-11-15","purchased_purges":1,"victory":false,"max_hp_per_floor":[70,70,70,70,70,70,70,70,70,70,70,70,70,70,70,70,70,70,70,70,70,70,70,70,70,70,70,70,70,70,70,70,70],"card_choices":[{"not_picked":["Calculated Gamble","PiercingWail"],"picked":"Blade Dance","floor":1},{"not_picked":["Quick Slash","Terror"],"picked":"Flying Knee","floor":2},{"not_picked":["PiercingWail","Underhanded Strike"],"picked":"Poisoned Stab","floor":3},{"not_picked":["Prepared","Dagger Spray"],"picked":"Backstab","floor":4},{"not_picked":["Distraction","Prepared"],"picked":"Masterful Stab","floor":6},{"not_picked":["Tactician","Prepared"],"picked":"Backstab","floor":7},{"not_picked":["Crippling Poison","Eviscerate"],"picked":"Endless Agony","floor":12},{"not_picked":["A Thousand Cuts","Wraith Form v2"],"picked":"Die Die Die","floor":16},{"not_picked":["Catalyst+1","Concentrate+1"],"picked":"Setup+1","floor":18},{"not_picked":["Quick Slash","Reflex+1"],"picked":"Cloak And Dagger+1","floor":19},{"not_picked":["Caltrops","Backstab"],"picked":"Distraction+1","floor":20},{"not_picked":["All Out Attack","Reflex+1"],"picked":"Sucker Punch","floor":22},{"not_picked":["Cloak And Dagger+1","Dagger Spray"],"picked":"Blur+1","floor":24},{"not_picked":["PiercingWail+1","Prepared+1"],"picked":"Underhanded Strike","floor":30},{"not_picked":["Quick Slash","Riddle With Holes"],"picked":"Blade Dance+1","floor":31}],"player_experience":271578,"relics_obtained":[{"floor":6,"key":"Blood Vial"},{"floor":7,"key":"Pantograph"},{"floor":12,"key":"The Courier"},{"floor":24,"key":"Bird Faced Urn"},{"floor":26,"key":"Regal Pillow"}],"event_choices":[{"damage_healed":0,"gold_gain":0,"player_choice":"Entered Light","damage_taken":14,"max_hp_gain":0,"max_hp_loss":0,"event_name":"Shining Light","floor":5,"gold_loss":0,"cards_upgraded":["Strike_G","Strike_G"]},{"damage_healed":0,"gold_gain":0,"player_choice":"Searched \u00271\u0027 times","damage_taken":0,"max_hp_gain":0,"max_hp_loss":0,"event_name":"Dead Adventurer","floor":7,"gold_loss":0},{"damage_healed":0,"gold_gain":175,"player_choice":"AGREE","damage_taken":0,"max_hp_gain":0,"max_hp_loss":0,"event_name":"Liars Game","floor":8,"gold_loss":0,"cards_obtained":["Doubt"]},{"damage_healed":0,"gold_gain":0,"player_choice":"Success","damage_taken":7,"relics_obtained":["Toxic Egg 2"],"max_hp_gain":0,"max_hp_loss":0,"event_name":"Scrap Ooze","floor":14,"gold_loss":0},{"damage_healed":0,"gold_gain":0,"player_choice":"Fight","damage_taken":0,"max_hp_gain":0,"max_hp_loss":0,"event_name":"Colosseum","floor":25,"gold_loss":0},{"damage_healed":0,"gold_gain":0,"player_choice":"Fled From Nobs","damage_taken":0,"max_hp_gain":0,"max_hp_loss":0,"event_name":"Colosseum","floor":25,"gold_loss":0},{"damage_healed":0,"gold_gain":0,"player_choice":"Became a vampire (Vial)","damage_taken":0,"max_hp_gain":0,"max_hp_loss":0,"event_name":"Vampires","floor":28,"relics_lost":["Blood Vial"],"gold_loss":0,"cards_obtained":["Bite","Bite","Bite","Bite","Bite"]}],"is_beta":true,"boss_relics":[{"not_picked":["HoveringKite","Pandora\u0027s Box"],"picked":"Empty Cage"}],"items_purged_floors":[10],"is_endless":false,"potions_floor_spawned":[1,12,16,19,20,24,25,31],"killed_by":"Champ","ascension_level":0}