{"gold_per_floor":[118,118,193,212,292,317,335,335,360,377,377,390,390,409,409,514,514,527,543,562,142,160,160,194,194,194,194,207,239,239,139,139,244,244,260,275,110,0,16,16,28,39,39,53,72,72,72,85,85,85],"floor_reached":51,"playtime":1533,"items_purged":["Defend_B","Writhe","Defend_B"],"score":743,"play_id":"bbc95398-ac06-4ed7-b896-21aec1ead4ea","local_time":"20190909182507","is_ascension_mode":false,"campfire_choices":[{"data":"Zap","floor":8,"key":"SMITH"},{"data":"Dualcast","floor":13,"key":"SMITH"},{"data":"Streamline","floor":15,"key":"SMITH"},{"data":"Conserve Battery","floor":23,"key":"SMITH"},{"data":"Buffer","floor":25,"key":"SMITH"},{"data":"Lockon","floor":30,"key":"SMITH"},{"data":"Leap","floor":32,"key":"SMITH"},{"data":"Biased Cognition","floor":40,"key":"SMITH"},{"data":"Beam Cell","floor":46,"key":"SMITH"},{"data":"Cold Snap","floor":49,"key":"SMITH"}],"neow_cost":"NONE","seed_source_timestamp":198203915860700,"circlet_count":0,"master_deck":["Strike_B","Strike_B","Strike_B","Defend_B","Defend_B","Zap+1","Dualcast+1","Streamline+1","Self Repair","Cold Snap+1","Cold Snap","Electrodynamics","Conserve Battery+1","Beam Cell+1","Biased Cognition+1","Conserve Battery+1","BootSequence","Buffer+1","Lockon+1","Biased Cognition+1","Static Discharge+1","Parasite","Ball Lightning+1","Machine Learning+1","Parasite"],"relics":["Cracked Core","NeowsBlessing","Ancient Tea Set","PreservedInsect","DataDisk","Orrery","Anchor","Runic Capacitor","Bag of Marbles","Strawberry","Letter Opener","Frozen Egg 2","Sozu","Red Mask","Mummified Hand"],"potions_floor_usage":[16,24,33],"damage_taken":[{"damage":0,"enemies":"Cultist","floor":1,"turns":1},{"damage":0,"enemies":"2 Louse","floor":4,"turns":1},{"damage":0,"enemies":"Lagavulin","floor":6,"turns":1},{"damage":8,"enemies":"Small Slimes","floor":7,"turns":3},{"damage":0,"enemies":"Gremlin Gang","floor":10,"turns":3},{"damage":2,"enemies":"2 Fungi Beasts","floor":12,"turns":3},{"damage":2,"enemies":"Looter","floor":14,"turns":2},{"damage":13,"enemies":"Hexaghost","floor":16,"turns":10},{"damage":15,"enemies":"2 Thieves","floor":18,"turns":3},{"damage":3,"enemies":"Chosen","floor":19,"turns":4},{"damage":6,"enemies":"Centurion and Healer","floor":20,"turns":4},{"damage":14,"enemies":"Snecko","floor":22,"turns":5},{"damage":0,"enemies":"Slavers","floor":24,"turns":4},{"damage":0,"enemies":"Cultist and Chosen","floor":28,"turns":7},{"damage":24,"enemies":"Book of Stabbing","floor":29,"turns":6},{"damage":18,"enemies":"Automaton","floor":33,"turns":13},{"damage":0,"enemies":"3 Shapes","floor":35,"turns":5},{"damage":19,"enemies":"3 Darklings","floor":36,"turns":5},{"damage":0,"enemies":"Sphere and 2 Shapes","floor":39,"turns":4},{"damage":0,"enemies":"Writhing Mass","floor":41,"turns":6},{"damage":6,"enemies":"3 Darklings","floor":42,"turns":4},{"damage":11,"enemies":"Sphere and 2 Shapes","floor":44,"turns":3},{"damage":19,"enemies":"Writhing Mass","floor":45,"turns":4},{"damage":0,"enemies":"Transient","floor":48,"turns":5},{"damage":53,"enemies":"Time Eater","floor":50,"turns":7}],"seed_played":"5651937448502683663","potions_obtained":[{"floor":4,"key":"GamblersBrew"},{"floor":6,"key":"SteroidPotion"},{"floor":10,"key":"Swift Potion"},{"floor":12,"key":"Dexterity Potion"},{"floor":22,"key":"Dexterity Potion"},{"floor":29,"key":"FairyPotion"}],"is_trial":false,"path_per_floor":["M","?","?","M","?","E","M","R","T","M","?","M","R","M","R","B",null,"M","M","M","$","M","R","E","R","T","?","M","E","R","$","R","B",null,"M","M","$","?","M","R","M","M","T","M","M","R","?","M","R","B",null],"character_chosen":"DEFECT","items_purchased":["Anchor","Runic Capacitor","Static Discharge+1"],"campfire_rested":0,"item_purchase_floors":[21,21,37],"current_hp_per_floor":[75,42,31,31,31,31,30,30,30,37,37,42,42,47,47,41,75,60,64,65,65,58,58,65,65,72,72,79,62,62,62,62,51,82,82,70,70,70,77,77,82,76,76,72,60,60,60,67,67,21],"gold":85,"neow_bonus":"THREE_ENEMY_KILL","is_prod":false,"is_daily":false,"chose_seed":false,"campfire_upgraded":10,"win_rate":0,"timestamp":1568021107,"path_taken":["M","?","?","M","?","E","M","R","T","M","?","M","R","M","R","BOSS","M","M","?","$","M","R","E","R","T","?","M","E","R","$","R","BOSS","M","M","$","?","M","R","M","M","T","M","M","R","?","M","R","BOSS"],"build_version":"2019-07-17","purchased_purges":3,"victory":true,"max_hp_per_floor":[75,75,75,75,75,75,75,75,75,75,75,75,75,75,75,75,75,75,75,75,75,75,75,75,75,82,82,82,82,82,82,82,82,82,82,82,82,82,82,82,82,82,82,82,82,82,82,82,82,82],"card_choices":[{"not_picked":["Coolheaded","Fusion"],"picked":"Streamline","floor":1},{"not_picked":["Hologram","Loop","Doom and Gloom"],"picked":"SKIP","floor":4},{"not_picked":["Turbo","Buffer"],"picked":"Self Repair","floor":6},{"not_picked":["Sweeping Beam","Beam Cell"],"picked":"Cold Snap","floor":7},{"not_picked":["Sweeping Beam","Turbo","Hologram"],"picked":"SKIP","floor":10},{"not_picked":["Steam","Stack","Reprogram"],"picked":"SKIP","floor":12},{"not_picked":["Coolheaded","Beam Cell"],"picked":"Cold Snap","floor":14},{"not_picked":["Amplify","Multi-Cast"],"picked":"Electrodynamics","floor":16},{"not_picked":["Redo","Leap"],"picked":"Conserve Battery","floor":17},{"not_picked":["Hologram","Genetic Algorithm"],"picked":"Leap","floor":17},{"not_picked":["Turbo","Tempest"],"picked":"Beam Cell","floor":17},{"not_picked":["Streamline","Auto Shields"],"picked":"Biased Cognition","floor":18},{"not_picked":["Storm","Steam"],"picked":"Conserve Battery+1","floor":19},{"not_picked":["Rebound","Redo","Leap"],"picked":"SKIP","floor":20},{"not_picked":["Compile Driver","Sunder"],"picked":"BootSequence","floor":22},{"not_picked":["Fusion","Beam Cell"],"picked":"Buffer","floor":24},{"not_picked":["Coolheaded","Turbo+1","Beam Cell"],"picked":"SKIP","floor":28},{"not_picked":["Coolheaded","Doom and Gloom"],"picked":"Lockon","floor":29},{"not_picked":["All For One","Seek"],"picked":"Biased Cognition+1","floor":33},{"not_picked":["Barrage+1","Rebound","Gash+1"],"picked":"SKIP","floor":35},{"not_picked":["Stack+1","Streamline","Leap"],"picked":"SKIP","floor":36},{"not_picked":["Conserve Battery","Melter","Redo+1"],"picked":"SKIP","floor":39},{"not_picked":["Turbo+1","Sweeping Beam"],"picked":"Ball Lightning+1","floor":41},{"not_picked":["Coolheaded","Compile Driver+1"],"picked":"Machine Learning+1","floor":42},{"not_picked":["Hologram","Ball Lightning","Conserve Battery"],"picked":"SKIP","floor":44},{"not_picked":["Reprogram","Ball Lightning","Steam"],"picked":"SKIP","floor":45},{"not_picked":["Turbo+1","Heatsinks+1","Cold Snap+1"],"picked":"SKIP","floor":48}],"player_experience":393168,"relics_obtained":[{"floor":6,"key":"PreservedInsect"},{"floor":9,"key":"DataDisk"},{"floor":24,"key":"Bag of Marbles"},{"floor":26,"key":"Strawberry"},{"floor":29,"key":"Frozen Egg 2"},{"floor":43,"key":"Mummified Hand"}],"event_choices":[{"damage_healed":0,"gold_gain":0,"player_choice":"Success","damage_taken":33,"relics_obtained":["Ancient Tea Set"],"max_hp_gain":0,"max_hp_loss":0,"event_name":"Scrap Ooze","floor":2,"gold_loss":0},{"damage_healed":0,"gold_gain":75,"player_choice":"Gather Gold","damage_taken":11,"max_hp_gain":0,"max_hp_loss":0,"event_name":"World of Goop","floor":3,"gold_loss":0},{"damage_healed":0,"gold_gain":80,"player_choice":"Gained Gold","damage_taken":0,"max_hp_gain":0,"max_hp_loss":0,"event_name":"Golden Wing","floor":5,"gold_loss":0},{"cards_removed":["Strike_B"],"damage_healed":0,"gold_gain":0,"player_choice":"Purged","damage_taken":0,"max_hp_gain":0,"max_hp_loss":0,"event_name":"Purifier","floor":11,"gold_loss":0},{"damage_healed":0,"gold_gain":0,"player_choice":"Opened","damage_taken":0,"relics_obtained":["Letter Opener"],"max_hp_gain":0,"max_hp_loss":0,"event_name":"The Mausoleum","floor":27,"gold_loss":0,"cards_obtained":["Writhe"]},{"damage_healed":0,"gold_gain":0,"player_choice":"Paid","damage_taken":0,"relics_obtained":["Red Mask"],"max_hp_gain":0,"max_hp_loss":0,"event_name":"Tomb of Lord Red Mask","floor":38,"gold_loss":110},{"cards_removed":["Leap"],"damage_healed":0,"gold_gain":0,"player_choice":"Removed Skill","damage_taken":0,"max_hp_gain":0,"max_hp_loss":0,"event_name":"Falling","floor":47,"gold_loss":0}],"is_beta":false,"boss_relics":[{"not_picked":["Runic Dome","Pandora\u0027s Box"],"picked":"Orrery"},{"not_picked":["Velvet Choker","Calling Bell"],"picked":"Sozu"}],"items_purged_floors":[21,31,37],"is_endless":false,"potions_floor_spawned":[4,6,10,12,22,29,36,39,44],"ascension_level":0}