{"path_per_floor":["M","?","$","M","M","R","M","E","T","M","?","M","E","M","R","B",null,"M","?","M","?","M","R","?","M","T","M"],"character_chosen":"DEFECT","items_purchased":["Master of Strategy","Ball Lightning"],"gold_per_floor":[213,388,74,91,107,107,126,151,176,191,215,233,263,279,279,382,382,395,395,383,353,365,365,365,375,375,385,385],"floor_reached":28,"campfire_rested":0,"playtime":1938,"item_purchase_floors":[3,3],"current_hp_per_floor":[73,73,73,70,70,70,70,66,73,70,66,63,55,55,55,37,82,72,72,61,61,59,59,57,29,29,1,0],"items_purged":["Doubt"],"gold":385,"score":259,"play_id":"daa7b0e7-2d03-4310-b63e-00fff6012178","local_time":"20180522225840","is_prod":false,"is_daily":false,"chose_seed":false,"is_ascension_mode":false,"campfire_upgraded":3,"timestamp":1527047920,"campfire_choices":[{"data":"Steam Power","floor":6,"key":"SMITH"},{"data":"Zap","floor":15,"key":"SMITH"},{"data":"Seek","floor":23,"key":"SMITH"}],"path_taken":["M","?","$","M","M","R","?","E","T","M","?","M","E","M","R","BOSS","M","?","M","?","M","R","?","M","T","M","M"],"build_version":"2018-05-21v2","seed_source_timestamp":535073339131783,"purchased_purges":1,"victory":false,"master_deck":["Defend_B","Defend_B","Defend_B","Defend_B","Zap+1","Dualcast","Defragment","Master of Strategy","Ball Lightning","Steam Power+1","Steam","Rainbow","Loop","Streamline","Genetic Algorithm","Aggregate","Core Surge","Hologram","Seek+1","Melter","Storm","Bite","Bite","Bite","Bite","Bite","Rebound","Storm+1"],"max_hp_per_floor":[75,75,75,75,75,75,75,75,82,82,82,82,82,82,82,82,82,82,82,82,82,82,82,57,57,57,57,57],"relics":["Cracked Core","Dream Catcher","Strawberry","Odd Mushroom","Juzu Bracelet","Nloth\u0027s Gift","Smiling Mask"],"card_choices":[{"not_picked":["Doom and Gloom","Stack"],"picked":"Defragment","floor":1},{"not_picked":["Coolheaded","Reprogram"],"picked":"Steam Power","floor":4},{"not_picked":["Sweeping Beam","Recycle"],"picked":"Steam","floor":5},{"not_picked":["Sweeping Beam","Streamline"],"picked":"Rainbow","floor":7},{"not_picked":["Aggregate","Redo"],"picked":"Loop","floor":8},{"not_picked":["Coolheaded","Capacitor"],"picked":"Streamline","floor":10},{"not_picked":["Streamline","Gash"],"picked":"Genetic Algorithm","floor":11},{"not_picked":["Redo","Axe Kick"],"picked":"Aggregate","floor":12},{"not_picked":["Redo","Streamline"],"picked":"Core Surge","floor":13},{"not_picked":["Coolheaded","Ball Lightning"],"picked":"Hologram","floor":14},{"not_picked":["Meteor Strike","Machine Learning"],"picked":"Seek","floor":16},{"not_picked":["Streamline+1","Glacier+1"],"picked":"Melter","floor":18},{"not_picked":["Glacier","Go for the Eyes","Sweeping Beam"],"picked":"SKIP","floor":20},{"not_picked":["Go for the Eyes","Hologram"],"picked":"Storm","floor":22},{"not_picked":["Machine Learning","Barrage"],"picked":"Rebound","floor":25},{"not_picked":["Steam","Gash"],"picked":"Storm+1","floor":27}],"player_experience":156007,"potions_floor_usage":[8,11,12,18,25,25],"damage_taken":[{"damage":2,"enemies":"2 Louse","floor":1,"turns":2},{"damage":3,"enemies":"Jaw Worm","floor":4,"turns":3},{"damage":0,"enemies":"Cultist","floor":5,"turns":2},{"damage":0,"enemies":"Looter","floor":7,"turns":3},{"damage":4,"enemies":"Lagavulin","floor":8,"turns":5},{"damage":3,"enemies":"2 Fungi Beasts","floor":10,"turns":4},{"damage":4,"enemies":"The Mushroom Lair","floor":11,"turns":4},{"damage":3,"enemies":"Exordium Wildlife","floor":12,"turns":4},{"damage":8,"enemies":"3 Sentries","floor":13,"turns":6},{"damage":0,"enemies":"Looter","floor":14,"turns":3},{"damage":18,"enemies":"Slime Boss","floor":16,"turns":7},{"damage":10,"enemies":"Shell Parasite","floor":18,"turns":3},{"damage":11,"enemies":"2 Thieves","floor":20,"turns":4},{"damage":2,"enemies":"Sentry and Sphere","floor":22,"turns":3},{"damage":30,"enemies":"Snake Plant","floor":25,"turns":4},{"damage":40,"enemies":"3 Cultists","floor":27,"turns":6},{"damage":23,"enemies":"Centurion and Healer","floor":28,"turns":7}],"relics_obtained":[{"floor":8,"key":"Dream Catcher"},{"floor":9,"key":"Strawberry"},{"floor":11,"key":"Odd Mushroom"},{"floor":13,"key":"Juzu Bracelet"},{"floor":26,"key":"Smiling Mask"}],"event_choices":[{"event_name":"Liars Game","player_choice":"agreed","floor":2,"damage_taken":0},{"event_name":"Mushrooms","player_choice":"Fought Mushrooms","floor":11,"damage_taken":0},{"event_name":"N\u0027loth","player_choice":"Traded a Nuclear Battery","floor":19,"damage_taken":0},{"event_name":"The Woman in Blue","player_choice":"Bought 2 Potions","floor":21,"damage_taken":0},{"event_name":"Vampires","player_choice":"Became a vampire","floor":24,"damage_taken":0}],"boss_relics":[{"not_picked":["Runic Dome","White Beast Statue"],"picked":"Nuclear Battery"}],"items_purged_floors":[3],"potions_floor_spawned":[1,10,11,14,20,22],"seed_played":"7534184865001669056","killed_by":"Centurion and Healer","ascension_level":0,"potions_obtained":[{"floor":1,"key":"Block Potion"},{"floor":10,"key":"Block Potion"},{"floor":11,"key":"Poison Potion"},{"floor":14,"key":"Explosive Potion"},{"floor":20,"key":"FearPotion"},{"floor":21,"key":"FairyPotion"},{"floor":21,"key":"Strength Potion"}],"is_trial":false}