{"gold_per_floor":[110,126,51,51,67,93,104,137,137,149,149,0,0,0,0,103,103,113,38,38,54,54,54,84,84,107,122,122,138,138,154,154,259,259,276,294,74,94,106,136,136,154,180,180,0,14,25,38,38,38],"floor_reached":51,"playtime":3564,"items_purged":["Strike_G"],"score":885,"play_id":"0b52e2c9-e719-4aad-81ea-153b084186db","local_time":"20181205175728","is_ascension_mode":false,"campfire_choices":[{"floor":13,"key":"REST"},{"data":"Cloak And Dagger","floor":15,"key":"SMITH"},{"data":"Neutralize","floor":23,"key":"SMITH"},{"data":"After Image","floor":25,"key":"SMITH"},{"data":"Well Laid Plans","floor":28,"key":"SMITH"},{"data":"Choke","floor":30,"key":"SMITH"},{"data":"Footwork","floor":32,"key":"SMITH"},{"data":"A Thousand Cuts","floor":49,"key":"SMITH"}],"neow_cost":"TEN_PERCENT_HP_LOSS","seed_source_timestamp":7700392468314,"circlet_count":0,"master_deck":["Survivor","Neutralize+1","Leg Sweep","Dagger Spray","Cloak And Dagger+1","Dagger Spray","Footwork+1","Backflip","Choke+1","Escape Plan","Prepared","Dagger Throw","Escape Plan","Leg Sweep","Well Laid Plans+1","Blur","After Image+1","Flying Knee","Blur","Prepared","Outmaneuver","Bane","Flying Knee","Reflex","Dagger Spray","Dagger Throw","Prepared+1","Bandage Up","Neutralize","Quick Slash","Cloak And Dagger","Backflip","Cloak And Dagger","Tactician","PiercingWail+1","Tactician+1","A Thousand Cuts+1","Cloak And Dagger+1","Acrobatics+1","Terror+1","Infinite Blades","Leg Sweep+1","Escape Plan","Noxious Fumes+1","Dodge and Roll+1","After Image+1","Tactician+1","Dodge and Roll+1","Heel Hook+1","Catalyst+1","Acrobatics+1"],"relics":["Ring of the Snake","Prayer Wheel","WarpedTongs","Tough Bandages","Pen Nib","Bronze Scales","Spirit Poop","Pandora\u0027s Box","Question Card","PreservedInsect","Lizard Tail","Bag of Marbles","Juzu Bracelet","Happy Flower","Red Mask"],"potions_floor_usage":[6,27,33,40,47,50,50],"damage_taken":[{"damage":0,"enemies":"Jaw Worm","floor":1,"turns":7},{"damage":1,"enemies":"Cultist","floor":2,"turns":4},{"damage":3,"enemies":"2 Louse","floor":5,"turns":2},{"damage":20,"enemies":"3 Sentries","floor":6,"turns":7},{"damage":6,"enemies":"Exordium Thugs","floor":7,"turns":10},{"damage":18,"enemies":"Gremlin Nob","floor":8,"turns":5},{"damage":9,"enemies":"Large Slime","floor":10,"turns":6},{"damage":0,"enemies":"Slime Boss","floor":16,"turns":12},{"damage":0,"enemies":"3 Byrds","floor":18,"turns":3},{"damage":0,"enemies":"Shell Parasite","floor":21,"turns":6},{"damage":11,"enemies":"Slavers","floor":24,"turns":7},{"damage":0,"enemies":"Centurion and Healer","floor":27,"turns":6},{"damage":0,"enemies":"Chosen and Byrds","floor":29,"turns":7},{"damage":2,"enemies":"Shelled Parasite and Fungi","floor":31,"turns":5},{"damage":0,"enemies":"Automaton","floor":33,"turns":14},{"damage":22,"enemies":"3 Darklings","floor":35,"turns":6},{"damage":0,"enemies":"Orb Walker","floor":36,"turns":4},{"damage":13,"enemies":"Jaw Worm Horde","floor":38,"turns":6},{"damage":18,"enemies":"4 Shapes","floor":39,"turns":7},{"damage":0,"enemies":"Nemesis","floor":40,"turns":7},{"damage":0,"enemies":"Transient","floor":42,"turns":5},{"damage":0,"enemies":"Maw","floor":46,"turns":9},{"damage":0,"enemies":"Spire Growth","floor":47,"turns":6},{"damage":10,"enemies":"Writhing Mass","floor":48,"turns":7},{"damage":6,"enemies":"Donu and Deca","floor":50,"turns":10}],"seed_played":"-3732437787071364348","potions_obtained":[{"floor":5,"key":"GamblersBrew"},{"floor":10,"key":"Energy Potion"},{"floor":24,"key":"Block Potion"},{"floor":27,"key":"Block Potion"},{"floor":31,"key":"EssenceOfSteel"},{"floor":38,"key":"Fire Potion"},{"floor":42,"key":"AttackPotion"},{"floor":47,"key":"Poison Potion"},{"floor":48,"key":"SpeedPotion"}],"is_trial":false,"path_per_floor":["M","M","$","?","M","E","M","E","T","M","?","$","R","?","R","B",null,"M","?","?","M","$","R","E","R","T","M","R","M","R","M","R","B",null,"M","M","$","M","M","E","?","M","T","?","?","M","M","M","R","B",null],"character_chosen":"THE_SILENT","items_purchased":["Well Laid Plans","Blur","Infinite Blades","Bag of Marbles"],"campfire_rested":1,"item_purchase_floors":[12,12,37,37],"current_hp_per_floor":[63,62,62,62,59,39,33,15,15,6,6,6,24,24,24,24,63,63,63,63,63,63,63,58,58,58,62,62,63,63,61,61,63,63,41,41,41,32,18,22,55,55,55,55,55,55,55,49,49,47],"gold":38,"neow_bonus":"ONE_RARE_RELIC","is_prod":false,"is_daily":false,"chose_seed":false,"campfire_upgraded":7,"win_rate":0,"timestamp":1544054248,"path_taken":["M","M","$","?","M","E","?","E","T","M","?","?","R","?","R","BOSS","M","?","?","?","$","R","E","R","T","M","R","M","R","M","R","BOSS","M","M","$","M","?","E","?","M","T","?","?","M","M","M","R","BOSS"],"build_version":"2018-12-05","purchased_purges":1,"victory":true,"max_hp_per_floor":[63,63,63,63,63,63,63,63,63,63,63,63,63,63,63,63,63,63,63,63,63,63,63,63,63,63,63,63,63,63,63,63,63,63,63,63,63,63,63,63,55,55,55,55,55,55,55,55,55,55],"card_choices":[{"not_picked":["Dagger Throw","Bane"],"picked":"Leg Sweep","floor":1},{"not_picked":["Dagger Throw","PiercingWail"],"picked":"Dagger Spray","floor":1},{"not_picked":["Dagger Spray","PiercingWail"],"picked":"Cloak And Dagger","floor":2},{"not_picked":["Calculated Gamble","Predator"],"picked":"Dagger Spray","floor":2},{"not_picked":["Catalyst","Flying Knee"],"picked":"Footwork","floor":5},{"not_picked":["Infinite Blades","Flechettes"],"picked":"Backflip","floor":5},{"not_picked":["Accuracy","Poisoned Stab"],"picked":"Choke","floor":6},{"not_picked":["Expertise","Footwork"],"picked":"Escape Plan","floor":7},{"not_picked":["Dagger Spray","Venomology"],"picked":"Prepared","floor":7},{"not_picked":["Slice","Skewer"],"picked":"Dagger Throw","floor":8},{"not_picked":["Well Laid Plans","Skewer"],"picked":"Escape Plan","floor":10},{"not_picked":["Flying Knee","Dodge and Roll"],"picked":"Leg Sweep","floor":10},{"not_picked":["Malaise","Glass Knife"],"picked":"After Image","floor":16},{"not_picked":["Underhanded Strike","Flying Knee"],"picked":"Dagger Throw","floor":18},{"not_picked":["Dagger Throw","Flying Knee+1"],"picked":"Prepared+1","floor":18},{"not_picked":["Riddle With Holes","Crippling Poison","Expertise"],"picked":"SKIP","floor":21},{"not_picked":["Deadly Poison","Bane","Outmaneuver"],"picked":"SKIP","floor":21},{"not_picked":["Venomology","Slice"],"picked":"Quick Slash","floor":24},{"not_picked":["Bane+1","Bouncing Flask","Well Laid Plans"],"picked":"Cloak And Dagger","floor":27},{"not_picked":["Crippling Poison","Masterful Stab","Blade Dance"],"picked":"Backflip","floor":27},{"not_picked":["Reflex","Endless Agony+1","Flying Knee"],"picked":"Cloak And Dagger","floor":29},{"not_picked":["Flying Knee+1","Crippling Poison","Outmaneuver"],"picked":"Tactician","floor":29},{"not_picked":["Crippling Poison","Sucker Punch","Skewer"],"picked":"PiercingWail+1","floor":31},{"not_picked":["Flechettes+1","Quick Slash+1","Cloak And Dagger"],"picked":"Tactician+1","floor":31},{"not_picked":["Wraith Form v2","Malaise","Doppelganger"],"picked":"A Thousand Cuts","floor":33},{"not_picked":["Slice+1","Dodge and Roll+1","Terror+1"],"picked":"Cloak And Dagger+1","floor":35},{"not_picked":["Sucker Punch+1","Acrobatics","Night Terror","Heel Hook"],"picked":"SKIP","floor":35},{"not_picked":["Accuracy","Flying Knee","Deflect+1"],"picked":"Acrobatics+1","floor":36},{"not_picked":["Deadly Poison","Leg Sweep+1","Flying Knee+1"],"picked":"Terror+1","floor":36},{"not_picked":["Sucker Punch+1","Bane","Night Terror","Reflex"],"picked":"SKIP","floor":38},{"not_picked":["Masterful Stab+1","Blade Dance+1","Dodge and Roll+1","Dagger Spray+1"],"picked":"SKIP","floor":38},{"not_picked":["Choke","Cloak And Dagger","Bane+1"],"picked":"Leg Sweep+1","floor":39},{"not_picked":["Blade Dance","Sucker Punch+1","Dagger Throw+1"],"picked":"Escape Plan","floor":39},{"not_picked":["Slice","Deadly Poison","Underhanded Strike","Night Terror"],"picked":"SKIP","floor":40},{"not_picked":["Deflect","Cloak And Dagger","Dodge and Roll"],"picked":"Noxious Fumes+1","floor":42},{"not_picked":["Dash","Flying Knee+1","Venomology"],"picked":"Dodge and Roll+1","floor":42},{"not_picked":["Poisoned Stab","Caltrops","Masterful Stab"],"picked":"Tactician+1","floor":46},{"not_picked":["Outmaneuver","Blade Dance+1","Wraith Form v2"],"picked":"Dodge and Roll+1","floor":46},{"not_picked":["Terror","Underhanded Strike+1","Deflect+1"],"picked":"Heel Hook+1","floor":47},{"not_picked":["Flechettes","Slice","PiercingWail+1","Dodge and Roll"],"picked":"SKIP","floor":47},{"not_picked":["Deadly Poison","Distraction+1","Setup"],"picked":"Catalyst+1","floor":48},{"not_picked":["Bane","Terror","Quick Slash+1"],"picked":"Acrobatics+1","floor":48}],"player_experience":354528,"relics_obtained":[{"floor":6,"key":"Tough Bandages"},{"floor":8,"key":"Pen Nib"},{"floor":9,"key":"Bronze Scales"},{"floor":24,"key":"Question Card"},{"floor":26,"key":"PreservedInsect"},{"floor":40,"key":"Juzu Bracelet"},{"floor":43,"key":"Happy Flower"}],"event_choices":[{"damage_healed":0,"gold_gain":0,"player_choice":"Rummage","damage_taken":0,"relics_obtained":["WarpedTongs"],"max_hp_gain":0,"max_hp_loss":0,"event_name":"Accursed Blacksmith","floor":4,"gold_loss":0,"cards_obtained":["Pain"]},{"cards_removed":["Pain"],"damage_healed":0,"gold_gain":0,"player_choice":"Offered Curse","damage_taken":0,"relics_obtained":["Spirit Poop"],"max_hp_gain":0,"max_hp_loss":0,"event_name":"Bonfire Elementals","floor":11,"gold_loss":0},{"damage_healed":0,"gold_gain":0,"player_choice":"Searched \u00270\u0027 times","damage_taken":0,"max_hp_gain":0,"max_hp_loss":0,"event_name":"Dead Adventurer","floor":14,"gold_loss":0},{"cards_removed":["Outmaneuver"],"damage_healed":0,"gold_gain":0,"player_choice":"Gave Gold","damage_taken":0,"max_hp_gain":0,"max_hp_loss":0,"event_name":"Beggar","floor":19,"gold_loss":75},{"damage_healed":0,"gold_gain":0,"player_choice":"2 cards matched","damage_taken":0,"max_hp_gain":0,"max_hp_loss":0,"event_name":"Match and Keep!","floor":20,"gold_loss":0,"cards_obtained":["Bandage Up","Neutralize"]},{"damage_healed":55,"gold_gain":0,"player_choice":"Heal","damage_taken":0,"max_hp_gain":0,"max_hp_loss":8,"event_name":"The Moai Head","floor":41,"gold_loss":0},{"damage_healed":0,"gold_gain":0,"player_choice":"Copied","damage_taken":0,"max_hp_gain":0,"max_hp_loss":0,"event_name":"Duplicator","floor":44,"gold_loss":0,"cards_obtained":["After Image"]},{"damage_healed":0,"gold_gain":0,"player_choice":"Paid","damage_taken":0,"relics_obtained":["Red Mask"],"max_hp_gain":0,"max_hp_loss":0,"event_name":"Tomb of Lord Red Mask","floor":45,"gold_loss":180}],"is_beta":true,"boss_relics":[{"not_picked":["Runic Dome","White Beast Statue"],"picked":"Pandora\u0027s Box"},{"not_picked":["Astrolabe","Coffee Dripper"],"picked":"Lizard Tail"}],"items_purged_floors":[3],"is_endless":false,"potions_floor_spawned":[5,10,24,27,31,38,42,47,48],"ascension_level":0}