{"gold_per_floor":[114,114,114,131,143,143,174,174,174,124,151,167,186,206,206,305,305,321,334,354,365,365,396,408,421,421,421,421,451,105,122,122,221,221,240,140,240,240,7,41,41,71,71,106,106,124,124,139,139,139,139,139,60,88,88],"floor_reached":55,"playtime":3669,"items_purged":["Bash","Defend_R","Defend_R"],"score":782,"play_id":"563e0771-4d6d-497b-9626-4728a1e29b91","local_time":"20190112232107","is_ascension_mode":false,"campfire_choices":[{"data":"Uppercut","floor":6,"key":"SMITH"},{"data":"Trip","floor":8,"key":"SMITH"},{"data":"Disarm","floor":15,"key":"SMITH"},{"floor":27,"key":"REST"},{"floor":32,"key":"REST"},{"floor":41,"key":"RECALL"},{"floor":45,"key":"REST"},{"floor":47,"key":"REST"},{"floor":49,"key":"REST"},{"floor":52,"key":"REST"}],"neow_cost":"NONE","seed_source_timestamp":47774806629167,"circlet_count":0,"master_deck":["Defend_R","Defend_R","Trip+1","Cleave","Disarm+1","Uppercut+1","Inflame","Double Tap+1","Dropkick","True Grit+1","Immolate","Wild Strike+1","Thunderclap+1","Rage+1","Double Tap+1","Seeing Red+1","Shrug It Off+1","Shrug It Off+1","Armaments+1","Whirlwind","Warcry+1","Metallicize","Infernal Blade+1","Warcry+1","Clash+1","Shrug It Off+1","Offering+1"],"relics":["Burning Blood","Nunchaku","Champion Belt","Toxic Egg 2","Astrolabe","Bottled Flame","Ornamental Fan","Kunai","Medical Kit","Fusion Hammer","Ice Cream","Boot","Centennial Puzzle","Gremlin Horn","Mercury Hourglass","Bird Faced Urn"],"potions_floor_usage":[18,20,23,31,40,42,42,50,55,55],"damage_taken":[{"damage":4,"enemies":"Jaw Worm","floor":1,"turns":4},{"damage":3,"enemies":"2 Louse","floor":4,"turns":3},{"damage":0,"enemies":"Small Slimes","floor":5,"turns":2},{"damage":17,"enemies":"Gremlin Nob","floor":7,"turns":4},{"damage":11,"enemies":"Lagavulin","floor":11,"turns":7},{"damage":4,"enemies":"Red Slaver","floor":12,"turns":4},{"damage":4,"enemies":"Blue Slaver","floor":13,"turns":2},{"damage":0,"enemies":"3 Louse","floor":14,"turns":1},{"damage":10,"enemies":"The Guardian","floor":16,"turns":11},{"damage":5,"enemies":"Chosen","floor":18,"turns":4},{"damage":9,"enemies":"Shell Parasite","floor":19,"turns":5},{"damage":17,"enemies":"Sentry and Sphere","floor":20,"turns":4},{"damage":15,"enemies":"Snake Plant","floor":21,"turns":4},{"damage":19,"enemies":"Slavers","floor":23,"turns":2},{"damage":0,"enemies":"Centurion and Healer","floor":24,"turns":4},{"damage":15,"enemies":"Sentry and Sphere","floor":25,"turns":4},{"damage":16,"enemies":"Book of Stabbing","floor":29,"turns":5},{"damage":0,"enemies":"Snecko","floor":31,"turns":3},{"damage":46,"enemies":"Collector","floor":33,"turns":7},{"damage":0,"enemies":"3 Darklings","floor":35,"turns":2},{"damage":21,"enemies":"Mind Bloom Boss Battle","floor":37,"turns":6},{"damage":8,"enemies":"Giant Head","floor":40,"turns":7},{"damage":2,"enemies":"Nemesis","floor":42,"turns":5},{"damage":0,"enemies":"Reptomancer","floor":44,"turns":3},{"damage":0,"enemies":"Orb Walker","floor":46,"turns":3},{"damage":0,"enemies":"Maw","floor":48,"turns":5},{"damage":27,"enemies":"Donu and Deca","floor":50,"turns":10},{"damage":24,"enemies":"Shield and Spear","floor":54,"turns":4},{"damage":75,"enemies":"The Heart","floor":55,"turns":5}],"seed_played":"-9118558723745017659","potions_obtained":[{"floor":7,"key":"GamblersBrew"},{"floor":11,"key":"Fire Potion"},{"floor":13,"key":"Poison Potion"},{"floor":21,"key":"PowerPotion"},{"floor":24,"key":"Explosive Potion"},{"floor":29,"key":"Swift Potion"},{"floor":31,"key":"SpeedPotion"},{"floor":35,"key":"GamblersBrew"},{"floor":40,"key":"EssenceOfSteel"},{"floor":42,"key":"Fruit Juice"},{"floor":46,"key":"Block Potion"},{"floor":48,"key":"SteroidPotion"}],"is_trial":false,"path_per_floor":["M","?","T","M","M","R","E","R","T","?","E","M","M","M","R","B",null,"M","M","M","M","?","E","M","M","T","R","?","E","$","M","R","B",null,"M","$","?","?","$","E","R","E","T","E","R","M","R","M","R","B",null,"R","$","E","B"],"character_chosen":"IRONCLAD","items_purchased":["Medical Kit","Shrug It Off+1","Armaments+1","Warcry+1","Metallicize","LiquidBronze"],"campfire_rested":6,"item_purchase_floors":[30,30,30,39,39,53],"current_hp_per_floor":[80,80,80,80,80,80,69,69,69,69,64,66,68,74,74,70,80,80,77,66,57,42,29,35,26,26,51,51,41,41,47,72,32,85,85,85,70,70,70,68,68,77,77,83,90,90,90,90,90,69,90,90,90,72,0],"gold":88,"neow_bonus":"RANDOM_COLORLESS","is_prod":false,"is_daily":false,"chose_seed":false,"campfire_upgraded":3,"win_rate":0,"timestamp":1547331667,"path_taken":["M","?","?","M","M","R","E","R","T","?","E","M","M","M","R","BOSS","M","M","M","M","?","E","M","M","T","R","?","E","$","M","R","BOSS","M","?","?","?","$","E","R","E","T","E","R","M","R","?","R","BOSS","R","$","E","BOSS"],"build_version":"2019-01-10","purchased_purges":3,"victory":false,"max_hp_per_floor":[80,80,80,80,80,80,80,80,80,80,80,80,80,80,80,80,80,80,80,80,80,85,85,85,85,85,85,85,85,85,85,85,85,85,85,85,85,85,85,85,85,90,90,90,90,90,90,90,90,90,90,90,90,90,90],"card_choices":[{"not_picked":["Clothesline","Iron Wave"],"picked":"Cleave","floor":1},{"not_picked":["Heavy Blade","Infernal Blade"],"picked":"Disarm","floor":4},{"not_picked":["Clash","Wild Strike"],"picked":"Uppercut","floor":5},{"not_picked":["Headbutt","Cleave"],"picked":"Inflame","floor":7},{"not_picked":["Rupture","Flex","Disarm"],"picked":"SKIP","floor":11},{"not_picked":["Rupture","Flex","Disarm"],"picked":"SKIP","floor":11},{"not_picked":["Clothesline","Thunderclap"],"picked":"Double Tap+1","floor":12},{"not_picked":["Searing Blow","Entrench+1"],"picked":"Dropkick","floor":13},{"not_picked":["Warcry+1","Body Slam"],"picked":"True Grit+1","floor":14},{"not_picked":["Offering+1","Bludgeon"],"picked":"Immolate","floor":16},{"not_picked":["Headbutt+1","Reckless Charge","Iron Wave"],"picked":"SKIP","floor":18},{"not_picked":["Flame Barrier+1","Carnage"],"picked":"Rage+1","floor":19},{"not_picked":["Reckless Charge","Sword Boomerang","Clothesline"],"picked":"SKIP","floor":20},{"not_picked":["Inflame+1","Iron Wave","Fire Breathing+1"],"picked":"SKIP","floor":21},{"not_picked":["Second Wind+1","Combust+1"],"picked":"Double Tap+1","floor":23},{"not_picked":["Corruption+1","Clash"],"picked":"Seeing Red+1","floor":24},{"not_picked":["Pommel Strike+1","Hemokinesis"],"picked":"Shrug It Off+1","floor":25},{"not_picked":["Entrench+1","Havoc+1","Twin Strike+1"],"picked":"SKIP","floor":29},{"not_picked":["Searing Blow","Anger+1","Fire Breathing+1"],"picked":"SKIP","floor":31},{"not_picked":["Heavy Blade+1","Clothesline","Intimidate+1"],"picked":"SKIP","floor":35},{"not_picked":["Sword Boomerang+1","Cleave"],"picked":"Whirlwind","floor":37},{"not_picked":["Inflame+1","Blood for Blood+1"],"picked":"Infernal Blade+1","floor":40},{"not_picked":["Reckless Charge+1","Wild Strike+1"],"picked":"Warcry+1","floor":42},{"not_picked":["Anger","Sword Boomerang+1","Burning Pact+1"],"picked":"SKIP","floor":44},{"not_picked":["Perfected Strike","Berserk"],"picked":"Clash+1","floor":46},{"not_picked":["Clash","Twin Strike"],"picked":"Shrug It Off+1","floor":48},{"not_picked":["Feed","Shrug It Off+1"],"picked":"Offering+1","floor":54}],"player_experience":301038,"relics_obtained":[{"floor":3,"key":"Nunchaku"},{"floor":7,"key":"Champion Belt"},{"floor":11,"key":"Toxic Egg 2"},{"floor":23,"key":"Bottled Flame"},{"floor":26,"key":"Ornamental Fan"},{"floor":29,"key":"Kunai"},{"floor":37,"key":"Ice Cream"},{"floor":40,"key":"Boot"},{"floor":42,"key":"Centennial Puzzle"},{"floor":43,"key":"Gremlin Horn"},{"floor":44,"key":"Mercury Hourglass"},{"floor":54,"key":"Bird Faced Urn"}],"event_choices":[{"cards_removed":["Strike_R"],"damage_healed":0,"gold_gain":0,"player_choice":"Forget","damage_taken":0,"max_hp_gain":0,"max_hp_loss":0,"event_name":"Living Wall","floor":2,"gold_loss":0},{"cards_removed":["Strike_R"],"damage_healed":0,"gold_gain":0,"player_choice":"Card Removal","damage_taken":0,"max_hp_gain":0,"max_hp_loss":0,"event_name":"The Cleric","floor":10,"gold_loss":50},{"damage_healed":0,"gold_gain":0,"player_choice":"Shed Blood","damage_taken":20,"max_hp_gain":5,"max_hp_loss":0,"event_name":"Forgotten Altar","floor":22,"gold_loss":0},{"cards_removed":["Searing Blow"],"damage_healed":0,"gold_gain":0,"player_choice":"Purged","damage_taken":0,"max_hp_gain":0,"max_hp_loss":0,"event_name":"Purifier","floor":28,"gold_loss":0},{"damage_healed":0,"gold_gain":0,"player_choice":"Fight","damage_taken":0,"max_hp_gain":0,"max_hp_loss":0,"event_name":"MindBloom","floor":37,"gold_loss":0},{"damage_healed":0,"gold_gain":0,"player_choice":"Ignored","damage_taken":0,"max_hp_gain":0,"max_hp_loss":0,"event_name":"Tomb of Lord Red Mask","floor":38,"gold_loss":0}],"is_beta":true,"boss_relics":[{"not_picked":["Eternal Feather","Pandora\u0027s Box"],"picked":"Astrolabe"},{"not_picked":["Mark of Pain","Velvet Choker"],"picked":"Fusion Hammer"}],"items_purged_floors":[30,36,39],"is_endless":false,"potions_floor_spawned":[7,11,13,16,21,24,29,31,35,40,42,46,48],"killed_by":"The Heart","ascension_level":0}