{"gold_per_floor":[113,38,38,56,73,73,93,111,111,125,153,153,167,24,24,123,123,142,152,172,172,191,191,202,202,256,256,256,256,166,23,23,118,118,133,145,145,145,155,155,173,93,93,110,128,28,47,63,63,63],"floor_reached":51,"playtime":1865,"items_purged":["Strike_B","Strike_B+1"],"score":645,"play_id":"4508356f-3cf4-4e84-bdca-6b252b0796ee","local_time":"20190911223454","is_ascension_mode":false,"campfire_choices":[{"data":"Zap","floor":6.0,"key":"SMITH"},{"data":"Dualcast","floor":12.0,"key":"SMITH"},{"data":"Recycle","floor":15.0,"key":"SMITH"},{"floor":23.0,"key":"REST"},{"floor":25.0,"key":"REST"},{"data":"Conserve Battery","floor":28.0,"key":"SMITH"},{"floor":32.0,"key":"REST"},{"data":"Lockon","floor":40.0,"key":"SMITH"},{"floor":49,"key":"REST"}],"neow_cost":"NONE","seed_source_timestamp":7092709362100,"circlet_count":0,"master_deck":["Strike_B+1","Defend_B","Defend_B+1","Zap+1","Dualcast+1","Conserve Battery+1","Double Energy","Ball Lightning","Lockon+1","Conserve Battery+1","Recycle+1","Biased Cognition","Cold Snap","Coolheaded+1","Necronomicurse","Echo Form","Ball Lightning","All For One","Sunder","Conserve Battery+1","Skim","Machine Learning"],"special_seed":0,"relics":["Cracked Core","Whetstone","Sundial","Odd Mushroom","Bronze Scales","Sozu","War Paint","Necronomicon","ClockworkSouvenir","Cursed Key"],"potions_floor_usage":[50,50],"damage_taken":[{"damage":1.0,"enemies":"Jaw Worm","floor":1.0,"turns":4.0},{"damage":0.0,"enemies":"Cultist","floor":4.0,"turns":3.0},{"damage":0.0,"enemies":"2 Louse","floor":5.0,"turns":2.0},{"damage":2.0,"enemies":"Large Slime","floor":7.0,"turns":4.0},{"damage":0.0,"enemies":"2 Fungi Beasts","floor":8.0,"turns":3.0},{"damage":8.0,"enemies":"Red Slaver","floor":10.0,"turns":3.0},{"damage":10.0,"enemies":"The Mushroom Lair","floor":11.0,"turns":3.0},{"damage":0.0,"enemies":"Looter","floor":13.0,"turns":3.0},{"damage":24.0,"enemies":"The Guardian","floor":16.0,"turns":8.0},{"damage":10.0,"enemies":"Spheric Guardian","floor":18.0,"turns":3.0},{"damage":15.0,"enemies":"Shell Parasite","floor":19.0,"turns":4.0},{"damage":14.0,"enemies":"Sentry and Sphere","floor":20.0,"turns":6.0},{"damage":15.0,"enemies":"Cultist and Chosen","floor":22.0,"turns":6.0},{"damage":11.0,"enemies":"Shelled Parasite and Fungi","floor":24.0,"turns":4.0},{"damage":56.0,"enemies":"Champ","floor":33.0,"turns":12.0},{"damage":0.0,"enemies":"3 Shapes","floor":35.0,"turns":4.0},{"damage":6.0,"enemies":"Orb Walker","floor":36.0,"turns":4.0},{"damage":15.0,"enemies":"Sphere and 2 Shapes","floor":39.0,"turns":4.0},{"damage":16.0,"enemies":"Spire Growth","floor":41.0,"turns":4.0},{"damage":0,"enemies":"Transient","floor":44,"turns":5},{"damage":2,"enemies":"Maw","floor":45,"turns":5},{"damage":10,"enemies":"Jaw Worm Horde","floor":47,"turns":4},{"damage":22,"enemies":"Sphere and 2 Shapes","floor":48,"turns":5},{"damage":25,"enemies":"Time Eater","floor":50,"turns":9}],"seed_played":"-7698967803217759539","potions_obtained":[{"floor":4.0,"key":"SkillPotion"},{"floor":8.0,"key":"AttackPotion"},{"floor":10.0,"key":"LiquidBronze"},{"floor":11.0,"key":"Strength Potion"},{"floor":16.0,"key":"FairyPotion"}],"is_trial":false,"path_per_floor":["M","$","?","M","M","R","M","M","T","M","?","R","M","$","R","B",null,"M","M","M","?","M","R","M","R","T","?","R","?","?","$","R","B",null,"M","M","?","?","M","R","M","$","T","M","M","$","M","M","R","B",null],"character_chosen":"DEFECT","items_purchased":["Bronze Scales","ClockworkSouvenir","Sunder"],"campfire_rested":4,"item_purchase_floors":[14,31,42],"current_hp_per_floor":[74,74,74,74,74,74,72,72,72,64,54,54,54,54,54,30,75,65,50,36,36,21,43,32,54,54,54,54,38,38,38,60,4,75,75,69,69,69,54,54,38,38,38,38,36,36,26,4,26,1],"gold":63,"neow_bonus":"RANDOM_COMMON_RELIC","is_prod":false,"is_daily":false,"chose_seed":false,"campfire_upgraded":5,"win_rate":0,"timestamp":1568208894,"path_taken":["M","$","?","M","M","R","M","?","T","M","?","R","M","?","R","BOSS","M","M","M","?","M","R","M","R","T","?","R","?","?","$","R","BOSS","M","M","?","?","?","R","M","?","T","M","?","$","M","M","R","BOSS"],"build_version":"2019-09-10","purchased_purges":2,"victory":true,"max_hp_per_floor":[75,75,75,75,75,75,75,75,75,75,75,75,75,75,75,75,75,75,75,75,75,75,75,75,75,75,75,75,75,75,75,75,75,75,75,75,75,75,75,75,75,75,75,75,75,75,75,75,75,75],"card_choices":[{"not_picked":["Undo","Scrape"],"picked":"Conserve Battery","floor":1.0},{"not_picked":["Go for the Eyes","Conserve Battery"],"picked":"Ball Lightning","floor":4.0},{"not_picked":["FTL","Barrage"],"picked":"Lockon","floor":5.0},{"not_picked":["Redo","Consume"],"picked":"Conserve Battery","floor":7.0},{"not_picked":["Rebound","Reboot","Steam"],"picked":"SKIP","floor":8.0},{"not_picked":["Coolheaded","Sweeping Beam","Rip and Tear"],"picked":"SKIP","floor":10.0},{"not_picked":["Force Field","Chill"],"picked":"Recycle","floor":11.0},{"not_picked":["Rebound","Biased Cognition","Sweeping Beam"],"picked":"SKIP","floor":13.0},{"not_picked":["Thunder Strike","All For One"],"picked":"Biased Cognition","floor":16.0},{"not_picked":["Capacitor","Streamline"],"picked":"Cold Snap","floor":18.0},{"not_picked":["Hologram","Genetic Algorithm","Beam Cell+1"],"picked":"SKIP","floor":19.0},{"not_picked":["Hello World+1","Steam","Fusion+1"],"picked":"SKIP","floor":20.0},{"not_picked":["Compile Driver","Streamline+1"],"picked":"Coolheaded+1","floor":22.0},{"not_picked":["Rebound","Hologram","Gash"],"picked":"SKIP","floor":24.0},{"not_picked":["Amplify","Multi-Cast"],"picked":"Echo Form","floor":33.0},{"not_picked":["Leap","Cold Snap"],"picked":"Ball Lightning","floor":35.0},{"not_picked":["Reinforced Body+1","Darkness+1","Stack+1"],"picked":"SKIP","floor":36.0},{"not_picked":["Melter","Conserve Battery","FTL"],"picked":"SKIP","floor":39.0},{"not_picked":["Stack","Capacitor+1"],"picked":"All For One","floor":41.0},{"not_picked":["Compile Driver+1","Cold Snap"],"picked":"Conserve Battery+1","floor":44},{"not_picked":["Stack","Darkness","Compile Driver+1"],"picked":"SKIP","floor":45},{"not_picked":["Darkness+1","Turbo+1"],"picked":"Skim","floor":47},{"not_picked":["Cold Snap","Turbo+1"],"picked":"Machine Learning","floor":48}],"player_experience":427107,"relics_obtained":[{"floor":9.0,"key":"Sundial"},{"floor":11.0,"key":"Odd Mushroom"},{"floor":26.0,"key":"War Paint"},{"floor":29.0,"key":"Necronomicon"}],"event_choices":[{"damage_healed":0.0,"max_hp_gain":0.0,"max_hp_loss":0.0,"gold_gain":0.0,"cards_transformed":["Defend_B"],"event_name":"Transmorgrifier","player_choice":"Transformed","floor":3.0,"gold_loss":0.0,"damage_taken":0.0,"cards_obtained":["Double Energy"]},{"damage_healed":0.0,"max_hp_gain":0.0,"max_hp_loss":0.0,"gold_gain":0.0,"event_name":"Mushrooms","player_choice":"Fought Mushrooms","floor":11.0,"gold_loss":0.0,"damage_taken":0.0},{"damage_healed":0.0,"max_hp_gain":0.0,"max_hp_loss":0.0,"gold_gain":0.0,"event_name":"Vampires","player_choice":"Ignored","floor":21.0,"gold_loss":0.0,"damage_taken":0.0},{"damage_healed":0.0,"max_hp_gain":0.0,"max_hp_loss":0.0,"gold_gain":0.0,"event_name":"Ghosts","player_choice":"Ignored","floor":27.0,"gold_loss":0.0,"damage_taken":0.0},{"damage_healed":0.0,"max_hp_gain":0.0,"max_hp_loss":0.0,"gold_gain":0.0,"event_name":"Cursed Tome","player_choice":"Obtained Book","floor":29.0,"gold_loss":0.0,"damage_taken":16.0},{"cards_removed":["Strike_B"],"damage_healed":0.0,"max_hp_gain":0.0,"max_hp_loss":0.0,"gold_gain":0.0,"event_name":"Designer","player_choice":"Upgrade and Remove","floor":30.0,"gold_loss":90.0,"damage_taken":0.0,"cards_upgraded":["Conserve Battery"]},{"damage_healed":0.0,"max_hp_gain":0.0,"max_hp_loss":0.0,"gold_gain":0.0,"event_name":"Tomb of Lord Red Mask","player_choice":"Ignored","floor":37.0,"gold_loss":0.0,"damage_taken":0.0},{"cards_removed":["Defend_B"],"damage_healed":0.0,"max_hp_gain":0.0,"max_hp_loss":0.0,"gold_gain":0.0,"event_name":"Falling","player_choice":"Removed Skill","floor":38.0,"gold_loss":0.0,"damage_taken":0.0}],"is_beta":true,"boss_relics":[{"not_picked":["Black Star","Calling Bell"],"picked":"Sozu"},{"not_picked":["Empty Cage","Nuclear Battery"],"picked":"Cursed Key"}],"items_purged_floors":[2,46],"is_endless":false,"potions_floor_spawned":[4,8,10,11,16,19,24,33,36,41,44,47],"ascension_level":0}