{"gold_per_floor":[119,194,194,194,294,322,322,352,352,384,384,32,365,383,383,484,484,499,217,230,248,259,286,286,315,339,354,386,398,444,139,139,243,243,260,273,273,207,220,220,250,250,277,277,293,293,309,340,340,340,340,340,35,62,62],"floor_reached":55,"playtime":4074,"items_purged":["Strike_P","Defend_P","Scrawl+1","Shame"],"score":1024,"play_id":"3d990ae3-566b-4bf3-9cae-5554b2f6b55f","local_time":"20190910011724","is_ascension_mode":true,"campfire_choices":[{"floor":7,"key":"REST"},{"data":"TalkToTheHand","floor":11,"key":"SMITH"},{"data":"Apotheosis","floor":15,"key":"SMITH"},{"floor":24,"key":"REST"},{"floor":29,"key":"REST"},{"floor":32,"key":"RECALL"},{"floor":40,"key":"REST"},{"data":"Evaluate","floor":42,"key":"SMITH"},{"data":"Panache","floor":44,"key":"SMITH"},{"data":"Dark Shackles","floor":46,"key":"SMITH"},{"data":"DeusExMachina","floor":49,"key":"SMITH"},{"data":"Devotion","floor":52,"key":"SMITH"}],"neow_cost":"NONE","seed_source_timestamp":473227497874700,"circlet_count":0,"master_deck":["Defend_P","Defend_P+1","Defend_P","Eruption","Vigilance","ForeignInfluence+1","JustLucky","TalkToTheHand+1","Apotheosis+1","SandsOfTime","Devotion+1","SandsOfTime","EmptyFist","Omniscience","Halt+1","JustLucky+1","Sanctity","Devotion","MentalFortress+1","Establishment+1","BowlingBash+1","Wallop","PathToVictory+1","Perseverance","DeusExMachina+1","Wireheading","MentalFortress","Vault","CutThroughFate","ClearTheMind+1","Dark Shackles+1","Panache+1","Good Instincts","PathToVictory+1","Evaluate+1","Meditate+1","Perseverance"],"relics":["PureWater","Eternal Feather","Strawberry","Blood Vial","Du-Vu Doll","Membership Card","Old Coin","Astrolabe","Gremlin Horn","Lee\u0027s Waffle","Anchor","PreservedInsect","MealTicket","MawBank","War Paint","Mummified Hand","Orrery","Cursed Key","Bag of Preparation","Melange","Ancient Tea Set","OrangePellets","Lizard Tail","Letter Opener"],"potions_floor_usage":[6,8,8,10,13,23,23,28,31,36],"damage_taken":[{"damage":0,"enemies":"2 Louse","floor":1,"turns":2},{"damage":44,"enemies":"Lagavulin","floor":6,"turns":6},{"damage":0,"enemies":"Gremlin Nob","floor":8,"turns":2},{"damage":20,"enemies":"Lagavulin","floor":10,"turns":10},{"damage":14,"enemies":"3 Sentries","floor":13,"turns":7},{"damage":0,"enemies":"Small Slimes","floor":14,"turns":3},{"damage":0,"enemies":"Slime Boss","floor":16,"turns":5},{"damage":10,"enemies":"Chosen","floor":18,"turns":4},{"damage":8,"enemies":"Spheric Guardian","floor":20,"turns":4},{"damage":18,"enemies":"3 Cultists","floor":21,"turns":7},{"damage":2,"enemies":"Cultist and Chosen","floor":22,"turns":6},{"damage":59,"enemies":"Slavers","floor":23,"turns":6},{"damage":23,"enemies":"Gremlin Leader","floor":25,"turns":5},{"damage":13,"enemies":"Shelled Parasite and Fungi","floor":27,"turns":6},{"damage":14,"enemies":"Slavers","floor":28,"turns":4},{"damage":12,"enemies":"Book of Stabbing","floor":30,"turns":6},{"damage":0,"enemies":"Collector","floor":33,"turns":7},{"damage":2,"enemies":"Orb Walker","floor":35,"turns":4},{"damage":23,"enemies":"3 Darklings","floor":36,"turns":4},{"damage":1,"enemies":"Transient","floor":39,"turns":5},{"damage":23,"enemies":"Reptomancer","floor":41,"turns":4},{"damage":17,"enemies":"Maw","floor":45,"turns":5},{"damage":8,"enemies":"4 Shapes","floor":47,"turns":7},{"damage":1,"enemies":"Giant Head","floor":48,"turns":7},{"damage":46,"enemies":"Time Eater","floor":50,"turns":12},{"damage":87,"enemies":"Shield and Spear","floor":54,"turns":9},{"damage":115,"enemies":"The Heart","floor":55,"turns":8}],"seed_played":"88697277836031243","potions_obtained":[{"floor":0,"key":"Explosive Potion"},{"floor":0,"key":"Fire Potion"},{"floor":0,"key":"PowerPotion"},{"floor":8,"key":"SteroidPotion"},{"floor":10,"key":"Fire Potion"},{"floor":14,"key":"Regen Potion"},{"floor":21,"key":"FearPotion"},{"floor":23,"key":"SpeedPotion"},{"floor":25,"key":"Weak Potion"},{"floor":30,"key":"SkillPotion"},{"floor":39,"key":"FairyPotion"},{"floor":47,"key":"SteroidPotion"},{"floor":54,"key":"DuplicationPotion"}],"is_trial":false,"path_per_floor":["M","?","?","?","?","E","R","E","T","E","R","$","E","M","R","B",null,"M","$","M","M","M","E","R","E","T","M","E","R","E","$","R","B",null,"M","M","?","?","M","R","E","R","T","R","M","R","M","E","R","B",null,"R","$","E","B"],"character_chosen":"WATCHER","items_purchased":["Membership Card","Apotheosis","SandsOfTime","Devotion","Devotion","Gremlin Horn","Lee\u0027s Waffle","Mummified Hand","Orrery","Fruit Juice","OrangePellets","Lizard Tail"],"campfire_rested":4,"item_purchase_floors":[12,12,12,12,19,19,19,31,31,31,53,53],"current_hp_per_floor":[65,54,54,59,59,15,42,49,49,31,37,37,25,27,36,38,77,67,84,76,60,60,18,55,34,34,23,11,48,38,58,73,75,89,87,66,56,56,57,89,66,87,87,89,72,89,81,82,89,43,89,89,89,2,0],"gold":62,"neow_bonus":"THREE_SMALL_POTIONS","is_prod":false,"is_daily":false,"chose_seed":false,"campfire_upgraded":7,"win_rate":0,"timestamp":1568092644,"path_taken":["M","?","?","?","?","E","R","E","T","E","R","$","E","M","R","BOSS","M","$","?","?","M","E","R","E","T","M","E","R","E","$","R","BOSS","M","M","?","?","?","R","E","R","T","R","M","R","M","E","R","BOSS","R","$","E","BOSS"],"build_version":"2019-09-09v2","purchased_purges":4,"victory":false,"max_hp_per_floor":[65,65,65,70,70,70,70,77,77,77,77,77,77,77,77,77,77,77,84,84,84,84,84,84,84,84,84,84,84,84,89,89,89,89,89,89,89,89,89,89,89,89,89,89,89,89,89,89,89,89,89,89,89,89,89],"card_choices":[{"not_picked":["WaveOfTheHand","Crescendo"],"picked":"ForeignInfluence","floor":1},{"not_picked":["FollowUp","CrushJoints"],"picked":"JustLucky","floor":6},{"not_picked":["Fasting","Adaptation"],"picked":"TalkToTheHand","floor":8},{"not_picked":["JustLucky","Crescendo","CrushJoints"],"picked":"SKIP","floor":10},{"not_picked":["CutThroughFate","ForeignInfluence"],"picked":"SandsOfTime","floor":13},{"not_picked":["Consecrate","Unraveling"],"picked":"EmptyFist","floor":14},{"not_picked":["Nirvana","Ragnarok"],"picked":"Omniscience","floor":16},{"not_picked":["CutThroughFate","Clarity"],"picked":"Sanctity","floor":18},{"not_picked":["CrushJoints+1","Consecrate"],"picked":"MentalFortress+1","floor":20},{"not_picked":["CrushJoints+1","Sanctity"],"picked":"Establishment+1","floor":21},{"not_picked":["BowlingBash","Consecrate","Worship"],"picked":"SKIP","floor":22},{"not_picked":["Consecrate","BowlingBash+1","CleanseEvil"],"picked":"SKIP","floor":23},{"not_picked":["Consecrate","CleanseEvil"],"picked":"BowlingBash+1","floor":23},{"not_picked":["CrushJoints","CutThroughFate"],"picked":"Wallop","floor":25},{"not_picked":["Consecrate","BowlingBash","Vengeance"],"picked":"SKIP","floor":27},{"not_picked":["EmptyBody","CrushJoints+1"],"picked":"PathToVictory+1","floor":28},{"not_picked":["Sanctity","FlurryOfBlows+1"],"picked":"Perseverance","floor":30},{"not_picked":["PathToVictory","Clarity"],"picked":"DeusExMachina","floor":31},{"not_picked":["Worship","ClearTheMind"],"picked":"Wireheading","floor":31},{"not_picked":["Collect","DeceiveReality"],"picked":"MentalFortress","floor":31},{"not_picked":["MasterReality","DeusExMachina"],"picked":"Vault","floor":33},{"not_picked":["Halt+1","FlyingSleeves"],"picked":"CutThroughFate","floor":35},{"not_picked":["Tantrum","EmptyMind"],"picked":"ClearTheMind+1","floor":36},{"not_picked":["Secret Weapon","PanicButton"],"picked":"Dark Shackles","floor":37},{"not_picked":["Metamorphosis","Madness"],"picked":"Panache","floor":37},{"not_picked":["Sadistic Nature","Mind Blast"],"picked":"Good Instincts","floor":37},{"not_picked":["Sanctity","Tantrum"],"picked":"PathToVictory+1","floor":39},{"not_picked":["CutThroughFate","Sanctity+1"],"picked":"Evaluate","floor":41},{"not_picked":["FlyingSleeves+1","CutThroughFate+1","Scrawl"],"picked":"SKIP","floor":45},{"not_picked":["Weave+1","CutThroughFate"],"picked":"Meditate+1","floor":47},{"not_picked":["EmptyMind","Weave+1"],"picked":"Perseverance","floor":48},{"not_picked":["JustLucky","ThirdEye","ForeignInfluence"],"picked":"SKIP","floor":54}],"player_experience":1921929,"relics_obtained":[{"floor":6,"key":"Eternal Feather"},{"floor":8,"key":"Strawberry"},{"floor":9,"key":"Blood Vial"},{"floor":10,"key":"Du-Vu Doll"},{"floor":13,"key":"Old Coin"},{"floor":23,"key":"Anchor"},{"floor":25,"key":"PreservedInsect"},{"floor":26,"key":"MealTicket"},{"floor":28,"key":"MawBank"},{"floor":30,"key":"War Paint"},{"floor":41,"key":"Melange"},{"floor":48,"key":"Ancient Tea Set"},{"floor":54,"key":"Letter Opener"}],"event_choices":[{"damage_healed":0,"gold_gain":75,"player_choice":"Gather Gold","damage_taken":11,"max_hp_gain":0,"max_hp_loss":0,"event_name":"World of Goop","floor":2,"gold_loss":0},{"damage_healed":0,"gold_gain":0,"player_choice":"Ignored","damage_taken":0,"max_hp_gain":0,"max_hp_loss":0,"event_name":"Liars Game","floor":3,"gold_loss":0},{"damage_healed":0,"gold_gain":0,"player_choice":"Donut","damage_taken":0,"max_hp_gain":5,"max_hp_loss":0,"event_name":"Big Fish","floor":4,"gold_loss":0},{"damage_healed":0,"gold_gain":100,"player_choice":"Pray","damage_taken":0,"max_hp_gain":0,"max_hp_loss":0,"event_name":"Golden Shrine","floor":5,"gold_loss":0},{"damage_healed":0,"gold_gain":0,"player_choice":"Memory 3","damage_taken":10,"max_hp_gain":0,"max_hp_loss":0,"event_name":"SensoryStone","floor":37,"gold_loss":0},{"damage_healed":0,"gold_gain":0,"player_choice":"Paid Gold","damage_taken":0,"relics_obtained":["Bag of Preparation"],"max_hp_gain":0,"max_hp_loss":0,"event_name":"WeMeetAgain","floor":38,"gold_loss":66}],"is_beta":true,"boss_relics":[{"not_picked":["SacredBark","Ectoplasm"],"picked":"Astrolabe"},{"not_picked":["Runic Dome","VioletLotus"],"picked":"Cursed Key"}],"items_purged_floors":[12,19,31,53],"is_endless":false,"potions_floor_spawned":[1,8,10,14,21,23,25,30,39,47,48,54],"killed_by":"The Heart","ascension_level":1}