{"gold_per_floor":[13,24,34,50,66,66,101,101,101,119,134,134,148,160,160,260,260,276,50,50,64,81,81,81],"floor_reached":24,"playtime":1136,"items_purged":["Strike_G"],"score":255,"play_id":"305d25d6-cd8d-4854-b384-2585694af99f","local_time":"20190221021612","is_ascension_mode":true,"campfire_choices":[{"data":"Deadly Poison","floor":6,"key":"SMITH"},{"data":"Backstab","floor":8,"key":"SMITH"},{"data":"Blade Dance","floor":12,"key":"SMITH"},{"data":"Finisher","floor":15,"key":"SMITH"},{"data":"Blade Dance","floor":23,"key":"SMITH"}],"neow_cost":"NO_GOLD","seed_source_timestamp":600163738485483,"circlet_count":0,"master_deck":["Defend_G+1","Defend_G","Defend_G","Defend_G","Strike_G","Survivor","Neutralize","PiercingWail","Dagger Spray","Backflip","Deadly Poison+1","Blade Dance+1","Backstab+1","Dodge and Roll","Blade Dance+1","Finisher+1","Backflip+1","Acrobatics+1","Choke"],"relics":["Ring of the Snake","Potion Belt","Kunai","Empty Cage","War Paint"],"potions_floor_usage":[7,16,18,18,22,24,24],"damage_taken":[{"damage":0,"enemies":"Cultist","floor":1,"turns":5},{"damage":0,"enemies":"2 Louse","floor":2,"turns":2},{"damage":0,"enemies":"Small Slimes","floor":3,"turns":3},{"damage":8,"enemies":"Red Slaver","floor":4,"turns":7},{"damage":0,"enemies":"Exordium Wildlife","floor":5,"turns":3},{"damage":13,"enemies":"3 Sentries","floor":7,"turns":7},{"damage":0,"enemies":"2 Fungi Beasts","floor":10,"turns":2},{"damage":0,"enemies":"3 Louse","floor":11,"turns":2},{"damage":0,"enemies":"Looter","floor":13,"turns":2},{"damage":0,"enemies":"2 Fungi Beasts","floor":14,"turns":3},{"damage":4,"enemies":"The Guardian","floor":16,"turns":11},{"damage":11,"enemies":"2 Thieves","floor":18,"turns":4},{"damage":0,"enemies":"3 Byrds","floor":21,"turns":4},{"damage":6,"enemies":"Cultist and Chosen","floor":22,"turns":8},{"damage":47,"enemies":"Gremlin Leader","floor":24,"turns":10}],"seed_played":"-7516931613625397784","potions_obtained":[{"floor":5,"key":"SkillPotion"},{"floor":11,"key":"Weak Potion"},{"floor":13,"key":"LiquidBronze"},{"floor":14,"key":"SkillPotion"},{"floor":16,"key":"Energy Potion"},{"floor":21,"key":"Energy Potion"},{"floor":22,"key":"GhostInAJar"}],"is_trial":false,"path_per_floor":["M","M","M","M","M","R","E","R","T","M","M","R","M","M","R","B",null,"M","$","?","M","M","R","E"],"character_chosen":"THE_SILENT","items_purchased":["War Paint"],"campfire_rested":0,"item_purchase_floors":[19],"current_hp_per_floor":[70,70,70,62,62,62,49,49,49,49,49,49,49,49,49,45,64,53,53,53,53,47,47,0],"gold":81,"neow_bonus":"REMOVE_TWO","is_prod":false,"is_daily":false,"chose_seed":false,"campfire_upgraded":5,"win_rate":0,"timestamp":1550736972,"path_taken":["M","?","?","M","M","R","E","R","T","M","M","R","M","M","R","BOSS","M","$","?","M","M","R","E"],"build_version":"2019-02-06","purchased_purges":1,"victory":false,"max_hp_per_floor":[70,70,70,70,70,70,70,70,70,70,70,70,70,70,70,70,70,70,70,70,70,70,70,70],"card_choices":[{"not_picked":["Slice","Riddle With Holes"],"picked":"PiercingWail","floor":1},{"not_picked":["Well Laid Plans","Sucker Punch"],"picked":"Dagger Spray","floor":2},{"not_picked":["Expertise","Dagger Spray"],"picked":"Backflip","floor":3},{"not_picked":["Slice","Wraith Form v2"],"picked":"Deadly Poison","floor":4},{"not_picked":["Dagger Throw","Dodge and Roll"],"picked":"Blade Dance","floor":5},{"not_picked":["Footwork","A Thousand Cuts"],"picked":"Backstab","floor":7},{"not_picked":["Heel Hook","Deflect"],"picked":"Dodge and Roll","floor":10},{"not_picked":["Outmaneuver","Terror"],"picked":"Blade Dance","floor":11},{"not_picked":["Underhanded Strike","Bullet Time","Setup"],"picked":"SKIP","floor":13},{"not_picked":["Escape Plan","Heel Hook"],"picked":"Finisher","floor":14},{"not_picked":["Slice","Dodge and Roll+1"],"picked":"Backflip","floor":18},{"not_picked":["Prepared","Tactician"],"picked":"Acrobatics+1","floor":21},{"not_picked":["Die Die Die","Sucker Punch"],"picked":"Choke","floor":22}],"player_experience":451638,"relics_obtained":[{"floor":7,"key":"Potion Belt"},{"floor":9,"key":"Kunai"}],"event_choices":[{"damage_healed":0,"gold_gain":0,"player_choice":"Ignored","damage_taken":0,"max_hp_gain":0,"max_hp_loss":0,"event_name":"Ghosts","floor":20,"gold_loss":0}],"is_beta":true,"boss_relics":[{"not_picked":["Philosopher\u0027s Stone","Astrolabe"],"picked":"Empty Cage"}],"items_purged_floors":[19],"is_endless":false,"potions_floor_spawned":[5,11,13,14,16,21,22],"killed_by":"Gremlin Leader","ascension_level":5}