{"path_per_floor":["M","M","M","M","M","E","R","?","T","M","M","M","$","?","R","B",null,"M","M","?","?","M","E","R","M","T","R","M","M","$","?","R","B",null,"M","$","?","M","M","R","M","R","T","M","M","?","M","?","R"],"character_chosen":"DEFECT","items_purchased":["Biased Cognition"],"gold_per_floor":[116,129,140,154,168,194,194,144,144,157,167,177,102,102,102,200,200,214,231,146,146,166,193,193,210,234,234,250,260,2,2,2,104,104,123,123,123,143,157,157,168,168,195,195,212,212,226,226,226,226],"floor_reached":50,"campfire_rested":6,"playtime":4535,"current_hp_per_floor":[73,73,73,73,73,27,27,27,27,17,17,17,17,17,39,15,75,71,64,64,50,44,15,39,11,11,35,7,26,26,26,50,17,80,63,63,63,63,59,59,17,41,41,41,33,33,22,22,46,0],"items_purged":["Strike_B","Defend_B"],"gold":226,"score":472,"play_id":"9a9d585e-cfeb-4d00-ae2d-631f29f796d1","local_time":"20180513232401","is_prod":false,"is_daily":false,"chose_seed":false,"is_ascension_mode":false,"campfire_upgraded":2,"timestamp":1526246641,"path_taken":["M","M","M","M","M","E","R","?","T","M","?","M","$","?","R","BOSS","M","M","?","?","M","E","R","M","T","R","M","M","$","?","R","BOSS","M","$","?","?","M","R","M","R","T","M","M","?","M","?","R","BOSS"],"build_version":"2018-05-12v2","seed_source_timestamp":5137010486812,"purchased_purges":2,"victory":false,"master_deck":["Zap","Dualcast","Genetic Algorithm","Tempest+1","FTL","Double Energy+1","Tempest","Creative AI+1","Sweeping Beam+1","Storm","Undo+1","Biased Cognition","Seek","Go for the Eyes+1","Capacitor+1","Meteor Strike+1","Genetic Algorithm","Melter+1","Flash of Steel","Defragment+1"],"max_hp_per_floor":[75,75,75,75,75,75,75,75,75,75,75,75,75,75,75,75,75,75,75,75,80,80,80,80,80,80,80,80,80,80,80,80,80,80,80,80,80,80,80,80,80,80,80,80,80,80,80,80,80,80],"relics":["Cracked Core","Du-Vu Doll","Unceasing Top","Lizard Tail","Gremlin Horn","Torii","Bronze Scales","Toolbox","Astrolabe","Anchor"],"card_choices":[{"not_picked":["Axe Kick","Streamline","Cold Snap"],"picked":"SKIP","floor":1},{"not_picked":["Streamline","Skim","Turbo"],"picked":"SKIP","floor":2},{"not_picked":["Streamline","Steam","Sweeping Beam"],"picked":"SKIP","floor":3},{"not_picked":["Auto Shields","Barrage"],"picked":"Genetic Algorithm","floor":4},{"not_picked":["Conserve Battery","Rebound","Echo Form"],"picked":"SKIP","floor":5},{"not_picked":["Stack","Fusion"],"picked":"Tempest","floor":6},{"not_picked":["Blizzard","Go for the Eyes"],"picked":"FTL","floor":10},{"not_picked":["Streamline","Static Discharge"],"picked":"Double Energy","floor":11},{"not_picked":["Glacier","Undo"],"picked":"Tempest","floor":12},{"not_picked":["Machine Learning","Reboot"],"picked":"Creative AI","floor":16},{"not_picked":["Turbo","Cold Snap"],"picked":"Sweeping Beam+1","floor":18},{"not_picked":["Capacitor","Turbo"],"picked":"Storm","floor":19},{"not_picked":["Turbo+1","Coolheaded+1"],"picked":"Undo+1","floor":22},{"not_picked":["Blizzard","Meteor Strike","Stack+1"],"picked":"SKIP","floor":23},{"not_picked":["Capacitor","Coolheaded","Barrage"],"picked":"SKIP","floor":25},{"not_picked":["Hello World+1","Barrage","Blizzard"],"picked":"SKIP","floor":28},{"not_picked":["Doom and Gloom+1","Reinforced Body","Impulse"],"picked":"SKIP","floor":29},{"not_picked":["Multi-Cast","Machine Learning"],"picked":"Seek","floor":33},{"not_picked":["Undo+1","Capacitor+1","Hologram"],"picked":"SKIP","floor":35},{"not_picked":["Cold Snap+1","Glacier"],"picked":"Genetic Algorithm","floor":38},{"not_picked":["Capacitor+1","Steam","Stack+1"],"picked":"SKIP","floor":39},{"not_picked":["Rip and Tear+1","Streamline+1"],"picked":"Melter+1","floor":41},{"not_picked":["Melter","Hello World","Lockon+1"],"picked":"SKIP","floor":45},{"not_picked":["Mind Blast","Dramatic Entrance"],"picked":"Flash of Steel","floor":46},{"not_picked":["Hologram","Conserve Battery+1"],"picked":"Defragment+1","floor":47}],"player_experience":44557,"potions_floor_usage":[6,16,18,19,22,23,23,23,29,39,44],"damage_taken":[{"damage":2,"enemies":"Small Slimes","floor":1,"turns":3},{"damage":0,"enemies":"2 Louse","floor":2,"turns":2},{"damage":0,"enemies":"Cultist","floor":3,"turns":3},{"damage":0,"enemies":"Exordium Wildlife","floor":4,"turns":3},{"damage":0,"enemies":"Looter","floor":5,"turns":4},{"damage":46,"enemies":"Gremlin Nob","floor":6,"turns":5},{"damage":10,"enemies":"3 Louse","floor":10,"turns":5},{"damage":0,"enemies":"Exordium Wildlife","floor":11,"turns":3},{"damage":0,"enemies":"Blue Slaver","floor":12,"turns":3},{"damage":24,"enemies":"The Guardian","floor":16,"turns":12},{"damage":4,"enemies":"Spheric Guardian","floor":18,"turns":4},{"damage":7,"enemies":"Shell Parasite","floor":19,"turns":5},{"damage":6,"enemies":"Snecko","floor":22,"turns":5},{"damage":31,"enemies":"Slavers","floor":23,"turns":5},{"damage":49,"enemies":"Slaver and Parasite","floor":25,"turns":18},{"damage":44,"enemies":"Cultist and Chosen","floor":28,"turns":5},{"damage":21,"enemies":"Snake Plant","floor":29,"turns":3},{"damage":49,"enemies":"Champ","floor":33,"turns":10},{"damage":17,"enemies":"Flame Bruiser 1 Orb","floor":35,"turns":6},{"damage":0,"enemies":"3 Shapes","floor":38,"turns":4},{"damage":53,"enemies":"Flame Bruiser 2 Orb","floor":39,"turns":4},{"damage":42,"enemies":"Sphere and 2 Shapes","floor":41,"turns":5},{"damage":25,"enemies":"Maw","floor":44,"turns":4},{"damage":26,"enemies":"4 Shapes","floor":45,"turns":4},{"damage":27,"enemies":"Spire Growth","floor":47,"turns":4},{"damage":58,"enemies":"Time Eater","floor":50,"turns":4}],"event_choices":[{"event_name":"The Cleric","player_choice":"Card Removal","floor":8,"damage_taken":0},{"event_name":"Living Wall","player_choice":"Forget","floor":14,"damage_taken":0},{"event_name":"Addict","player_choice":"Obtained Relic","floor":20,"damage_taken":0},{"event_name":"Forgotten Altar","player_choice":"Shed Blood","floor":21,"damage_taken":0},{"event_name":"The Mausoleum","player_choice":"Yes","floor":31,"damage_taken":0},{"event_name":"Upgrade Shrine","player_choice":"Upgraded","floor":37,"damage_taken":0},{"event_name":"SensoryStone","player_choice":"Memory 1","floor":46,"damage_taken":0},{"event_name":"Mysterious Sphere","player_choice":"Ignore","floor":48,"damage_taken":0}],"boss_relics":[{"not_picked":["Black Star","Tiny House"],"picked":"Lizard Tail"},{"not_picked":["Snecko Eye","Eternal Feather"],"picked":"Astrolabe"}],"potions_floor_spawned":[5,10,11,12,16,18,19,22,25,35,38,41],"seed_played":"-8293828955852800875","killed_by":"Time Eater","ascension_level":0,"is_trial":false}