{"gold_per_floor":[110,285,285,297,316,349,349,376,401,25,125,125,140,140,140,264,264,283,283,296,46,70,70],"floor_reached":23,"playtime":884,"items_purged":["Doubt","Strike_R"],"score":239,"play_id":"e2bebd31-4592-4c82-a79c-ff80cfd2c411","local_time":"20190620184437","is_ascension_mode":true,"campfire_choices":[{"floor":7,"key":"REST"},{"floor":15,"key":"REST"}],"neow_cost":"NONE","seed_source_timestamp":33364970918976,"circlet_count":0,"master_deck":["Strike_R","Defend_R","Defend_R","Defend_R","Defend_R","Bash+1","Inflame","Twin Strike","Uppercut","Shrug It Off","Shrug It Off","Pummel+1","Offering","Cleave+1","Iron Wave+1"],"relics":["Burning Blood","Juzu Bracelet","Red Skull","Happy Flower","Molten Egg 2","Golden Idol","Empty Cage","Vajra"],"potions_floor_usage":[4,16,23],"damage_taken":[{"damage":12,"enemies":"Jaw Worm","floor":1,"turns":2},{"damage":0,"enemies":"2 Louse","floor":4,"turns":1},{"damage":1,"enemies":"Cultist","floor":5,"turns":3},{"damage":60,"enemies":"3 Sentries","floor":6,"turns":10},{"damage":25,"enemies":"Lagavulin","floor":8,"turns":7},{"damage":2,"enemies":"Red Slaver","floor":13,"turns":3},{"damage":33,"enemies":"Slime Boss","floor":16,"turns":9},{"damage":13,"enemies":"Spheric Guardian","floor":18,"turns":4},{"damage":18,"enemies":"Chosen","floor":20,"turns":4},{"damage":6,"enemies":"3 Cultists","floor":22,"turns":4},{"damage":70,"enemies":"Gremlin Leader","floor":23,"turns":7}],"seed_played":"8182383119138094352","potions_obtained":[{"floor":0,"key":"Dexterity Potion"},{"floor":0,"key":"Weak Potion"},{"floor":0,"key":"Explosive Potion"},{"floor":8,"key":"SkillPotion"},{"floor":13,"key":"Block Potion"},{"floor":20,"key":"FearPotion"}],"is_trial":false,"path_per_floor":["M","?","?","M","M","E","R","E","T","$","?","?","M","?","R","B",null,"M","?","M","$","M","E"],"character_chosen":"IRONCLAD","items_purchased":["Molten Egg 2","Shrug It Off","Vajra"],"campfire_rested":2,"item_purchase_floors":[10,10,21],"current_hp_per_floor":[74,74,74,80,80,26,50,31,31,31,31,24,28,28,52,25,80,73,73,61,61,61,0],"gold":70,"neow_bonus":"THREE_SMALL_POTIONS","is_prod":false,"is_daily":false,"chose_seed":false,"campfire_upgraded":0,"win_rate":0,"timestamp":1561070677,"path_taken":["M","?","?","?","M","E","R","E","T","?","?","?","M","?","R","BOSS","M","?","M","$","M","E"],"build_version":"2019-01-23","purchased_purges":2,"victory":false,"max_hp_per_floor":[80,80,80,80,80,80,80,80,80,80,80,80,80,80,80,80,80,80,80,80,80,80,80],"card_choices":[{"not_picked":["Twin Strike","Flex"],"picked":"Inflame","floor":1},{"not_picked":["Perfected Strike","Sword Boomerang","Body Slam"],"picked":"SKIP","floor":4},{"not_picked":["Dual Wield","Anger"],"picked":"Twin Strike","floor":5},{"not_picked":["Bloodletting","Blood for Blood"],"picked":"Uppercut","floor":6},{"not_picked":["Pummel","Reckless Charge"],"picked":"Shrug It Off","floor":8},{"not_picked":["Anger+1","True Grit"],"picked":"Pummel+1","floor":13},{"not_picked":["Dark Embrace","Feed+1"],"picked":"Offering","floor":16},{"not_picked":["Dual Wield+1","Battle Trance"],"picked":"Cleave+1","floor":18},{"not_picked":["Rampage+1","Havoc"],"picked":"Iron Wave+1","floor":20},{"not_picked":["Fire Breathing","Sever Soul+1","Shrug It Off"],"picked":"SKIP","floor":22}],"player_experience":167379,"relics_obtained":[{"floor":6,"key":"Juzu Bracelet"},{"floor":8,"key":"Red Skull"},{"floor":9,"key":"Happy Flower"}],"event_choices":[{"damage_healed":0,"gold_gain":175,"player_choice":"AGREE","damage_taken":0,"max_hp_gain":0,"max_hp_loss":0,"event_name":"Liars Game","floor":2,"gold_loss":0,"cards_obtained":["Doubt"]},{"damage_healed":0,"gold_gain":0,"player_choice":"Upgraded","damage_taken":0,"max_hp_gain":0,"max_hp_loss":0,"event_name":"Upgrade Shrine","floor":3,"gold_loss":0,"cards_upgraded":["Bash"]},{"damage_healed":0,"gold_gain":100,"player_choice":"Gold","damage_taken":0,"max_hp_gain":0,"max_hp_loss":0,"event_name":"Wheel of Change","floor":11,"gold_loss":0},{"cards_removed":["Strike_R"],"damage_healed":0,"gold_gain":0,"player_choice":"Card Removal","damage_taken":7,"max_hp_gain":0,"max_hp_loss":0,"event_name":"Golden Wing","floor":12,"gold_loss":0},{"damage_healed":0,"gold_gain":0,"player_choice":"Take Wound","damage_taken":0,"relics_obtained":["Golden Idol"],"max_hp_gain":0,"max_hp_loss":0,"event_name":"Golden Idol","floor":14,"gold_loss":0,"cards_obtained":["Injury"]},{"cards_removed":["Strike_R"],"damage_healed":0,"gold_gain":0,"player_choice":"Offered Basic","damage_taken":0,"max_hp_gain":0,"max_hp_loss":0,"event_name":"Bonfire Elementals","floor":19,"gold_loss":0}],"is_beta":false,"boss_relics":[{"not_picked":["Calling Bell","Lizard Tail"],"picked":"Empty Cage"}],"items_purged_floors":[10,21],"is_endless":false,"potions_floor_spawned":[1,8,13,20],"killed_by":"Gremlin Leader","ascension_level":4}