{"path_per_floor":["M","?","?","?","M","R","M","R","T","M","M","M","?","M","R","B",null,"M","M","$","?","$","E","R","?","T","R","E","R","?","M","R","B",null,"M","?","$","M","?","R","E","?","T","M","R","M","M","M","R","B"],"character_chosen":"DEFECT","items_purchased":["Ball Lightning","Anchor"],"gold_per_floor":[117,117,117,192,203,203,215,215,241,254,271,290,290,306,306,409,409,409,349,274,224,224,224,224,224,224,224,224,224,224,224,224,224,224,224,224,20,20,20,20,20,20,20,20,20,20,20,20,20,20],"floor_reached":51,"campfire_rested":2,"playtime":2397,"item_purchase_floors":[37,37],"current_hp_per_floor":[69,69,69,58,52,52,50,50,50,43,43,34,59,59,59,15,75,70,63,63,63,63,55,55,55,55,55,38,38,38,34,56,16,75,72,72,72,66,59,59,66,66,66,56,56,56,56,51,73,25],"items_purged":["Meteor Strike"],"gold":20,"score":800,"play_id":"0ba938f5-7155-4f23-94b8-40cb57333904","local_time":"20180614211846","is_prod":false,"is_daily":false,"chose_seed":false,"is_ascension_mode":true,"campfire_upgraded":8,"win_rate":0,"timestamp":1529003926,"campfire_choices":[{"data":"Tempest","floor":6,"key":"SMITH"},{"data":"Tempest","floor":8,"key":"SMITH"},{"data":"Zap","floor":15,"key":"SMITH"},{"data":"Zap","floor":24,"key":"SMITH"},{"data":"Tempest","floor":27,"key":"SMITH"},{"data":"Electrodynamics","floor":29,"key":"SMITH"},{"floor":32,"key":"REST"},{"data":"Thunder Strike","floor":40,"key":"SMITH"},{"data":"Consume","floor":45,"key":"SMITH"},{"floor":49,"key":"REST"}],"path_taken":["M","?","?","?","M","R","M","R","T","?","M","M","?","?","R","BOSS","M","M","$","?","?","E","R","?","T","R","E","R","?","M","R","BOSS","M","?","$","M","?","R","E","?","T","M","R","M","?","M","R","BOSS"],"build_version":"2018-06-13v3","seed_source_timestamp":17896211771858,"purchased_purges":1,"victory":true,"master_deck":["Strike_B","Strike_B","Strike_B","Strike_B","Defend_B","Defend_B","Defend_B","Defend_B","Zap+1","Dualcast","Ball Lightning","Tempest+1","Zap+1","Tempest+1","Conserve Battery","BootSequence","Electrodynamics+1","Tempest+1","Leap+1","Thunder Strike+1","Consume+1","Ball Lightning","Reboot","Thunder Strike","Conserve Battery+1"],"max_hp_per_floor":[75,75,75,75,75,75,75,75,75,75,75,75,75,75,75,75,75,75,75,75,75,75,75,75,75,75,75,75,75,75,75,75,75,75,75,75,75,75,75,75,75,75,75,75,75,75,75,75,75,75],"special_seed":17696,"relics":["Cracked Core","Lantern","Ectoplasm","Calipers","Dead Branch","Centennial Puzzle","Nuclear Battery","Anchor","Bag of Preparation"],"card_choices":[{"not_picked":["Heatsinks","Cold Snap"],"picked":"Ball Lightning","floor":1},{"not_picked":["Go for the Eyes","Turbo"],"picked":"Tempest","floor":5},{"not_picked":["Barrage","Recycle","Rebound"],"picked":"SKIP","floor":7},{"not_picked":["Cold Snap","Redo","Steam"],"picked":"SKIP","floor":10},{"not_picked":["Compile Driver","Hello World","Loop"],"picked":"SKIP","floor":11},{"not_picked":["Coolheaded","Compile Driver"],"picked":"Conserve Battery","floor":12},{"not_picked":["Turbo","Capacitor"],"picked":"BootSequence","floor":14},{"not_picked":["Rainbow","Echo Form"],"picked":"Electrodynamics","floor":16},{"not_picked":["Turbo","Cold Snap","Darkness"],"picked":"SKIP","floor":18},{"not_picked":["Auto Shields+1","Barrage+1","Steam"],"picked":"SKIP","floor":19},{"not_picked":["Hello World+1","Darkness","Redo"],"picked":"SKIP","floor":23},{"not_picked":["Undo","Scrape"],"picked":"Leap+1","floor":28},{"not_picked":["Sweeping Beam","Stack","Turbo"],"picked":"SKIP","floor":31},{"not_picked":["Amplify","Rainbow"],"picked":"Thunder Strike","floor":33},{"not_picked":["Fusion+1","Loop+1"],"picked":"Consume","floor":35},{"not_picked":["Lockon+1","Conserve Battery+1","Compile Driver"],"picked":"SKIP","floor":38},{"not_picked":["Heatsinks","Beam Cell","Sweeping Beam+1"],"picked":"SKIP","floor":44},{"not_picked":["Barrage+1","Undo+1"],"picked":"Thunder Strike","floor":46},{"not_picked":["Ball Lightning","FTL","Streamline+1"],"picked":"SKIP","floor":47},{"not_picked":["Coolheaded","Recycle+1"],"picked":"Conserve Battery+1","floor":48}],"player_experience":185161,"potions_floor_usage":[11,16,19,33,33,35,41,50,50],"damage_taken":[{"damage":6,"enemies":"Cultist","floor":1,"turns":3},{"damage":6,"enemies":"2 Louse","floor":5,"turns":2},{"damage":2,"enemies":"Jaw Worm","floor":7,"turns":3},{"damage":7,"enemies":"Looter","floor":10,"turns":3},{"damage":0,"enemies":"Lots of Slimes","floor":11,"turns":1},{"damage":9,"enemies":"2 Fungi Beasts","floor":12,"turns":2},{"damage":0,"enemies":"Large Slime","floor":14,"turns":3},{"damage":44,"enemies":"The Guardian","floor":16,"turns":9},{"damage":5,"enemies":"Chosen","floor":18,"turns":3},{"damage":7,"enemies":"2 Thieves","floor":19,"turns":3},{"damage":8,"enemies":"Gremlin Leader","floor":23,"turns":5},{"damage":17,"enemies":"Slavers","floor":28,"turns":2},{"damage":4,"enemies":"Snake Plant","floor":31,"turns":3},{"damage":40,"enemies":"Champ","floor":33,"turns":12},{"damage":3,"enemies":"3 Shapes","floor":35,"turns":2},{"damage":6,"enemies":"Orb Walker","floor":38,"turns":3},{"damage":0,"enemies":"2 Orb Walkers","floor":41,"turns":2},{"damage":10,"enemies":"Flame Bruiser 2 Orb","floor":44,"turns":3},{"damage":0,"enemies":"Spire Growth","floor":46,"turns":4},{"damage":0,"enemies":"4 Shapes","floor":47,"turns":1},{"damage":5,"enemies":"Maw","floor":48,"turns":4},{"damage":48,"enemies":"Awakened One","floor":50,"turns":6}],"relics_obtained":[{"floor":9,"key":"Lantern"},{"floor":23,"key":"Calipers"},{"floor":26,"key":"Dead Branch"},{"floor":28,"key":"Centennial Puzzle"},{"floor":43,"key":"Bag of Preparation"}],"event_choices":[{"event_name":"Liars Game","player_choice":"disagreed","floor":2,"damage_taken":0},{"event_name":"Match and Keep!","player_choice":"2 cards matched","floor":3,"damage_taken":0},{"event_name":"World of Goop","player_choice":"Gather Gold","floor":4,"damage_taken":0},{"event_name":"Big Fish","player_choice":"Banana","floor":13,"damage_taken":0},{"event_name":"The Joust","player_choice":"Bet on Owner","floor":21,"damage_taken":0},{"event_name":"The Library","player_choice":"Read","floor":25,"damage_taken":0},{"event_name":"Cursed Tome","player_choice":"Ignored","floor":30,"damage_taken":0},{"event_name":"Tomb of Lord Red Mask","player_choice":"Ignored","floor":36,"damage_taken":0},{"event_name":"Wheel of Change","player_choice":"Damage","floor":39,"damage_taken":0},{"event_name":"Match and Keep!","player_choice":"1 cards matched","floor":42,"damage_taken":0}],"boss_relics":[{"not_picked":["Calling Bell","Coffee Dripper"],"picked":"Ectoplasm"},{"not_picked":["Fusion Hammer","Cursed Key"],"picked":"Nuclear Battery"}],"items_purged_floors":[20],"potions_floor_spawned":[1,5,10,11,23,28,33,44,48],"seed_played":"7122166329466588530","ascension_level":2,"potions_obtained":[{"floor":1,"key":"Swift Potion"},{"floor":5,"key":"SpeedPotion"},{"floor":10,"key":"Explosive Potion"},{"floor":11,"key":"EssenceOfSteel"},{"floor":23,"key":"SmokeBomb"},{"floor":28,"key":"Dexterity Potion"},{"floor":33,"key":"SkillPotion"},{"floor":44,"key":"Weak Potion"},{"floor":48,"key":"PowerPotion"}],"is_trial":false}