{"gold_per_floor":[127,157,257,288,22,68,68,116,116,116,153,165,40,83,83,224,224,234,294,294,5,86,178,256,316,340,404,63,263,334,384,384,559,559,632,698,764,832,895,895,44,399,399,456,489,547,547,647,647,647],"floor_reached":51,"playtime":6934,"items_purged":["Strike_MRS","Strike_MRS"],"score":878,"play_id":"2eec3845-70e0-4c93-85da-1160e2fc09ec","local_time":"20190621185541","is_ascension_mode":false,"campfire_choices":[{"data":"OortCloud","floor":7,"key":"SMITH"},{"data":"WitchOfGreed","floor":10,"key":"SMITH"},{"data":"MasterSpark","floor":15,"key":"SMITH"},{"data":"GrandCross","floor":32,"key":"SMITH"},{"data":"CollectingQuirk","floor":40,"key":"SMITH"},{"floor":49,"key":"REST"}],"neow_cost":"NONE","seed_source_timestamp":1009427364156509,"circlet_count":0,"master_deck":["Strike_MRS","Strike_MRS","Defend_MRS","Defend_MRS","Defend_MRS","Defend_MRS","MasterSpark+1","UpSweep","WitchOfGreed+1","NonDirectionalLaser","OortCloud+1","GrandCross+1","SporeBomb+1","BinaryStars+1","BlazeAway+1","PowerUp+1","Orbital+1","GasGiant+1","WitchOfGreed","SuperPerseids+1","Singularity","WitchLeyline","PowerUp+1","PowerUp+1","ManaConvection+1","Thinking Ahead+1","IllusionStar+1","WitchOfGreed","OortCloud+1","CollectingQuirk+1","AsteroidBelt+1","WitchLeyline+1","DC+1","MilkyWay+1","Enlightenment+1","Thinking Ahead+1","EventHorizon","EnergyRecoil+1","ChargeUpSpray+1"],"relics":["MiniHakkero","Toxic Egg 2","Matryoshka","Darkstone Periapt","Meat on the Bone","Letter Opener","Busted Crown","Torii","MagicBroom","Singing Bowl","Pen Nib","Smiling Mask","Blue Candle","ExperimentalFamiliar","Bottled Flame","Bronze Scales","Old Coin","Gremlin Horn","Vajra"],"potions_floor_usage":[6,18,19,22,22,23,23,24,25,25,25,27,30,30,31,33,35,35,37,37,38,38,45,50,50],"damage_taken":[{"damage":11,"enemies":"Jaw Worm","floor":1,"turns":4},{"damage":0,"enemies":"Cultist","floor":2,"turns":3},{"damage":2,"enemies":"2 Louse","floor":4,"turns":3},{"damage":15,"enemies":"3 Sentries","floor":6,"turns":9},{"damage":0,"enemies":"Lagavulin","floor":8,"turns":5},{"damage":7,"enemies":"2 Fungi Beasts","floor":11,"turns":2},{"damage":0,"enemies":"Lots of Slimes","floor":12,"turns":2},{"damage":5,"enemies":"3 Louse","floor":14,"turns":3},{"damage":24,"enemies":"The Guardian","floor":16,"turns":12},{"damage":0,"enemies":"Shell Parasite","floor":18,"turns":2},{"damage":5,"enemies":"Chosen","floor":19,"turns":4},{"damage":9,"enemies":"3 Cultists","floor":22,"turns":5},{"damage":17,"enemies":"Gremlin Leader","floor":23,"turns":6},{"damage":5,"enemies":"Chosen and Byrds","floor":24,"turns":4},{"damage":11,"enemies":"Slavers","floor":25,"turns":4},{"damage":28,"enemies":"Snake Plant","floor":27,"turns":4},{"damage":24,"enemies":"Centurion and Healer","floor":30,"turns":5},{"damage":8,"enemies":"Book of Stabbing","floor":31,"turns":3},{"damage":17,"enemies":"Champ","floor":33,"turns":10},{"damage":0,"enemies":"3 Darklings","floor":35,"turns":5},{"damage":2,"enemies":"3 Shapes","floor":36,"turns":3},{"damage":22,"enemies":"Spire Growth","floor":37,"turns":3},{"damage":18,"enemies":"Jaw Worm Horde","floor":38,"turns":4},{"damage":8,"enemies":"Maw","floor":39,"turns":5},{"damage":0,"enemies":"2 Orb Walkers","floor":42,"turns":1},{"damage":0,"enemies":"Reptomancer","floor":44,"turns":2},{"damage":25,"enemies":"4 Shapes","floor":45,"turns":2},{"damage":0,"enemies":"Transient","floor":46,"turns":5},{"damage":85,"enemies":"Time Eater","floor":50,"turns":7}],"seed_played":"-7353011417234248026","potions_obtained":[{"floor":1,"key":"GamblersBrew"},{"floor":4,"key":"Swift Potion"},{"floor":6,"key":"SteroidPotion"},{"floor":11,"key":"Ancient Potion"},{"floor":14,"key":"ShroomBrew"},{"floor":16,"key":"AttackPotion"},{"floor":19,"key":"Swift Potion"},{"floor":19,"key":"SteroidPotion"},{"floor":19,"key":"EssenceOfSteel"},{"floor":22,"key":"FearPotion"},{"floor":22,"key":"SmokeBomb"},{"floor":23,"key":"FearPotion"},{"floor":23,"key":"Ancient Potion"},{"floor":24,"key":"AttackPotion"},{"floor":24,"key":"Energy Potion"},{"floor":25,"key":"Regen Potion"},{"floor":25,"key":"Fire Potion"},{"floor":27,"key":"LiquidBronze"},{"floor":27,"key":"Swift Potion"},{"floor":27,"key":"SpeedPotion"},{"floor":30,"key":"FairyPotion"},{"floor":30,"key":"ShroomBrew"},{"floor":30,"key":"Swift Potion"},{"floor":31,"key":"Regen Potion"},{"floor":33,"key":"Strength Potion"},{"floor":33,"key":"Dexterity Potion"},{"floor":35,"key":"Strength Potion"},{"floor":35,"key":"ShroomBrew"},{"floor":37,"key":"Fruit Juice"},{"floor":37,"key":"Strength Potion"},{"floor":38,"key":"Dexterity Potion"},{"floor":39,"key":"AttackPotion"},{"floor":45,"key":"LiquidBronze"},{"floor":46,"key":"PowerPotion"}],"is_trial":false,"path_per_floor":["M","M","?","M","$","E","R","E","T","R","M","M","$","M","R","B",null,"M","M","?","$","M","E","M","E","T","M","$","?","M","E","R","B",null,"M","M","M","M","M","R","$","?","T","E","M","M","?","?","R","B",null],"character_chosen":"MARISA","items_purchased":["Toxic Egg 2","SporeBomb+1","GasGiant+1","WitchOfGreed","Torii","ManaConvection+1","Thinking Ahead+1","IllusionStar+1","WitchOfGreed","Bottled Flame","Bronze Scales","Enlightenment+1","Thinking Ahead+1","EventHorizon","EnergyRecoil+1"],"campfire_rested":1,"item_purchase_floors":[5,5,13,13,21,28,28,28,28,41,41,41,41,41,41],"current_hp_per_floor":[64,64,64,62,62,47,47,47,47,47,40,40,40,47,47,35,75,75,70,56,56,47,42,49,52,52,47,47,47,35,41,41,51,86,86,84,64,51,55,55,55,55,55,57,46,60,60,60,89,16],"gold":647,"neow_bonus":"THREE_CARDS","is_prod":false,"is_daily":false,"chose_seed":false,"campfire_upgraded":5,"win_rate":0.0,"timestamp":1561157741,"path_taken":["M","M","?","M","$","E","R","E","T","R","?","M","$","M","R","BOSS","M","M","?","$","M","E","M","E","T","M","$","?","M","E","R","BOSS","M","M","?","M","M","R","$","?","T","E","M","M","?","?","R","BOSS"],"build_version":"2019-01-23","purchased_purges":2,"victory":true,"max_hp_per_floor":[75,75,75,75,75,75,75,75,75,75,75,75,75,75,75,75,75,75,75,80,80,80,80,80,82,82,84,84,84,84,86,86,86,86,86,86,88,93,93,93,93,93,93,95,97,99,99,99,99,99],"card_choices":[{"not_picked":["ManaConvection","RefractionSpark"],"picked":"WitchOfGreed","floor":0},{"not_picked":["WitchOfGreed","ManaConvection"],"picked":"NonDirectionalLaser","floor":1},{"not_picked":["WitchOfGreed","UnstableBomb"],"picked":"OortCloud","floor":2},{"not_picked":["AlicesGift","SporeBomb"],"picked":"GrandCross","floor":4},{"not_picked":["MagicChant+1","UnstableBomb"],"picked":"BinaryStars+1","floor":6},{"not_picked":["DarkSpark","UnstableBomb"],"picked":"BlazeAway+1","floor":8},{"not_picked":["LuminesStrike","MysteriousBeam"],"picked":"PowerUp+1","floor":11},{"not_picked":["FairyDestructionRay","OpenUniverse+1"],"picked":"Orbital+1","floor":12},{"not_picked":["DC","MachineGunSpark"],"picked":"SuperPerseids+1","floor":14},{"not_picked":["CollectingQuirk","BinaryStars+1"],"picked":"Singularity","floor":16},{"not_picked":[],"picked":"WitchOfGreed+1","floor":18},{"not_picked":[],"picked":"WitchLeyline","floor":19},{"not_picked":["OneTimeOff+1"],"picked":"SKIP","floor":22},{"not_picked":[],"picked":"PowerUp+1","floor":23},{"not_picked":[],"picked":"PowerUp+1","floor":24},{"not_picked":["DarkSpark"],"picked":"Singing Bowl","floor":25},{"not_picked":["DarkMatter+1"],"picked":"Singing Bowl","floor":27},{"not_picked":[],"picked":"OortCloud+1","floor":30},{"not_picked":["DoubleSpark"],"picked":"Singing Bowl","floor":31},{"not_picked":[],"picked":"CollectingQuirk","floor":33},{"not_picked":[],"picked":"AsteroidBelt+1","floor":35},{"not_picked":[],"picked":"WitchLeyline+1","floor":36},{"not_picked":["BlazeAway+1"],"picked":"Singing Bowl","floor":37},{"not_picked":[],"picked":"DC+1","floor":38},{"not_picked":[],"picked":"MilkyWay+1","floor":39},{"not_picked":[],"picked":"ChargeUpSpray+1","floor":42},{"not_picked":["CollectingQuirk"],"picked":"Singing Bowl","floor":44},{"not_picked":["ShootingEcho"],"picked":"Singing Bowl","floor":45},{"not_picked":["SporeBomb+1"],"picked":"Singing Bowl","floor":46}],"player_experience":511105,"relics_obtained":[{"floor":6,"key":"Matryoshka"},{"floor":8,"key":"Darkstone Periapt"},{"floor":9,"key":"Meat on the Bone"},{"floor":9,"key":"Letter Opener"},{"floor":23,"key":"MagicBroom"},{"floor":25,"key":"Singing Bowl"},{"floor":26,"key":"Pen Nib"},{"floor":26,"key":"Smiling Mask"},{"floor":31,"key":"Blue Candle"},{"floor":42,"key":"Old Coin"},{"floor":43,"key":"Gremlin Horn"},{"floor":44,"key":"Vajra"}],"event_choices":[{"damage_healed":0,"gold_gain":100,"player_choice":"Gold","damage_taken":0,"max_hp_gain":0,"max_hp_loss":0,"event_name":"Wheel of Change","floor":3,"gold_loss":0},{"damage_healed":0,"gold_gain":0,"player_choice":"Shed Blood","damage_taken":19,"max_hp_gain":5,"max_hp_loss":0,"event_name":"Forgotten Altar","floor":20,"gold_loss":0},{"damage_healed":0,"gold_gain":200,"player_choice":"Gold","damage_taken":0,"max_hp_gain":0,"max_hp_loss":0,"event_name":"Wheel of Change","floor":29,"gold_loss":0},{"damage_healed":0,"gold_gain":0,"player_choice":"Fight","damage_taken":0,"max_hp_gain":0,"max_hp_loss":0,"event_name":"Mysterious Sphere","floor":42,"gold_loss":0},{"cards_removed":["WitchOfGreed"],"damage_healed":0,"gold_gain":0,"player_choice":"Removed Power","damage_taken":0,"max_hp_gain":0,"max_hp_loss":0,"event_name":"Falling","floor":47,"gold_loss":0},{"damage_healed":0,"gold_gain":100,"player_choice":"Pray","damage_taken":0,"max_hp_gain":0,"max_hp_loss":0,"event_name":"Golden Shrine","floor":48,"gold_loss":0}],"is_beta":false,"boss_relics":[{"not_picked":["Orrery","Philosopher\u0027s Stone"],"picked":"Busted Crown"},{"not_picked":["Sozu","Empty Cage"],"picked":"ExperimentalFamiliar"}],"items_purged_floors":[28,41],"is_endless":false,"potions_floor_spawned":[4,11,14,16,19,22,25,27,39,45,46],"ascension_level":0}