{"gold_per_floor":[109,123,123,137,151,151,151,38,119,132,132,161,161,161,161,262,262,282,282,300,84,84,84,94,107,130,30,30,30,61,81,81,182,182,202,219,37,50,67,67,85,104,156,156,21,31,31,51,51,51],"floor_reached":51,"playtime":4292,"items_purged":["animator:Strike","animator:Strike","animator:Defend","animator:Strike_Elsword"],"score":646,"play_id":"7da33cb2-c36a-46ec-8093-5604403892cc","local_time":"20190621211507","is_ascension_mode":false,"campfire_choices":[{"data":"animator:Raven","floor":7.0,"key":"SMITH"},{"data":"animator:Souei","floor":11.0,"key":"SMITH"},{"data":"animator:MetalKnight","floor":13.0,"key":"SMITH"},{"data":"animator:Aqua","floor":15.0,"key":"SMITH"},{"data":"animator:Mikaela","floor":23.0,"key":"SMITH"},{"data":"animator:AcuraTooru","floor":28.0,"key":"SMITH"},{"data":"J.A.X.","floor":32.0,"key":"SMITH"},{"data":"Enlightenment","floor":40,"key":"SMITH"},{"data":"animator:HigakiRinne","floor":44,"key":"SMITH"},{"floor":49,"key":"REST"}],"neow_cost":"NONE","seed_source_timestamp":0,"circlet_count":0,"master_deck":["animator:Defend_Elsword","animator:Defend","animator:Defend","animator:Ara+1","animator:Raven+1","animator:Eris+1","animator:AcuraAkari+1","animator:Aqua+1","animator:Elsword+1","animator:CowGirl","animator:Souei+1","animator:MetalKnight+1","animator:Ainz","animator:Millim+2","animator:AcuraTooru+1","animator:Mikaela+1","animator:Entoma+1","J.A.X.+1","animator:ChaikaBohdan","animator:YunYun","animator:HigakiRinne+1","animator:Viivi+1","animator:MaesHughes","Enlightenment+1","animator:AcuraAkari+1","animator:HighElfArcher+1","Dark Shackles","animator:PandorasActor+1","animator:Sloth","animator:Witch+1"],"special_seed":0,"relics":["animator:LivingPicture","animator:PurgingStone_Cards","animator:TheMissingPiece","Magic Flower","Whetstone","Singing Bowl","Bag of Marbles","Letter Opener","Black Star","animator:Buoy","Omamori","Strawberry","Smiling Mask","Philosopher\u0027s Stone","Kunai","Dream Catcher"],"potions_floor_usage":[38,39,41,50,50],"damage_taken":[{"damage":10.0,"enemies":"Small Slimes","floor":1.0,"turns":4.0},{"damage":0.0,"enemies":"Cultist","floor":2.0,"turns":3.0},{"damage":4.0,"enemies":"2 Louse","floor":4.0,"turns":2.0},{"damage":8.0,"enemies":"Large Slime","floor":5.0,"turns":6.0},{"damage":0.0,"enemies":"2 Fungi Beasts","floor":10.0,"turns":3.0},{"damage":14.0,"enemies":"Lagavulin","floor":12.0,"turns":5.0},{"damage":14.0,"enemies":"The Guardian","floor":16.0,"turns":8.0},{"damage":8.0,"enemies":"Shell Parasite","floor":18.0,"turns":3.0},{"damage":2.0,"enemies":"Chosen","floor":20.0,"turns":3.0},{"damage":11.0,"enemies":"3 Cultists","floor":24.0,"turns":5.0},{"damage":9.0,"enemies":"Snake Plant","floor":25.0,"turns":4.0},{"damage":16.0,"enemies":"Gremlin Leader","floor":30.0,"turns":3.0},{"damage":13.0,"enemies":"Chosen and Byrds","floor":31.0,"turns":4.0},{"damage":56.0,"enemies":"Automaton","floor":33.0,"turns":7.0},{"damage":9.0,"enemies":"3 Darklings","floor":35.0,"turns":3.0},{"damage":22,"enemies":"3 Shapes","floor":36,"turns":6},{"damage":16,"enemies":"Spire Growth","floor":38,"turns":3},{"damage":26,"enemies":"Jaw Worm Horde","floor":39,"turns":3},{"damage":24,"enemies":"Sphere and 2 Shapes","floor":41,"turns":5},{"damage":9,"enemies":"4 Shapes","floor":42,"turns":5},{"damage":37,"enemies":"Spire Growth","floor":46,"turns":4},{"damage":16,"enemies":"Writhing Mass","floor":48,"turns":4},{"damage":80,"enemies":"Awakened One","floor":50,"turns":8}],"seed_played":"-1916876809765320969","potions_obtained":[{"floor":1.0,"key":"Weak Potion"},{"floor":4.0,"key":"Dexterity Potion"},{"floor":12.0,"key":"Fruit Juice"},{"floor":18.0,"key":"Swift Potion"},{"floor":24.0,"key":"LiquidBronze"},{"floor":25.0,"key":"Poison Potion"},{"floor":31.0,"key":"SpeedPotion"},{"floor":35,"key":"Swift Potion"},{"floor":39,"key":"GamblersBrew"},{"floor":46,"key":"SkillPotion"}],"is_trial":false,"path_per_floor":["M","M","?","M","M","?","R","$","T","M","R","E","R","?","R","B",null,"M","?","M","$","?","R","M","M","T","$","R","?","E","M","R","B",null,"M","M","$","M","M","R","M","M","T","R","$","M","?","M","R","B",null],"character_chosen":"THE_ANIMATOR","items_purchased":["animator:CowGirl","animator:Mikaela","animator:Buoy","animator:MaesHughes","Enlightenment","Dark Shackles"],"campfire_rested":1,"item_purchase_floors":[8,21,21,37,37,45],"current_hp_per_floor":[66,70,70,66,67,53,53,53,53,64,64,58,58,40,40,60,77,77,77,77,77,77,77,79,79,79,79,79,79,81,83,83,51,86,88,84,84,84,72,72,67,87,87,87,87,57,57,49,77,10],"gold":51,"neow_bonus":"ONE_RANDOM_RARE_CARD","is_prod":false,"is_daily":false,"chose_seed":false,"campfire_upgraded":9,"win_rate":0.0,"timestamp":1561166107,"path_taken":["M","M","?","M","?","?","R","$","T","M","R","E","R","?","R","BOSS","M","?","M","$","?","R","M","M","T","$","R","?","E","M","R","BOSS","M","M","$","M","M","R","M","M","T","R","$","M","?","?","R","BOSS"],"build_version":"2019-01-23","purchased_purges":4,"victory":true,"max_hp_per_floor":[72,72,72,72,72,72,72,72,72,72,72,72,72,72,72,77,77,77,77,77,77,77,77,79,79,79,79,79,79,86,86,86,86,86,88,88,88,90,90,90,90,94,94,94,94,94,94,94,94,94],"card_choices":[{"not_picked":["animator:Spearman","animator:DolaSchwi","animator:Benimaru"],"picked":"SKIP","floor":1.0},{"not_picked":["animator:MaesHughes","animator:Greed"],"picked":"animator:AcuraAkari","floor":2.0},{"not_picked":["animator:Millim","animator:RinTohsaka"],"picked":"animator:Aqua","floor":4.0},{"not_picked":["animator:Chung","animator:Ara"],"picked":"animator:Elsword","floor":5.0},{"not_picked":["animator:Evileye","animator:AcuraTooru"],"picked":"animator:Souei","floor":10.0},{"not_picked":["animator:MaesHughes","animator:HighElfArcher"],"picked":"animator:MetalKnight","floor":12.0},{"not_picked":["animator:Gilgamesh","animator:GoblinSlayer"],"picked":"animator:Ainz","floor":16.0},{"not_picked":["animator:Kaijin","animator:GazelDwargon"],"picked":"animator:Millim+1","floor":18.0},{"not_picked":["animator:Shinoa","animator:Sloth"],"picked":"animator:AcuraTooru","floor":20.0},{"not_picked":["animator:Witch","animator:Spearman","animator:Alexander"],"picked":"Singing Bowl","floor":24.0},{"not_picked":["animator:Yuuichirou","animator:ZankiKiguchi"],"picked":"animator:Millim","floor":25.0},{"not_picked":["animator:AcuraTooru","animator:AcuraAkari+1"],"picked":"animator:ChaikaBohdan","floor":30.0},{"not_picked":["animator:Shuna","animator:Sloth+1"],"picked":"animator:YunYun","floor":31.0},{"not_picked":["animator:Eve","animator:Saitama"],"picked":"animator:HigakiRinne","floor":33.0},{"not_picked":["animator:Priestess","animator:Raven+1","animator:Archer"],"picked":"Singing Bowl","floor":35},{"not_picked":["animator:AcuraTooru","animator:ChaikaBohdan+1"],"picked":"animator:Viivi","floor":36},{"not_picked":["animator:Spearman+1","animator:Konayuki+1","animator:ElricEdward"],"picked":"Singing Bowl","floor":38},{"not_picked":["animator:Archer","animator:ElricEdward"],"picked":"animator:AcuraAkari+1","floor":39},{"not_picked":["animator:Geryuganshoop","animator:MumenRider+1"],"picked":"animator:HighElfArcher+1","floor":41},{"not_picked":["animator:AcuraTooru+1","animator:Gillette+1","animator:Viivi"],"picked":"Singing Bowl","floor":42},{"not_picked":["animator:Mitsurugi","animator:Benimaru"],"picked":"animator:PandorasActor+1","floor":46},{"not_picked":["animator:Aisha","animator:HighElfArcher+1"],"picked":"animator:Sloth","floor":48},{"not_picked":["animator:Raven+1","animator:ChaikaBohdan+1"],"picked":"animator:Witch+1","floor":49}],"player_experience":521311,"relics_obtained":[{"floor":4.0,"key":"Magic Flower"},{"floor":5.0,"key":"Whetstone"},{"floor":9.0,"key":"Singing Bowl"},{"floor":12.0,"key":"Bag of Marbles"},{"floor":26.0,"key":"Omamori"},{"floor":30.0,"key":"Strawberry"},{"floor":30.0,"key":"Smiling Mask"},{"floor":36,"key":"Kunai"},{"floor":43,"key":"Dream Catcher"}],"event_choices":[{"damage_healed":0.0,"max_hp_gain":0.0,"max_hp_loss":0.0,"gold_gain":0.0,"event_name":"The Woman in Blue","player_choice":"Bought 0 Potions","floor":3.0,"gold_loss":0.0,"damage_taken":0.0},{"damage_healed":0.0,"max_hp_gain":0.0,"max_hp_loss":0.0,"gold_gain":0.0,"event_name":"Shining Light","player_choice":"Entered Light","floor":6.0,"gold_loss":0.0,"damage_taken":14.0,"cards_upgraded":["animator:AcuraAkari","animator:Eris"]},{"damage_healed":0.0,"max_hp_gain":0.0,"max_hp_loss":0.0,"gold_gain":0.0,"event_name":"Scrap Ooze","player_choice":"Success","floor":14.0,"gold_loss":0.0,"damage_taken":18.0,"relics_obtained":["Letter Opener"]},{"cards_removed":["animator:Strike"],"damage_healed":0.0,"max_hp_gain":0.0,"max_hp_loss":0.0,"gold_gain":0.0,"event_name":"Back to Basics","player_choice":"Elegance","floor":19.0,"gold_loss":0.0,"damage_taken":0.0},{"damage_healed":0.0,"max_hp_gain":0.0,"max_hp_loss":0.0,"gold_gain":0.0,"event_name":"The Library","player_choice":"Read","floor":22.0,"gold_loss":0.0,"damage_taken":0.0,"cards_obtained":["animator:Entoma"]},{"damage_healed":0.0,"max_hp_gain":0.0,"max_hp_loss":0.0,"gold_gain":0.0,"event_name":"Drug Dealer","player_choice":"Obtain J.A.X.","floor":29.0,"gold_loss":0.0,"damage_taken":0.0,"cards_obtained":["J.A.X."]},{"damage_healed":0,"gold_gain":0,"player_choice":"Forge","damage_taken":0,"max_hp_gain":0,"max_hp_loss":0,"event_name":"Accursed Blacksmith","floor":47,"gold_loss":0,"cards_upgraded":["animator:Viivi"]}],"is_beta":false,"boss_relics":[{"not_picked":["Runic Pyramid","animator:CursedBlade"],"picked":"Black Star"},{"not_picked":["Calling Bell","animator:VividPicture"],"picked":"Philosopher\u0027s Stone"}],"items_purged_floors":[8,27,37,45],"is_endless":false,"potions_floor_spawned":[1,4,12,18,24,25,31,35,39,46],"ascension_level":0}