{"gold_per_floor":[213,213,232,251,262,262,262,262,262,282,296,296,107,117,117,218,218,233,233,133,145,157,157,188,201,201,201,213,213,229,243,243,344,344,357,357,357,232,246,276,287,297,297,314,314,345,345,39,39,39],"floor_reached":51,"playtime":3204,"items_purged":["Strike_B","Defend_B","Hyperbeam","Parasite"],"score":925,"play_id":"8d49f845-bd66-4208-98f0-500aebce1e94","local_time":"20190908233945","is_ascension_mode":true,"campfire_choices":[{"data":"Zap","floor":6,"key":"SMITH"},{"data":"Dualcast","floor":12,"key":"SMITH"},{"data":"Chaos","floor":15,"key":"SMITH"},{"data":"Defragment","floor":23,"key":"SMITH"},{"data":"White Noise","floor":27,"key":"SMITH"},{"data":"Melter","floor":29,"key":"SMITH"},{"data":"Conserve Battery","floor":32,"key":"SMITH"},{"floor":45,"key":"REST"},{"floor":49,"key":"REST"}],"neow_cost":"NONE","seed_source_timestamp":129008582861400,"circlet_count":0,"master_deck":["Strike_B","Defend_B","Defend_B","Defend_B","Zap+1","Dualcast+1","Ball Lightning+1","Cold Snap+1","Conserve Battery+1","Chaos+1","Self Repair","Melter+1","White Noise+1","Electrodynamics","Lockon+1","Defragment+1","Core Surge","Ball Lightning+1","Biased Cognition","Redo+1","BootSequence+1","Loop"],"relics":["FrozenCore","Singing Bowl","Pocketwatch","Dodecahedron","Nuclear Battery","Regal Pillow","Cables","StoneCalendar","Mummified Hand","Whetstone","Shuriken"],"potions_floor_usage":[10,16,18,22,42,44,50,50],"damage_taken":[{"damage":0,"enemies":"Cultist","floor":1,"turns":4},{"damage":0,"enemies":"2 Louse","floor":3,"turns":2},{"damage":0,"enemies":"Jaw Worm","floor":4,"turns":3},{"damage":0,"enemies":"3 Louse","floor":5,"turns":2},{"damage":5,"enemies":"Gremlin Gang","floor":10,"turns":3},{"damage":0,"enemies":"2 Fungi Beasts","floor":11,"turns":2},{"damage":0,"enemies":"Large Slime","floor":14,"turns":3},{"damage":2,"enemies":"Slime Boss","floor":16,"turns":6},{"damage":12,"enemies":"2 Thieves","floor":18,"turns":4},{"damage":19,"enemies":"Shell Parasite","floor":21,"turns":4},{"damage":13,"enemies":"Snake Plant","floor":22,"turns":4},{"damage":33,"enemies":"Slavers","floor":24,"turns":4},{"damage":6,"enemies":"Centurion and Healer","floor":25,"turns":4},{"damage":3,"enemies":"Cultist and Chosen","floor":28,"turns":4},{"damage":7,"enemies":"3 Cultists","floor":30,"turns":3},{"damage":14,"enemies":"Centurion and Healer","floor":31,"turns":3},{"damage":9,"enemies":"Automaton","floor":33,"turns":5},{"damage":0,"enemies":"3 Shapes","floor":35,"turns":4},{"damage":13,"enemies":"3 Darklings","floor":39,"turns":3},{"damage":66,"enemies":"Giant Head","floor":40,"turns":7},{"damage":19,"enemies":"Writhing Mass","floor":41,"turns":5},{"damage":14,"enemies":"Transient","floor":42,"turns":5},{"damage":12,"enemies":"Spire Growth","floor":44,"turns":4},{"damage":22,"enemies":"Reptomancer","floor":46,"turns":6},{"damage":97,"enemies":"Awakened One","floor":50,"turns":8}],"seed_played":"-6508412971561015882","potions_obtained":[{"floor":1,"key":"Block Potion"},{"floor":10,"key":"Fruit Juice"},{"floor":14,"key":"EssenceOfSteel"},{"floor":16,"key":"Fruit Juice"},{"floor":18,"key":"SkillPotion"},{"floor":21,"key":"Energy Potion"},{"floor":25,"key":"EssenceOfSteel"},{"floor":40,"key":"PowerPotion"}],"is_trial":false,"path_per_floor":["M","T","M","M","M","R","?","?","T","M","M","R","$","M","R","B",null,"M","?","$","M","M","R","E","M","T","R","M","R","M","M","R","B",null,"M","?","?","$","M","E","M","M","T","M","R","E","T","$","R","B",null],"character_chosen":"DEFECT","items_purchased":["Self Repair","Melter","Regen Potion","Loop"],"campfire_rested":2,"item_purchase_floors":[13,13,48,48],"current_hp_per_floor":[68,68,70,70,70,70,63,63,63,63,65,65,65,72,72,82,87,91,91,91,79,73,73,49,52,52,52,56,56,51,44,44,42,83,90,90,90,90,86,29,19,14,14,11,58,43,43,43,89,14],"gold":39,"neow_bonus":"HUNDRED_GOLD","is_prod":false,"is_daily":false,"chose_seed":false,"campfire_upgraded":7,"win_rate":0,"timestamp":1567953585,"path_taken":["M","?","M","?","M","R","?","?","T","M","M","R","$","M","R","BOSS","M","?","$","M","M","R","E","M","T","R","?","R","M","M","R","BOSS","M","?","?","$","?","E","M","M","T","M","R","E","?","$","R","BOSS"],"build_version":"2019-07-17","purchased_purges":4,"victory":true,"max_hp_per_floor":[75,75,77,77,77,77,77,77,77,82,84,84,84,84,84,89,89,91,91,91,91,91,91,93,95,95,95,95,95,97,97,97,97,97,97,97,97,97,99,101,103,105,105,107,107,107,107,104,104,104],"card_choices":[{"not_picked":["Rebound","Turbo"],"picked":"Ball Lightning","floor":1},{"not_picked":["Beam Cell","Redo","Steam Power"],"picked":"Singing Bowl","floor":3},{"not_picked":["White Noise","Stack"],"picked":"Cold Snap","floor":4},{"not_picked":["Cold Snap","Sweeping Beam"],"picked":"Conserve Battery","floor":5},{"not_picked":["Rainbow","Gash"],"picked":"Chaos","floor":10},{"not_picked":["Turbo","Reprogram","Streamline"],"picked":"Singing Bowl","floor":11},{"not_picked":["Hologram","Sweeping Beam"],"picked":"White Noise","floor":14},{"not_picked":["Creative AI","Core Surge"],"picked":"Electrodynamics","floor":16},{"not_picked":["Rebound","Turbo+1","Stack"],"picked":"Singing Bowl","floor":18},{"not_picked":["Doom and Gloom","Sunder+1"],"picked":"Lockon+1","floor":21},{"not_picked":["Ball Lightning+1","Gash+1"],"picked":"Defragment","floor":22},{"not_picked":["Redo","Streamline","Genetic Algorithm"],"picked":"Singing Bowl","floor":24},{"not_picked":["Rebound","Consume","Turbo"],"picked":"Singing Bowl","floor":25},{"not_picked":["Streamline","Beam Cell"],"picked":"Core Surge","floor":28},{"not_picked":["Cold Snap","Reprogram","Gash+1"],"picked":"Singing Bowl","floor":30},{"not_picked":["Coolheaded","Stack+1"],"picked":"Ball Lightning+1","floor":31},{"not_picked":["Amplify","Core Surge"],"picked":"Biased Cognition","floor":33},{"not_picked":["Compile Driver+1","Barrage+1"],"picked":"Redo+1","floor":35},{"not_picked":["White Noise","Redo","Hello World"],"picked":"Singing Bowl","floor":39},{"not_picked":["Lockon","Redo+1","Gash+1"],"picked":"Singing Bowl","floor":40},{"not_picked":["Barrage","Rebound+1","Stack+1"],"picked":"Singing Bowl","floor":41},{"not_picked":["Fission","Reinforced Body","Coolheaded"],"picked":"Singing Bowl","floor":42},{"not_picked":["Redo","Gash+1","Cold Snap"],"picked":"Singing Bowl","floor":44},{"not_picked":["Sunder","Sweeping Beam+1"],"picked":"BootSequence+1","floor":46}],"player_experience":374664,"relics_obtained":[{"floor":2,"key":"Singing Bowl"},{"floor":9,"key":"Dodecahedron"},{"floor":24,"key":"Regal Pillow"},{"floor":26,"key":"Cables"},{"floor":40,"key":"StoneCalendar"},{"floor":43,"key":"Mummified Hand"},{"floor":46,"key":"Whetstone"},{"floor":47,"key":"Shuriken"}],"event_choices":[{"damage_healed":0,"gold_gain":0,"player_choice":"Success","damage_taken":7,"relics_obtained":["Pocketwatch"],"max_hp_gain":0,"max_hp_loss":0,"event_name":"Scrap Ooze","floor":7,"gold_loss":0},{"damage_healed":0,"gold_gain":0,"player_choice":"Ignored","damage_taken":0,"max_hp_gain":0,"max_hp_loss":0,"event_name":"Liars Game","floor":8,"gold_loss":0},{"cards_removed":["Strike_B"],"damage_healed":0,"gold_gain":0,"player_choice":"Purged","damage_taken":0,"max_hp_gain":0,"max_hp_loss":0,"event_name":"Purifier","floor":19,"gold_loss":0},{"damage_healed":0,"gold_gain":0,"player_choice":"Ignored","damage_taken":0,"max_hp_gain":0,"max_hp_loss":0,"event_name":"Mysterious Sphere","floor":36,"gold_loss":0},{"damage_healed":0,"gold_gain":0,"cards_transformed":["Strike_B"],"player_choice":"Transformed","damage_taken":0,"max_hp_gain":0,"max_hp_loss":0,"event_name":"Transmorgrifier","floor":37,"gold_loss":0,"cards_obtained":["Hyperbeam"]}],"is_beta":false,"boss_relics":[{"not_picked":["Astrolabe","White Beast Statue"],"picked":"Nuclear Battery"},{"not_picked":["Coffee Dripper","Pandora\u0027s Box"],"picked":"FrozenCore"}],"items_purged_floors":[13,20,38,48],"is_endless":false,"potions_floor_spawned":[1,10,14,16,18,21,25,28,31,35,40],"ascension_level":6}