{"gold_per_floor":[111,111,126,138,34,34,69,69,69,86,11,11,11,24,24,123,123,140,140,140,158,73,73,99,374,454,474,474,493,520,530,530,635,635,648,659,159,159,159,159,187,62,62,92,111,111,138,149,149,149],"floor_reached":51,"playtime":2312,"items_purged":["Defend_B","Regret","Writhe"],"score":1091,"play_id":"250c89a0-396e-4909-b0e6-2a9deb98bca2","local_time":"20190212095553","is_ascension_mode":true,"campfire_choices":[{"data":"Zap","floor":6,"key":"SMITH"},{"data":"1","floor":13,"key":"LIFT"},{"data":"2","floor":15,"key":"LIFT"},{"data":"3","floor":23,"key":"LIFT"},{"floor":28,"key":"REST"},{"floor":32,"key":"DIG"},{"floor":40,"key":"DIG"},{"floor":46,"key":"REST"},{"floor":49,"key":"REST"}],"neow_cost":"NONE","seed_source_timestamp":1652377252990870,"circlet_count":0,"master_deck":["Zap+1","Dualcast","Go for the Eyes","Zap","Defragment+1","FTL","Auto Shields","Glacier","Cold Snap","Seek","Steam","Consume","Reboot","Multi-Cast","Rip and Tear","Cold Snap+1","Biased Cognition","Redo+1","Conserve Battery","Self Repair","Capacitor","Core Surge","Darkness+1","Cold Snap+1","Capacitor","Leap","Skim","Electrodynamics","Coolheaded+1","Doom and Gloom+1","Cold Snap+1","Blizzard+1"],"relics":["Cracked Core","Girya","Ice Cream","Pandora\u0027s Box","Shuriken","Shovel","Symbiotic Virus","PreservedInsect","Mango","Inserter","MealTicket","Question Card","Prayer Wheel","Sundial","Happy Flower","Dead Branch"],"potions_floor_usage":[7,10,18,24,24,30,31,41,47,50,50],"damage_taken":[{"damage":0,"enemies":"Cultist","floor":1,"turns":3},{"damage":6,"enemies":"Small Slimes","floor":3,"turns":2},{"damage":0,"enemies":"2 Louse","floor":4,"turns":2},{"damage":0,"enemies":"Lagavulin","floor":7,"turns":5},{"damage":0,"enemies":"Red Slaver","floor":10,"turns":3},{"damage":1,"enemies":"Blue Slaver","floor":14,"turns":4},{"damage":4,"enemies":"The Guardian","floor":16,"turns":12},{"damage":16,"enemies":"2 Thieves","floor":18,"turns":4},{"damage":17,"enemies":"3 Byrds","floor":21,"turns":7},{"damage":8,"enemies":"Book of Stabbing","floor":24,"turns":3},{"damage":0,"enemies":"Snecko","floor":27,"turns":3},{"damage":2,"enemies":"Chosen and Byrds","floor":29,"turns":4},{"damage":17,"enemies":"Slavers","floor":30,"turns":2},{"damage":3,"enemies":"Centurion and Healer","floor":31,"turns":4},{"damage":47,"enemies":"Champ","floor":33,"turns":11},{"damage":24,"enemies":"Orb Walker","floor":35,"turns":4},{"damage":14,"enemies":"3 Shapes","floor":36,"turns":3},{"damage":31,"enemies":"Nemesis","floor":41,"turns":7},{"damage":13,"enemies":"Giant Head","floor":44,"turns":9},{"damage":19,"enemies":"Writhing Mass","floor":45,"turns":6},{"damage":24,"enemies":"Nemesis","floor":47,"turns":8},{"damage":0,"enemies":"Maw","floor":48,"turns":7},{"damage":42,"enemies":"Awakened One","floor":50,"turns":13}],"seed_played":"-8613473782031631516","potions_obtained":[{"floor":1,"key":"FearPotion"},{"floor":7,"key":"Swift Potion"},{"floor":14,"key":"Swift Potion"},{"floor":18,"key":"Strength Potion"},{"floor":21,"key":"FearPotion"},{"floor":27,"key":"Swift Potion"},{"floor":29,"key":"AttackPotion"},{"floor":35,"key":"SpeedPotion"},{"floor":36,"key":"AttackPotion"},{"floor":45,"key":"PowerPotion"},{"floor":47,"key":"SteroidPotion"}],"is_trial":false,"path_per_floor":["M","?","M","M","$","R","E","?","T","M","$","?","R","M","R","B",null,"M","?","?","M","?","R","E","?","T","M","R","M","E","M","R","B",null,"M","M","$","?","?","R","E","$","T","E","M","R","E","M","R","B",null],"character_chosen":"DEFECT","items_purchased":["Defragment","FTL","MealTicket","Capacitor","Leap","Skim"],"campfire_rested":3,"item_purchase_floors":[5,5,37,37,37,37],"current_hp_per_floor":[75,75,69,69,69,69,69,69,69,69,69,62,62,61,61,57,71,55,55,55,38,38,38,30,30,30,30,52,50,33,37,51,11,70,46,32,32,54,54,54,30,30,30,24,12,38,21,28,54,19],"gold":149,"neow_bonus":"ONE_RANDOM_RARE_CARD","is_prod":false,"is_daily":false,"chose_seed":false,"campfire_upgraded":1,"win_rate":0,"timestamp":1549986953,"path_taken":["M","?","M","?","?","R","E","?","T","?","$","?","R","M","R","BOSS","M","?","?","?","?","R","E","?","T","M","R","M","E","M","R","BOSS","M","?","$","?","?","R","E","?","T","E","M","R","E","M","R","BOSS"],"build_version":"2019-02-06","purchased_purges":3,"victory":true,"max_hp_per_floor":[75,75,75,75,75,75,75,75,75,75,75,75,75,75,75,75,75,75,75,75,75,75,75,75,75,75,75,75,75,75,75,89,89,89,89,89,89,89,89,89,89,89,89,89,89,89,89,89,89,89],"card_choices":[{"not_picked":["Streamline","Hologram"],"picked":"Go for the Eyes","floor":1},{"not_picked":["Barrage","Steam","Coolheaded"],"picked":"SKIP","floor":3},{"not_picked":["Beam Cell","Redo","Reprogram"],"picked":"SKIP","floor":4},{"not_picked":["Barrage","Redo"],"picked":"Auto Shields","floor":7},{"not_picked":["Go for the Eyes","Reboot"],"picked":"Glacier","floor":10},{"not_picked":["Compile Driver","Auto Shields"],"picked":"Cold Snap","floor":14},{"not_picked":["Core Surge","Multi-Cast"],"picked":"Seek","floor":16},{"not_picked":["Hologram","Doom and Gloom"],"picked":"Cold Snap+1","floor":18},{"not_picked":["Streamline","Recycle","Turbo"],"picked":"SKIP","floor":21},{"not_picked":["Scrape","Steam+1"],"picked":"Biased Cognition","floor":24},{"not_picked":["Hologram","Tempest"],"picked":"Redo+1","floor":27},{"not_picked":["Barrage","Beam Cell"],"picked":"Conserve Battery","floor":29},{"not_picked":["Chill","Ball Lightning"],"picked":"Self Repair","floor":30},{"not_picked":["Streamline","Blizzard+1"],"picked":"Capacitor","floor":31},{"not_picked":["Biased Cognition","Hyperbeam"],"picked":"Core Surge","floor":33},{"not_picked":["Coolheaded+1","Doom and Gloom+1"],"picked":"Darkness+1","floor":35},{"not_picked":["Gash+1","Ball Lightning"],"picked":"Cold Snap+1","floor":36},{"not_picked":["Turbo+1","Coolheaded","Rebound+1","Reprogram+1"],"picked":"SKIP","floor":41},{"not_picked":["Conserve Battery+1","Hologram","Cold Snap+1"],"picked":"Electrodynamics","floor":44},{"not_picked":["Capacitor+1","Hologram+1","Steam+1"],"picked":"Coolheaded+1","floor":45},{"not_picked":["BootSequence+1","Beam Cell+1","Rebound"],"picked":"Doom and Gloom+1","floor":45},{"not_picked":["Rebound+1","Reboot","Storm+1"],"picked":"Cold Snap+1","floor":47},{"not_picked":["Double Energy","Sweeping Beam+1","Rebound"],"picked":"Blizzard+1","floor":48},{"not_picked":["Stack","Streamline+1","Recycle","Barrage+1"],"picked":"SKIP","floor":48}],"player_experience":443519,"relics_obtained":[{"floor":7,"key":"Girya"},{"floor":9,"key":"Ice Cream"},{"floor":24,"key":"Shovel"},{"floor":26,"key":"Symbiotic Virus"},{"floor":30,"key":"PreservedInsect"},{"floor":32,"key":"Mango"},{"floor":40,"key":"Question Card"},{"floor":41,"key":"Prayer Wheel"},{"floor":43,"key":"Sundial"},{"floor":44,"key":"Happy Flower"},{"floor":47,"key":"Dead Branch"}],"event_choices":[{"damage_healed":0,"gold_gain":0,"player_choice":"1 cards matched","damage_taken":0,"max_hp_gain":0,"max_hp_loss":0,"event_name":"Match and Keep!","floor":2,"gold_loss":0,"cards_obtained":["Zap"]},{"cards_removed":["Strike_B"],"damage_healed":0,"gold_gain":0,"player_choice":"Offered Basic","damage_taken":0,"max_hp_gain":0,"max_hp_loss":0,"event_name":"Bonfire Elementals","floor":8,"gold_loss":0},{"damage_healed":0,"gold_gain":0,"player_choice":"Damaged","damage_taken":7,"max_hp_gain":0,"max_hp_loss":0,"event_name":"Wheel of Change","floor":12,"gold_loss":0},{"cards_removed":["Hello World"],"damage_healed":0,"gold_gain":0,"player_choice":"Elegance","damage_taken":0,"max_hp_gain":0,"max_hp_loss":0,"event_name":"Back to Basics","floor":19,"gold_loss":0},{"damage_healed":0,"gold_gain":0,"player_choice":"Upgraded","damage_taken":0,"max_hp_gain":0,"max_hp_loss":0,"event_name":"Upgrade Shrine","floor":20,"gold_loss":0,"cards_upgraded":["Defragment"]},{"damage_healed":0,"gold_gain":0,"player_choice":"Obtained Relic","damage_taken":0,"relics_obtained":["Shuriken"],"max_hp_gain":0,"max_hp_loss":0,"event_name":"Addict","floor":22,"gold_loss":85},{"damage_healed":0,"gold_gain":275,"player_choice":"Desecrate","damage_taken":0,"max_hp_gain":0,"max_hp_loss":0,"event_name":"Golden Shrine","floor":25,"gold_loss":0,"cards_obtained":["Regret"]},{"damage_healed":22,"gold_gain":0,"player_choice":"Writhe","damage_taken":0,"max_hp_gain":0,"max_hp_loss":0,"event_name":"Winding Halls","floor":38,"gold_loss":0,"cards_obtained":["Writhe"]},{"cards_removed":["Buffer"],"damage_healed":0,"gold_gain":0,"player_choice":"Removed Power","damage_taken":0,"max_hp_gain":0,"max_hp_loss":0,"event_name":"Falling","floor":39,"gold_loss":0}],"is_beta":true,"boss_relics":[{"not_picked":["Fusion Hammer","Runic Dome"],"picked":"Pandora\u0027s Box"},{"not_picked":["Black Star","Sozu"],"picked":"Inserter"}],"items_purged_floors":[11,37,42],"is_endless":false,"potions_floor_spawned":[1,7,14,18,21,27,29,35,36,45,47],"ascension_level":5}