{"gold_per_floor":[119,138,157,157,157,157,183,183,183,183,195,224,224,235,235,335,335,349,228,238,248,163,196,196,16,16,16,16,16,16,35,35,130,130,141,155,30,46,61,61,92,102,102,112,112,112,112],"floor_reached":47,"playtime":2067,"items_purged":["Defend_B","Defend_B","Defend_B"],"score":485,"play_id":"c61a25be-ffeb-4d46-b500-37776fda72fc","local_time":"20190906114115","is_ascension_mode":false,"campfire_choices":[{"data":"Chaos","floor":6,"key":"SMITH"},{"data":"Zap","floor":8,"key":"SMITH"},{"data":"Dualcast","floor":13,"key":"SMITH"},{"data":"Loop","floor":15,"key":"SMITH"},{"data":"Machine Learning","floor":24,"key":"SMITH"},{"data":"White Noise","floor":27,"key":"SMITH"},{"floor":32,"key":"REST"},{"data":"Darkness","floor":40,"key":"SMITH"},{"data":"Conserve Battery","floor":46,"key":"SMITH"}],"neow_cost":"NONE","seed_source_timestamp":1820910734011300,"circlet_count":0,"master_deck":["Strike_B","Zap+1","Dualcast+1","Reboot","Conserve Battery+1","Chaos+1","Loop+1","Leap","Machine Learning+1","Hyperbeam+1","Conserve Battery+1","Electrodynamics+1","Streamline","White Noise+1","Darkness+1","Glacier","Reboot","Chill+1","Coolheaded+1","Parasite","Defragment+1","Jack Of All Trades"],"relics":["Cracked Core","Pantograph","FossilizedHelix","Astrolabe","Orichalcum","Turnip","Sundial","Ancient Tea Set","Sozu","Juzu Bracelet","Darkstone Periapt"],"potions_floor_usage":[12,23,23],"damage_taken":[{"damage":0,"enemies":"Cultist","floor":1,"turns":4},{"damage":5,"enemies":"Small Slimes","floor":2,"turns":3},{"damage":6,"enemies":"2 Louse","floor":3,"turns":3},{"damage":30,"enemies":"Gremlin Nob","floor":7,"turns":5},{"damage":0,"enemies":"2 Fungi Beasts","floor":11,"turns":4},{"damage":19,"enemies":"3 Sentries","floor":12,"turns":8},{"damage":0,"enemies":"Large Slime","floor":14,"turns":5},{"damage":54,"enemies":"Hexaghost","floor":16,"turns":15},{"damage":10,"enemies":"2 Thieves","floor":18,"turns":2},{"damage":0,"enemies":"Chosen","floor":20,"turns":4},{"damage":0,"enemies":"3 Cultists","floor":21,"turns":2},{"damage":25,"enemies":"Slavers","floor":23,"turns":4},{"damage":10,"enemies":"Centurion and Healer","floor":31,"turns":3},{"damage":6,"enemies":"Collector","floor":33,"turns":10},{"damage":0,"enemies":"3 Shapes","floor":35,"turns":2},{"damage":0,"enemies":"3 Darklings","floor":36,"turns":3},{"damage":1,"enemies":"Writhing Mass","floor":38,"turns":6},{"damage":1,"enemies":"Transient","floor":39,"turns":5},{"damage":32,"enemies":"Nemesis","floor":41,"turns":13},{"damage":0,"enemies":"4 Shapes","floor":42,"turns":2},{"damage":0,"enemies":"Spire Growth","floor":44,"turns":4},{"damage":55,"enemies":"Reptomancer","floor":47,"turns":4}],"seed_played":"5810614479539572370","potions_obtained":[{"floor":1,"key":"EssenceOfSteel"},{"floor":11,"key":"FairyPotion"},{"floor":12,"key":"SpeedPotion"},{"floor":18,"key":"FearPotion"},{"floor":31,"key":"Regen Potion"}],"is_trial":false,"path_per_floor":["M","M","M","?","?","R","E","R","T","?","M","E","R","M","R","B",null,"M","$","M","M","?","E","R","$","T","R","?","?","?","M","R","B",null,"M","M","$","M","M","R","E","M","T","M","?","R","E"],"character_chosen":"DEFECT","items_purchased":["Streamline","Glacier"],"campfire_rested":1,"item_purchase_floors":[19,25],"current_hp_per_floor":[75,70,64,57,57,57,27,27,27,52,52,33,33,33,33,4,75,65,65,65,65,65,40,40,40,40,40,40,40,26,16,40,59,80,80,80,80,79,78,78,46,46,46,46,46,46,0],"gold":112,"neow_bonus":"ONE_RANDOM_RARE_CARD","is_prod":false,"is_daily":false,"chose_seed":false,"campfire_upgraded":8,"win_rate":0,"timestamp":1567737675,"path_taken":["M","M","M","?","?","R","E","R","T","?","M","E","R","M","R","BOSS","M","$","M","M","?","E","R","$","T","R","?","?","?","M","R","BOSS","M","M","$","M","M","R","E","M","T","M","?","R","E"],"build_version":"2019-07-17","purchased_purges":3,"victory":false,"max_hp_per_floor":[75,75,75,75,75,75,75,75,75,75,75,75,75,75,75,75,75,75,75,75,75,75,75,75,75,75,75,75,75,80,80,80,80,80,80,80,80,80,80,80,80,80,80,80,80,80,80],"card_choices":[{"not_picked":["Reinforced Body","Force Field"],"picked":"Conserve Battery","floor":1},{"not_picked":["Melter","Fusion"],"picked":"Chaos","floor":2},{"not_picked":["Conserve Battery","Coolheaded","Beam Cell"],"picked":"SKIP","floor":3},{"not_picked":["Sweeping Beam","Compile Driver"],"picked":"Loop","floor":7},{"not_picked":["Heatsinks","Conserve Battery","Beam Cell"],"picked":"SKIP","floor":11},{"not_picked":["Beam Cell","Turbo","Static Discharge"],"picked":"SKIP","floor":12},{"not_picked":["Genetic Algorithm","Redo"],"picked":"Leap","floor":14},{"not_picked":["Rainbow","Meteor Strike"],"picked":"Machine Learning","floor":16},{"not_picked":["Rebound","Steam","Sunder"],"picked":"SKIP","floor":18},{"not_picked":["Reprogram","Turbo+1"],"picked":"White Noise","floor":20},{"not_picked":["Conserve Battery+1","Stack"],"picked":"Darkness","floor":21},{"not_picked":["Scrape","Hyperbeam","Genetic Algorithm"],"picked":"SKIP","floor":23},{"not_picked":["Gash","Auto Shields","Lockon"],"picked":"SKIP","floor":31},{"not_picked":["Thunder Strike","Electrodynamics"],"picked":"Reboot","floor":33},{"not_picked":["Streamline+1","Barrage+1"],"picked":"Chill+1","floor":35},{"not_picked":["BootSequence+1","Gash+1"],"picked":"Coolheaded+1","floor":36},{"not_picked":["Loop","Coolheaded","Gash"],"picked":"SKIP","floor":38},{"not_picked":["Compile Driver+1","Ball Lightning"],"picked":"Defragment+1","floor":39},{"not_picked":["Doom and Gloom","Reinforced Body+1","Rebound+1"],"picked":"SKIP","floor":41},{"not_picked":["Beam Cell","Streamline","Conserve Battery+1"],"picked":"SKIP","floor":42},{"not_picked":["White Noise","Barrage+1","Chill"],"picked":"SKIP","floor":44},{"not_picked":["Dramatic Entrance","Swift Strike"],"picked":"Jack Of All Trades","floor":45}],"player_experience":332216,"relics_obtained":[{"floor":7,"key":"Pantograph"},{"floor":12,"key":"FossilizedHelix"},{"floor":23,"key":"Turnip"},{"floor":26,"key":"Sundial"},{"floor":41,"key":"Juzu Bracelet"},{"floor":43,"key":"Darkstone Periapt"}],"event_choices":[{"cards_removed":["Strike_B"],"damage_healed":0,"gold_gain":0,"player_choice":"Card Removal","damage_taken":7,"max_hp_gain":0,"max_hp_loss":0,"event_name":"Golden Wing","floor":4,"gold_loss":0},{"damage_healed":0,"gold_gain":0,"player_choice":"Ignored","damage_taken":0,"max_hp_gain":0,"max_hp_loss":0,"event_name":"Liars Game","floor":5,"gold_loss":0},{"damage_healed":25,"gold_gain":0,"player_choice":"Banana","damage_taken":0,"max_hp_gain":0,"max_hp_loss":0,"event_name":"Big Fish","floor":10,"gold_loss":0},{"damage_healed":0,"gold_gain":0,"player_choice":"Obtained Relic","damage_taken":0,"relics_obtained":["Orichalcum"],"max_hp_gain":0,"max_hp_loss":0,"event_name":"Addict","floor":22,"gold_loss":85},{"damage_healed":0,"gold_gain":0,"player_choice":"Ignored","damage_taken":0,"max_hp_gain":0,"max_hp_loss":0,"event_name":"Cursed Tome","floor":28,"gold_loss":0},{"damage_healed":0,"gold_gain":0,"player_choice":"Opened","damage_taken":0,"relics_obtained":["Ancient Tea Set"],"max_hp_gain":0,"max_hp_loss":0,"event_name":"The Mausoleum","floor":29,"gold_loss":0},{"damage_healed":0,"gold_gain":0,"player_choice":"Shed Blood","damage_taken":19,"max_hp_gain":5,"max_hp_loss":0,"event_name":"Forgotten Altar","floor":30,"gold_loss":0},{"damage_healed":0,"gold_gain":0,"player_choice":"Memory 1","damage_taken":0,"max_hp_gain":0,"max_hp_loss":0,"event_name":"SensoryStone","floor":45,"gold_loss":0}],"is_beta":false,"boss_relics":[{"not_picked":["White Beast Statue","Orrery"],"picked":"Astrolabe"},{"not_picked":["Calling Bell","Cursed Key"],"picked":"Sozu"}],"items_purged_floors":[19,25,37],"is_endless":false,"potions_floor_spawned":[1,11,12,18,31,39,41],"killed_by":"Reptomancer","ascension_level":0}