{"path_per_floor":["M","M","$","M","M","R","?","R","T","R","E","R","M","$","R","B",null,"M","$","?","?","?","E","R","M","T","R","M","$","E","?","R"],"character_chosen":"IRONCLAD","items_purchased":["Demon Form","Juzu Bracelet","Warcry+1"],"gold_per_floor":[112,122,47,58,78,78,78,78,78,78,109,109,126,48,48,152,152,172,72,72,72,72,99,99,109,158,158,177,10,43,43,43,43],"floor_reached":33,"campfire_rested":4,"playtime":6784,"item_purchase_floors":[14,29,29],"current_hp_per_floor":[80,80,80,80,77,77,61,61,61,61,39,39,45,45,69,65,80,72,72,72,72,72,59,80,80,80,80,75,75,51,51,64,0],"items_purged":["Clumsy","Strike_R"],"gold":43,"score":362,"play_id":"54b61d01-e37a-4ab5-aeac-e1cdfb33c502","local_time":"20180621161733","is_prod":false,"is_daily":false,"chose_seed":false,"is_ascension_mode":true,"campfire_upgraded":4,"win_rate":0,"timestamp":1529590653,"campfire_choices":[{"data":"True Grit","floor":6,"key":"SMITH"},{"data":"Double Tap","floor":8,"key":"SMITH"},{"data":"Bash","floor":10,"key":"SMITH"},{"data":"Pummel","floor":12,"key":"SMITH"},{"floor":15,"key":"REST"},{"floor":24,"key":"REST"},{"floor":27,"key":"REST"},{"floor":32,"key":"REST"}],"path_taken":["M","M","?","M","M","R","?","R","T","R","E","R","M","$","R","BOSS","M","$","?","?","?","E","R","?","T","R","M","$","E","?","R","BOSS"],"build_version":"2018-06-20v3","seed_source_timestamp":9256131545318,"purchased_purges":2,"circlet_count":0,"victory":false,"master_deck":["Defend_R","Defend_R","Defend_R+1","Bash+1","Double Tap+1","True Grit+1","Pummel+1","Battle Trance","Demon Form","Fiend Fire","Armaments+1","Thunderclap+1","Twin Strike+1","Heavy Blade","Warcry+1","Shockwave+1","Bite","Bite","Bite","Bite","Bite","Seeing Red+1"],"max_hp_per_floor":[80,80,80,80,80,80,80,80,80,80,80,80,80,80,80,80,80,80,80,80,80,80,80,80,80,80,80,80,80,92,64,64,64],"relics":["Burning Blood","Bottled Lightning","Centennial Puzzle","Fusion Hammer","Toxic Egg 2","Dream Catcher","Juzu Bracelet","Strawberry"],"card_choices":[{"not_picked":["Juggernaut","Exhume"],"picked":"Double Tap","floor":0},{"not_picked":["Sword Boomerang","Flame Barrier"],"picked":"True Grit","floor":1},{"not_picked":["Warcry","Evolve"],"picked":"Pummel","floor":2},{"not_picked":["Dual Wield","Anger"],"picked":"Battle Trance","floor":4},{"not_picked":["Clash","Sever Soul","Dual Wield"],"picked":"SKIP","floor":5},{"not_picked":["True Grit","Sentinel","Corruption"],"picked":"SKIP","floor":11},{"not_picked":["Dropkick","Armaments","Ghostly Armor"],"picked":"SKIP","floor":13},{"not_picked":["Bludgeon","Berserk"],"picked":"Fiend Fire","floor":16},{"not_picked":["Shrug It Off","Wild Strike","Anger"],"picked":"SKIP","floor":18},{"not_picked":["Wild Strike","Juggernaut"],"picked":"Armaments","floor":23},{"not_picked":["Armaments+1","Cleave"],"picked":"Thunderclap+1","floor":25},{"not_picked":["Cleave+1","Perfected Strike"],"picked":"Twin Strike+1","floor":27},{"not_picked":["Shrug It Off+1","Twin Strike"],"picked":"Heavy Blade","floor":28},{"not_picked":["Rupture","Headbutt+1"],"picked":"Shockwave+1","floor":30},{"not_picked":["Dual Wield+1","Pommel Strike+1"],"picked":"Seeing Red+1","floor":32}],"player_experience":222993,"potions_floor_usage":[5,11,16,18,23,23,23,23,23,23,30,33],"damage_taken":[{"damage":6,"enemies":"Cultist","floor":1,"turns":3},{"damage":0,"enemies":"Small Slimes","floor":2,"turns":3},{"damage":0,"enemies":"2 Louse","floor":4,"turns":4},{"damage":9,"enemies":"Exordium Wildlife","floor":5,"turns":8},{"damage":28,"enemies":"Lagavulin","floor":11,"turns":7},{"damage":0,"enemies":"Blue Slaver","floor":13,"turns":4},{"damage":10,"enemies":"The Guardian","floor":16,"turns":6},{"damage":14,"enemies":"2 Thieves","floor":18,"turns":3},{"damage":31,"enemies":"Gremlin Leader","floor":23,"turns":5},{"damage":4,"enemies":"3 Byrds","floor":25,"turns":6},{"damage":11,"enemies":"3 Cultists","floor":28,"turns":5},{"damage":42,"enemies":"Slavers","floor":30,"turns":5},{"damage":91,"enemies":"Automaton","floor":33,"turns":6}],"relics_obtained":[{"floor":9,"key":"Bottled Lightning"},{"floor":11,"key":"Centennial Puzzle"},{"floor":23,"key":"Toxic Egg 2"},{"floor":26,"key":"Dream Catcher"},{"floor":30,"key":"Strawberry"}],"event_choices":[{"event_name":"Shining Light","player_choice":"Entered Light","floor":7,"damage_taken":0},{"event_name":"Purifier","player_choice":"One Purge","floor":20,"damage_taken":0},{"event_name":"Ghosts","player_choice":"Ignored","floor":21,"damage_taken":0},{"event_name":"The Lab","player_choice":"Got Potions","floor":22,"damage_taken":0},{"event_name":"Vampires","player_choice":"Became a vampire","floor":31,"damage_taken":0}],"boss_relics":[{"not_picked":["Orrery","Black Star"],"picked":"Fusion Hammer"}],"items_purged_floors":[3,19],"is_endless":false,"potions_floor_spawned":[2,4,11,13,28,30],"seed_played":"6611003968683367276","killed_by":"Automaton","ascension_level":4,"potions_obtained":[{"floor":2,"key":"EssenceOfSteel"},{"floor":4,"key":"Fire Potion"},{"floor":11,"key":"AttackPotion"},{"floor":13,"key":"Energy Potion"},{"floor":22,"key":"EntropicBrew"},{"floor":22,"key":"LiquidBronze"},{"floor":22,"key":"Energy Potion"},{"floor":28,"key":"Fruit Juice"},{"floor":30,"key":"Strength Potion"}],"is_trial":false}