{"gold_per_floor":[115,115,134,152,166,166,193,193,247,247,267,139,160,160,160,264,264,277,277,295,51,65,65,65,84,84,96,120,132,144,176,188,305,317,343,355,242,255,56,56,75,93,116,133,151,151,171,271,271,271],"floor_reached":51,"playtime":2558,"items_purged":["Strike_B","Defend_B","Defend_B"],"score":651,"play_id":"94092e41-6fa1-42a0-8129-9e03bdf6bc7b","local_time":"20190909171039","is_ascension_mode":false,"campfire_choices":[{"data":"Zap","floor":6,"key":"SMITH"},{"data":"Dualcast","floor":8,"key":"SMITH"},{"data":"Defragment","floor":10,"key":"SMITH"},{"data":"Sunder","floor":15,"key":"SMITH"},{"data":"Conserve Battery","floor":23,"key":"SMITH"},{"data":"Buffer","floor":27,"key":"SMITH"},{"data":"Leap","floor":29,"key":"SMITH"},{"data":"Compile Driver","floor":32,"key":"SMITH"},{"data":"Echo Form","floor":40,"key":"SMITH"},{"data":"Madness","floor":46,"key":"SMITH"},{"floor":49,"key":"REST"}],"neow_cost":"NONE","seed_source_timestamp":192709093254800,"circlet_count":0,"master_deck":["Strike_B","Defend_B","Zap+1","Dualcast+1","Gash","Sunder+1","Defragment+1","Cold Snap","Ball Lightning","Glacier","Buffer+1","Conserve Battery+1","Self Repair","Leap+1","Glacier","Compile Driver+1","Capacitor","Cold Snap+1","Echo Form+1","Go for the Eyes","Madness+1","Madness","Ball Lightning+1","Defragment+1","Core Surge"],"relics":["Cracked Core","Potion Belt","Tiny Chest","Odd Mushroom","Lizard Tail","Bag of Preparation","MawBank","Ornamental Fan","Eternal Feather","DollysMirror","Art of War","Emotion Chip"],"potions_floor_usage":[7,7,33,33,42,48,50,50,50,50,50],"damage_taken":[{"damage":0,"enemies":"Small Slimes","floor":1,"turns":3},{"damage":1,"enemies":"Jaw Worm","floor":3,"turns":4},{"damage":7,"enemies":"2 Louse","floor":4,"turns":4},{"damage":15,"enemies":"Large Slime","floor":5,"turns":6},{"damage":14,"enemies":"Lagavulin","floor":7,"turns":6},{"damage":0,"enemies":"Looter","floor":11,"turns":3},{"damage":6,"enemies":"The Mushroom Lair","floor":13,"turns":4},{"damage":5,"enemies":"Slime Boss","floor":16,"turns":11},{"damage":3,"enemies":"Shell Parasite","floor":18,"turns":7},{"damage":11,"enemies":"Spheric Guardian","floor":20,"turns":4},{"damage":2,"enemies":"Centurion and Healer","floor":22,"turns":8},{"damage":0,"enemies":"Shelled Parasite and Fungi","floor":25,"turns":6},{"damage":0,"enemies":"Snake Plant","floor":28,"turns":5},{"damage":7,"enemies":"Centurion and Healer","floor":31,"turns":9},{"damage":8,"enemies":"Collector","floor":33,"turns":15},{"damage":12,"enemies":"3 Shapes","floor":35,"turns":7},{"damage":7,"enemies":"3 Darklings","floor":38,"turns":7},{"damage":0,"enemies":"Transient","floor":41,"turns":5},{"damage":12,"enemies":"4 Shapes","floor":42,"turns":7},{"damage":36,"enemies":"Jaw Worm Horde","floor":44,"turns":5},{"damage":13,"enemies":"3 Darklings","floor":45,"turns":7},{"damage":0,"enemies":"4 Shapes","floor":47,"turns":7},{"damage":22,"enemies":"Mind Bloom Boss Battle","floor":48,"turns":8},{"damage":26,"enemies":"Time Eater","floor":50,"turns":14}],"seed_played":"435965826152793527","potions_obtained":[{"floor":1,"key":"Fire Potion"},{"floor":5,"key":"Block Potion"},{"floor":13,"key":"LiquidBronze"},{"floor":16,"key":"Swift Potion"},{"floor":22,"key":"Energy Potion"},{"floor":25,"key":"Ancient Potion"},{"floor":31,"key":"Weak Potion"},{"floor":38,"key":"Strength Potion"},{"floor":41,"key":"Swift Potion"},{"floor":42,"key":"Dexterity Potion"},{"floor":48,"key":"Explosive Potion"}],"is_trial":false,"path_per_floor":["M","?","M","M","M","R","E","R","T","R","M","$","?","?","R","B",null,"M","?","M","$","M","R","?","M","T","R","M","R","T","M","R","B",null,"M","?","$","M","$","R","M","M","T","M","M","R","M","?","R","B",null],"character_chosen":"DEFECT","items_purchased":["Ball Lightning","Bag of Preparation","DollysMirror"],"campfire_rested":1,"item_purchase_floors":[12,21,39],"current_hp_per_floor":[75,80,79,72,57,57,43,43,43,43,43,43,37,37,37,32,80,77,77,66,66,71,71,71,71,71,71,78,78,78,78,78,77,80,75,65,65,65,65,77,77,72,72,43,30,45,52,37,76,64],"gold":271,"neow_bonus":"REMOVE_CARD","is_prod":false,"is_daily":false,"chose_seed":false,"campfire_upgraded":10,"win_rate":0,"timestamp":1568016639,"path_taken":["M","?","M","M","M","R","E","R","T","R","M","$","?","?","R","BOSS","M","?","M","$","M","R","?","M","T","R","M","R","?","M","R","BOSS","M","?","?","M","$","R","M","M","T","M","?","R","M","?","R","BOSS"],"build_version":"2019-07-17","purchased_purges":3,"victory":true,"max_hp_per_floor":[75,80,80,80,80,80,80,80,80,80,80,80,80,80,80,80,80,80,80,80,80,80,80,80,80,80,80,80,80,80,80,80,80,80,80,80,80,80,80,80,80,80,80,80,80,80,80,80,80,80],"card_choices":[{"not_picked":["Fusion","Barrage","Redo"],"picked":"SKIP","floor":1},{"not_picked":["Gash","Turbo","White Noise"],"picked":"SKIP","floor":3},{"not_picked":["Redo","Recycle","Gash"],"picked":"SKIP","floor":4},{"not_picked":["Redo","Recycle"],"picked":"Gash","floor":4},{"not_picked":["Sweeping Beam","Force Field"],"picked":"Sunder","floor":5},{"not_picked":["Darkness","Cold Snap"],"picked":"Defragment","floor":7},{"not_picked":["Blizzard","Double Energy"],"picked":"Cold Snap","floor":11},{"not_picked":["Streamline","Turbo"],"picked":"Glacier","floor":13},{"not_picked":["Seek","Multi-Cast"],"picked":"Buffer","floor":16},{"not_picked":["Compile Driver","Hologram","Storm+1"],"picked":"SKIP","floor":18},{"not_picked":["Rebound","Coolheaded+1"],"picked":"Self Repair","floor":20},{"not_picked":["Skim","Coolheaded+1"],"picked":"Leap","floor":22},{"not_picked":["Compile Driver","Ball Lightning"],"picked":"Capacitor","floor":25},{"not_picked":["Glacier+1","Force Field"],"picked":"Cold Snap+1","floor":28},{"not_picked":["Skim","Streamline+1","Barrage"],"picked":"SKIP","floor":31},{"not_picked":["Fission","Thunder Strike"],"picked":"Echo Form","floor":33},{"not_picked":["Tempest","Glacier+1"],"picked":"Go for the Eyes","floor":35},{"not_picked":["Genetic Algorithm","Leap+1"],"picked":"Ball Lightning+1","floor":38},{"not_picked":["Chaos+1","FTL","Capacitor"],"picked":"SKIP","floor":41},{"not_picked":["Leap","Beam Cell+1","Gash+1"],"picked":"SKIP","floor":42},{"not_picked":["Steam Power","Hologram+1"],"picked":"Core Surge","floor":44},{"not_picked":["Stack","Double Energy","Self Repair"],"picked":"SKIP","floor":45},{"not_picked":["Compile Driver","Go for the Eyes+1","Leap+1"],"picked":"SKIP","floor":47}],"player_experience":387847,"relics_obtained":[{"floor":7,"key":"Potion Belt"},{"floor":9,"key":"Tiny Chest"},{"floor":13,"key":"Odd Mushroom"},{"floor":26,"key":"MawBank"},{"floor":30,"key":"Ornamental Fan"},{"floor":43,"key":"Art of War"},{"floor":48,"key":"Emotion Chip"}],"event_choices":[{"damage_healed":0,"gold_gain":0,"player_choice":"Donut","damage_taken":0,"max_hp_gain":5,"max_hp_loss":0,"event_name":"Big Fish","floor":2,"gold_loss":0},{"damage_healed":0,"gold_gain":0,"player_choice":"Fought Mushrooms","damage_taken":0,"max_hp_gain":0,"max_hp_loss":0,"event_name":"Mushrooms","floor":13,"gold_loss":0},{"damage_healed":0,"gold_gain":0,"player_choice":"Ignored","damage_taken":0,"max_hp_gain":0,"max_hp_loss":0,"event_name":"Liars Game","floor":14,"gold_loss":0},{"damage_healed":0,"gold_gain":0,"player_choice":"Read","damage_taken":0,"max_hp_gain":0,"max_hp_loss":0,"event_name":"The Library","floor":19,"gold_loss":0,"cards_obtained":["Conserve Battery"]},{"damage_healed":0,"gold_gain":0,"cards_transformed":["Defend_B","Strike_B"],"player_choice":"Became Test Subject","damage_taken":0,"max_hp_gain":0,"max_hp_loss":0,"event_name":"Drug Dealer","floor":24,"gold_loss":0,"cards_obtained":["Glacier","Compile Driver"]},{"damage_healed":0,"gold_gain":0,"player_choice":"Embrace Madness","damage_taken":10,"max_hp_gain":0,"max_hp_loss":0,"event_name":"Winding Halls","floor":36,"gold_loss":0,"cards_obtained":["Madness","Madness"]},{"damage_healed":0,"gold_gain":0,"player_choice":"Fight","damage_taken":0,"max_hp_gain":0,"max_hp_loss":0,"event_name":"MindBloom","floor":48,"gold_loss":0}],"is_beta":false,"boss_relics":[{"not_picked":["Runic Pyramid","Ectoplasm"],"picked":"Lizard Tail"},{"not_picked":["Runic Dome","Empty Cage"],"picked":"Eternal Feather"}],"items_purged_floors":[12,21,37],"is_endless":false,"potions_floor_spawned":[1,5,13,16,22,25,31,38,41,42,48],"ascension_level":0}