{"gold_per_floor":[118,118,43,63,83,83,93,93,93,110,123,135,135,135,135,234,234,222,235,235,255,155,165,191,191,191,221,221,232,232,245,245,245],"floor_reached":33,"playtime":1880,"items_purged":["Defend_G","Defend_G"],"score":261,"play_id":"024dab35-955d-45a4-89d8-b57cab6ea0ad","local_time":"20190827115818","is_ascension_mode":false,"campfire_choices":[{"data":"Neutralize","floor":6,"key":"SMITH"},{"data":"Survivor","floor":8,"key":"SMITH"},{"data":"Cloak And Dagger","floor":13,"key":"SMITH"},{"data":"Blur","floor":15,"key":"SMITH"},{"data":"Bullet Time","floor":28,"key":"SMITH"},{"data":"Accuracy","floor":30,"key":"SMITH"},{"data":"Terror","floor":32,"key":"SMITH"}],"neow_cost":"NONE","seed_source_timestamp":958100026786300,"circlet_count":0,"master_deck":["Strike_G","Strike_G","Strike_G","Defend_G","Defend_G","Defend_G","Survivor+1","Neutralize+1","PiercingWail","Backflip","Blur+1","Deadly Poison","Cloak And Dagger+1","Deadly Poison","Bullet Time+1","Poisoned Stab","Terror+1","PiercingWail","Catalyst+1","Accuracy+1"],"relics":["Ring of the Snake","Ancient Tea Set","Kunai","Eternal Feather","Red Mask","Potion Belt","Meat on the Bone"],"potions_floor_usage":[18,23,24,24,33],"damage_taken":[{"damage":0,"enemies":"2 Louse","floor":1,"turns":2},{"damage":0,"enemies":"Jaw Worm","floor":4,"turns":5},{"damage":0,"enemies":"Cultist","floor":5,"turns":5},{"damage":0,"enemies":"3 Louse","floor":7,"turns":4},{"damage":0,"enemies":"Blue Slaver","floor":10,"turns":4},{"damage":12,"enemies":"Exordium Thugs","floor":11,"turns":6},{"damage":0,"enemies":"3 Louse","floor":12,"turns":3},{"damage":12,"enemies":"The Guardian","floor":16,"turns":12},{"damage":7,"enemies":"2 Thieves","floor":18,"turns":4},{"damage":0,"enemies":"Chosen","floor":19,"turns":5},{"damage":1,"enemies":"Snecko","floor":21,"turns":6},{"damage":0,"enemies":"Shelled Parasite and Fungi","floor":23,"turns":9},{"damage":3,"enemies":"Masked Bandits","floor":24,"turns":6},{"damage":31,"enemies":"Book of Stabbing","floor":27,"turns":8},{"damage":9,"enemies":"Centurion and Healer","floor":29,"turns":11},{"damage":15,"enemies":"3 Cultists","floor":31,"turns":8},{"damage":58,"enemies":"Collector","floor":33,"turns":6}],"seed_played":"2612469903750094929","potions_obtained":[{"floor":10,"key":"PowerPotion"},{"floor":11,"key":"SteroidPotion"},{"floor":12,"key":"EssenceOfSteel"},{"floor":16,"key":"Strength Potion"},{"floor":19,"key":"Explosive Potion"},{"floor":23,"key":"Fire Potion"},{"floor":27,"key":"SmokeBomb"},{"floor":31,"key":"FearPotion"}],"is_trial":false,"path_per_floor":["M","?","$","M","M","R","M","R","T","M","M","M","R","T","R","B",null,"M","M","?","M","$","M","?","?","T","E","R","M","R","M","R","B"],"character_chosen":"THE_SILENT","items_purchased":[],"campfire_rested":0,"item_purchase_floors":[],"current_hp_per_floor":[70,70,70,70,70,70,70,70,70,70,58,58,58,58,58,46,70,63,63,63,62,62,62,59,59,59,28,37,40,52,37,49,0],"gold":245,"neow_bonus":"TRANSFORM_CARD","is_prod":false,"is_daily":false,"chose_seed":false,"campfire_upgraded":7,"win_rate":0,"timestamp":1566874698,"path_taken":["M","?","$","M","M","R","M","R","T","M","M","M","R","?","R","BOSS","M","M","?","?","$","M","?","?","T","E","R","M","R","?","R","BOSS"],"build_version":"2019-07-17","purchased_purges":2,"victory":false,"max_hp_per_floor":[70,70,70,70,70,70,70,70,70,70,70,70,70,70,70,70,70,70,70,70,70,70,70,70,70,70,70,70,70,70,70,70,70],"card_choices":[{"not_picked":["PiercingWail","Finisher"],"picked":"Backflip","floor":1},{"not_picked":["Escape Plan","Flying Knee"],"picked":"Blur","floor":4},{"not_picked":["Prepared","Acrobatics","PiercingWail"],"picked":"SKIP","floor":5},{"not_picked":["Bane","Dagger Throw"],"picked":"Deadly Poison","floor":7},{"not_picked":["Acrobatics","Heel Hook"],"picked":"Cloak And Dagger","floor":10},{"not_picked":["Flechettes","Underhanded Strike"],"picked":"Deadly Poison","floor":11},{"not_picked":["PiercingWail","Slice","Quick Slash"],"picked":"SKIP","floor":12},{"not_picked":["Die Die Die","Grand Finale"],"picked":"Bullet Time","floor":16},{"not_picked":["PiercingWail","Flying Knee"],"picked":"Poisoned Stab","floor":18},{"not_picked":["Flying Knee","Slice"],"picked":"Terror","floor":19},{"not_picked":["Slice","Predator","Prepared"],"picked":"SKIP","floor":21},{"not_picked":["Blur","All Out Attack","Poisoned Stab"],"picked":"SKIP","floor":23},{"not_picked":["Slice+1","Distraction"],"picked":"Catalyst+1","floor":24},{"not_picked":["All Out Attack+1","Dagger Spray","Bane"],"picked":"SKIP","floor":27},{"not_picked":["Endless Agony","Quick Slash"],"picked":"Accuracy","floor":29},{"not_picked":["Doppelganger","Acrobatics","PiercingWail"],"picked":"SKIP","floor":31}],"player_experience":299136,"relics_obtained":[{"floor":9,"key":"Ancient Tea Set"},{"floor":14,"key":"Kunai"},{"floor":24,"key":"Red Mask"},{"floor":26,"key":"Potion Belt"},{"floor":27,"key":"Meat on the Bone"}],"event_choices":[{"damage_healed":0,"gold_gain":0,"player_choice":"Ignored","damage_taken":0,"max_hp_gain":0,"max_hp_loss":0,"event_name":"Liars Game","floor":2,"gold_loss":0},{"damage_healed":0,"gold_gain":0,"cards_transformed":["Strike_G"],"player_choice":"Transformed","damage_taken":0,"max_hp_gain":0,"max_hp_loss":0,"event_name":"Transmorgrifier","floor":20,"gold_loss":0,"cards_obtained":["PiercingWail"]},{"damage_healed":0,"gold_gain":0,"player_choice":"Fought Bandits","damage_taken":0,"max_hp_gain":0,"max_hp_loss":0,"event_name":"Masked Bandits","floor":24,"gold_loss":0},{"damage_healed":0,"gold_gain":0,"player_choice":"Ignored","damage_taken":0,"max_hp_gain":0,"max_hp_loss":0,"event_name":"Cursed Tome","floor":25,"gold_loss":0}],"is_beta":false,"boss_relics":[{"not_picked":["White Beast Statue","Pandora\u0027s Box"],"picked":"Eternal Feather"}],"items_purged_floors":[3,22],"is_endless":false,"potions_floor_spawned":[10,11,12,16,19,23,27,31],"killed_by":"Collector","ascension_level":0}