{"gold_per_floor":[113,126,138,151,151,181,181,210,210,210,224,252,24,24,24,125,125,144,106,125,225,242,273,273,289,289,299,315,315,334,334],"floor_reached":31,"playtime":2455,"items_purged":["Strike_G"],"score":345,"play_id":"84716a54-eae4-4b58-ab26-856e7ff14a42","local_time":"20190604183900","is_ascension_mode":true,"campfire_choices":[{"data":"Flying Knee","floor":7,"key":"SMITH"},{"data":"Dodge and Roll","floor":10,"key":"SMITH"},{"floor":15,"key":"REST"},{"data":"Glass Knife","floor":24,"key":"SMITH"},{"data":"Catalyst","floor":29,"key":"SMITH"}],"neow_cost":"NONE","seed_source_timestamp":2067959334526,"circlet_count":0,"master_deck":["Survivor","Neutralize","Sucker Punch","Noxious Fumes","Flying Knee+1","Well Laid Plans","Venomology","Dodge and Roll+1","Poisoned Stab","Terror","Footwork","Glass Knife+1","Catalyst+1","Dagger Spray","All Out Attack","Backstab","PiercingWail","Deadly Poison","Crippling Poison+1","Bouncing Flask","Backflip+1","Riddle With Holes+1","Backstab","Footwork"],"relics":["Empty Cage","Mummified Hand","Ninja Scroll","Mercury Hourglass","Gremlin Horn","Blood Vial","Matryoshka","Pandora\u0027s Box","Unceasing Top","Bottled Tornado","Du-Vu Doll","Lantern","Singing Bowl"],"potions_floor_usage":[6,6,8,8,12,16,22,23,23,25,27,28,31],"damage_taken":[{"damage":5,"enemies":"2 Louse","floor":1,"turns":4},{"damage":1,"enemies":"Cultist","floor":2,"turns":4},{"damage":2,"enemies":"Small Slimes","floor":3,"turns":5},{"damage":3,"enemies":"Exordium Wildlife","floor":4,"turns":4},{"damage":15,"enemies":"Lagavulin","floor":6,"turns":8},{"damage":21,"enemies":"3 Sentries","floor":8,"turns":8},{"damage":0,"enemies":"3 Louse","floor":11,"turns":2},{"damage":0,"enemies":"Lagavulin","floor":12,"turns":5},{"damage":11,"enemies":"Slime Boss","floor":16,"turns":11},{"damage":16,"enemies":"Spheric Guardian","floor":18,"turns":4},{"damage":0,"enemies":"Shell Parasite","floor":20,"turns":2},{"damage":20,"enemies":"Colosseum Slavers","floor":21,"turns":2},{"damage":12,"enemies":"Colosseum Nobs","floor":21,"turns":4},{"damage":0,"enemies":"Cultist and Chosen","floor":22,"turns":4},{"damage":0,"enemies":"Gremlin Leader","floor":23,"turns":3},{"damage":0,"enemies":"Snake Plant","floor":25,"turns":2},{"damage":6,"enemies":"Centurion and Healer","floor":27,"turns":3},{"damage":12,"enemies":"3 Cultists","floor":28,"turns":3},{"damage":14,"enemies":"Shelled Parasite and Fungi","floor":30,"turns":3},{"damage":26,"enemies":"Snake Plant","floor":31,"turns":2}],"seed_played":"-5023326954440278713","potions_obtained":[{"floor":3,"key":"Regen Potion"},{"floor":6,"key":"SkillPotion"},{"floor":12,"key":"GamblersBrew"},{"floor":21,"key":"Swift Potion"},{"floor":23,"key":"Poison Potion"},{"floor":25,"key":"AttackPotion"},{"floor":27,"key":"Dexterity Potion"},{"floor":30,"key":"SpeedPotion"}],"is_trial":false,"path_per_floor":["M","M","M","M","?","E","R","E","T","R","M","E","$","?","R","B",null,"M","$","M","?","M","E","R","M","T","M","M","R","M","M"],"character_chosen":"THE_SILENT","items_purchased":["Blood Vial","Bouncing Flask"],"campfire_rested":1,"item_purchase_floors":[13,19],"current_hp_per_floor":[65,64,62,59,59,59,59,38,38,38,38,38,38,38,59,50,70,54,54,56,28,30,41,41,43,43,41,33,33,21,0],"gold":334,"neow_bonus":"BOSS_RELIC","is_prod":false,"is_daily":false,"chose_seed":false,"campfire_upgraded":4,"win_rate":0,"timestamp":1559687940,"path_taken":["M","M","M","M","?","E","R","E","T","R","?","E","$","?","R","BOSS","M","?","M","?","M","E","R","M","T","M","M","R","M","M"],"build_version":"2019-01-23","purchased_purges":1,"victory":false,"max_hp_per_floor":[70,70,70,70,70,70,70,70,70,70,70,70,70,70,70,70,70,70,70,70,70,70,70,70,70,70,72,74,74,74,74],"card_choices":[{"not_picked":["Blade Dance","Concentrate"],"picked":"Sucker Punch","floor":1},{"not_picked":["Sucker Punch","Blade Dance"],"picked":"Noxious Fumes","floor":2},{"not_picked":["Slice","Expertise"],"picked":"Flying Knee","floor":3},{"not_picked":["PiercingWail","Quick Slash"],"picked":"Well Laid Plans","floor":4},{"not_picked":["PiercingWail","Predator"],"picked":"Dodge and Roll","floor":6},{"not_picked":["Prepared","Acrobatics"],"picked":"Poisoned Stab","floor":8},{"not_picked":["Tactician","Slice"],"picked":"Terror","floor":11},{"not_picked":["Blade Dance","Deflect"],"picked":"Footwork","floor":12},{"not_picked":["Die Die Die","Venomology"],"picked":"Glass Knife","floor":16},{"not_picked":["Terror","Sucker Punch"],"picked":"Crippling Poison+1","floor":18},{"not_picked":["Blade Dance","Flying Knee+1","Prepared"],"picked":"SKIP","floor":20},{"not_picked":["Dagger Throw","Glass Knife"],"picked":"Backflip+1","floor":21},{"not_picked":["Flying Knee","Poisoned Stab+1"],"picked":"Riddle With Holes+1","floor":22},{"not_picked":["Masterful Stab","All Out Attack+1","Dagger Throw"],"picked":"SKIP","floor":23},{"not_picked":["Underhanded Strike","Deflect"],"picked":"Backstab","floor":25},{"not_picked":["Predator","Tactician","Bane"],"picked":"Singing Bowl","floor":27},{"not_picked":["Underhanded Strike+1","Well Laid Plans+1","Slice"],"picked":"Singing Bowl","floor":28},{"not_picked":["Slice","Skewer"],"picked":"Footwork","floor":30}],"player_experience":91766,"relics_obtained":[{"floor":6,"key":"Mummified Hand"},{"floor":8,"key":"Ninja Scroll"},{"floor":9,"key":"Mercury Hourglass"},{"floor":12,"key":"Gremlin Horn"},{"floor":21,"key":"Unceasing Top"},{"floor":21,"key":"Bottled Tornado"},{"floor":23,"key":"Du-Vu Doll"},{"floor":26,"key":"Lantern"},{"floor":26,"key":"Singing Bowl"}],"event_choices":[{"damage_healed":0,"gold_gain":0,"cards_transformed":["Strike_G"],"player_choice":"Transformed","damage_taken":0,"max_hp_gain":0,"max_hp_loss":0,"event_name":"Transmorgrifier","floor":5,"gold_loss":0,"cards_obtained":["Venomology"]},{"damage_healed":0,"gold_gain":0,"player_choice":"Gave Potion","damage_taken":0,"relics_obtained":["Matryoshka"],"max_hp_gain":0,"max_hp_loss":0,"event_name":"WeMeetAgain","floor":14,"gold_loss":0},{"damage_healed":0,"gold_gain":0,"player_choice":"Fight","damage_taken":0,"max_hp_gain":0,"max_hp_loss":0,"event_name":"Colosseum","floor":21,"gold_loss":0},{"damage_healed":0,"gold_gain":0,"player_choice":"Fought Nobs","damage_taken":0,"max_hp_gain":0,"max_hp_loss":0,"event_name":"Colosseum","floor":21,"gold_loss":0}],"is_beta":false,"boss_relics":[{"not_picked":["WristBlade","HoveringKite"],"picked":"Pandora\u0027s Box"}],"items_purged_floors":[13],"is_endless":false,"potions_floor_spawned":[3,6,12,21,23,25,27,30],"killed_by":"Snake Plant","ascension_level":1}