{"gold_per_floor":[111,111,36,49,62,62,93,113,162,187,206,133,146,163,163,266,266,283,303,131,150,166,166,179,54,54,54,69,104,104,138,150,260,272,294,361,373,385,417,460,472,516,528,553,581,593,605,628,640,652],"floor_reached":50,"playtime":2957,"items_purged":["Strike_R","Strike_R","Defend_R"],"score":581,"play_id":"ce476462-f866-4ad1-bf78-1c394bdb4a12","local_time":"20190205184505","is_ascension_mode":false,"campfire_choices":[{"data":"Armaments","floor":6,"key":"SMITH"},{"data":"Bludgeon","floor":15,"key":"SMITH"},{"data":"Immolate","floor":23,"key":"SMITH"},{"data":"Shockwave","floor":27,"key":"SMITH"},{"data":"Dual Wield","floor":30,"key":"SMITH"},{"data":"Battle Trance","floor":32,"key":"SMITH"},{"data":"Defend_R","floor":41,"key":"PURGE"},{"data":"Strike_R","floor":47,"key":"PURGE"},{"floor":49,"key":"RECALL"}],"neow_cost":"NONE","seed_source_timestamp":721718491393792,"circlet_count":0,"master_deck":["Strike_R","Defend_R+1","Defend_R+1","Bash","Iron Wave","Bludgeon+1","Armaments+1","Cleave","True Grit","Clash","Metallicize","Rage","Flex","Immolate+1","Shockwave+1","Battle Trance+1","Shockwave","Corruption","Dual Wield+1","Impervious","Reaper","Madness","Madness","Second Wind","Inflame","Corruption"],"relics":["Burning Blood","NeowsBlessing","Meat on the Bone","War Paint","Bronze Scales","Self Forming Clay","Snecko Eye","Darkstone Periapt","Strawberry","MawBank","Busted Crown","Peace Pipe","Ornamental Fan","Ancient Tea Set"],"potions_floor_usage":[31,35],"damage_taken":[{"damage":0,"enemies":"Small Slimes","floor":1,"turns":1},{"damage":0,"enemies":"Jaw Worm","floor":4,"turns":1},{"damage":0,"enemies":"Cultist","floor":5,"turns":1},{"damage":18,"enemies":"Gremlin Nob","floor":7,"turns":4},{"damage":0,"enemies":"Large Slime","floor":8,"turns":3},{"damage":7,"enemies":"3 Sentries","floor":10,"turns":7},{"damage":0,"enemies":"Looter","floor":11,"turns":3},{"damage":0,"enemies":"3 Louse","floor":13,"turns":2},{"damage":0,"enemies":"Red Slaver","floor":14,"turns":3},{"damage":35,"enemies":"Hexaghost","floor":16,"turns":13},{"damage":10,"enemies":"Chosen","floor":18,"turns":2},{"damage":0,"enemies":"Spheric Guardian","floor":19,"turns":3},{"damage":5,"enemies":"Chosen and Byrds","floor":21,"turns":4},{"damage":15,"enemies":"Snake Plant","floor":22,"turns":3},{"damage":0,"enemies":"Snecko","floor":24,"turns":3},{"damage":0,"enemies":"Chosen and Byrds","floor":28,"turns":2},{"damage":23,"enemies":"Gremlin Leader","floor":29,"turns":4},{"damage":6,"enemies":"Book of Stabbing","floor":31,"turns":4},{"damage":37,"enemies":"Automaton","floor":33,"turns":7},{"damage":0,"enemies":"3 Shapes","floor":35,"turns":5},{"damage":0,"enemies":"2 Orb Walkers","floor":36,"turns":2},{"damage":4,"enemies":"Orb Walker","floor":39,"turns":2},{"damage":48,"enemies":"Reptomancer","floor":40,"turns":5},{"damage":25,"enemies":"Nemesis","floor":42,"turns":7},{"damage":23,"enemies":"Transient","floor":44,"turns":5},{"damage":3,"enemies":"Spire Growth","floor":45,"turns":3},{"damage":0,"enemies":"3 Darklings","floor":48,"turns":1},{"damage":110,"enemies":"Awakened One","floor":50,"turns":12}],"seed_played":"1078543685618928104","potions_obtained":[{"floor":4,"key":"Ancient Potion"},{"floor":8,"key":"SpeedPotion"},{"floor":14,"key":"LiquidBronze"},{"floor":24,"key":"EssenceOfSteel"},{"floor":29,"key":"Fruit Juice"},{"floor":33,"key":"Explosive Potion"},{"floor":36,"key":"Ancient Potion"},{"floor":45,"key":"Block Potion"}],"is_trial":false,"path_per_floor":["M","?","$","M","M","R","E","M","T","E","M","$","M","M","R","B",null,"M","M","$","M","M","R","M","$","T","R","M","E","R","E","R","B",null,"M","?","?","?","M","E","R","E","T","M","M","?","R","M","R","B"],"character_chosen":"IRONCLAD","items_purchased":["Metallicize","Battle Trance"],"campfire_rested":0,"item_purchase_floors":[12,20],"current_hp_per_floor":[80,47,47,53,59,59,47,53,53,52,58,58,64,70,70,53,80,76,80,80,80,71,71,77,77,77,77,80,70,70,75,75,56,92,92,92,80,80,88,78,78,68,68,61,73,73,73,92,92,0],"gold":652,"neow_bonus":"THREE_ENEMY_KILL","is_prod":false,"is_daily":false,"chose_seed":false,"campfire_upgraded":6,"win_rate":0,"timestamp":1549359905,"path_taken":["M","?","?","?","M","R","E","M","T","E","M","$","M","M","R","BOSS","M","M","$","M","M","R","M","$","T","R","M","E","R","E","R","BOSS","M","?","?","?","M","E","R","E","T","M","?","?","R","M","R","BOSS"],"build_version":"2019-01-23","purchased_purges":3,"victory":false,"max_hp_per_floor":[80,80,80,80,80,80,80,80,80,80,80,80,80,80,80,80,80,80,80,80,80,80,80,80,80,80,80,80,87,87,92,92,92,92,92,92,92,92,92,92,92,92,92,92,92,92,92,92,92,92],"card_choices":[{"not_picked":["Perfected Strike","Pommel Strike"],"picked":"Iron Wave","floor":1},{"not_picked":["Headbutt","Clash"],"picked":"Bludgeon","floor":4},{"not_picked":["Iron Wave","Sword Boomerang"],"picked":"Armaments","floor":5},{"not_picked":["Pommel Strike","Perfected Strike","Combust"],"picked":"SKIP","floor":7},{"not_picked":["Anger","Clothesline"],"picked":"Cleave","floor":8},{"not_picked":["Perfected Strike","Feel No Pain"],"picked":"True Grit","floor":10},{"not_picked":["Pummel","Warcry"],"picked":"Clash","floor":11},{"not_picked":["Exhume","Twin Strike"],"picked":"Rage","floor":13},{"not_picked":["Pommel Strike","Armaments"],"picked":"Flex","floor":14},{"not_picked":["Impervious","Bludgeon"],"picked":"Immolate","floor":16},{"not_picked":["Warcry+1","Wild Strike+1","Seeing Red"],"picked":"SKIP","floor":18},{"not_picked":["Warcry","Headbutt+1"],"picked":"Shockwave","floor":19},{"not_picked":["Rupture","Rage"],"picked":"Shockwave","floor":21},{"not_picked":["Clash","Twin Strike","Shrug It Off"],"picked":"SKIP","floor":22},{"not_picked":["Clash","Twin Strike","Shrug It Off"],"picked":"SKIP","floor":22},{"not_picked":["Heavy Blade","Dual Wield"],"picked":"Corruption","floor":24},{"not_picked":["Burning Pact","Warcry","Rage"],"picked":"SKIP","floor":28},{"not_picked":["Clash","Sword Boomerang+1"],"picked":"Dual Wield","floor":29},{"not_picked":["Cleave","Spot Weakness+1"],"picked":"Impervious","floor":31},{"not_picked":["Exhume","Immolate"],"picked":"Reaper","floor":33},{"not_picked":["Anger+1"],"picked":"SKIP","floor":35},{"not_picked":["Second Wind"],"picked":"SKIP","floor":39},{"not_picked":[],"picked":"Inflame","floor":40},{"not_picked":["Limit Break"],"picked":"SKIP","floor":42},{"not_picked":["Thunderclap"],"picked":"SKIP","floor":44},{"not_picked":[],"picked":"Corruption","floor":45},{"not_picked":["Reckless Charge+1"],"picked":"SKIP","floor":48}],"player_experience":153373,"relics_obtained":[{"floor":7,"key":"War Paint"},{"floor":9,"key":"Bronze Scales"},{"floor":10,"key":"Self Forming Clay"},{"floor":26,"key":"Darkstone Periapt"},{"floor":29,"key":"Strawberry"},{"floor":31,"key":"MawBank"},{"floor":36,"key":"Peace Pipe"},{"floor":40,"key":"Ornamental Fan"},{"floor":42,"key":"Ancient Tea Set"}],"event_choices":[{"damage_healed":0,"gold_gain":0,"player_choice":"Success","damage_taken":33,"relics_obtained":["Meat on the Bone"],"max_hp_gain":0,"max_hp_loss":0,"event_name":"Scrap Ooze","floor":2,"gold_loss":0},{"damage_healed":0,"gold_gain":0,"player_choice":"Fight","damage_taken":0,"max_hp_gain":0,"max_hp_loss":0,"event_name":"Mysterious Sphere","floor":36,"gold_loss":0},{"damage_healed":0,"gold_gain":0,"player_choice":"Embrace Madness","damage_taken":12,"max_hp_gain":0,"max_hp_loss":0,"event_name":"Winding Halls","floor":37,"gold_loss":0,"cards_obtained":["Madness","Madness"]},{"damage_healed":0,"gold_gain":0,"cards_transformed":["Strike_R"],"player_choice":"Transformed","damage_taken":0,"max_hp_gain":0,"max_hp_loss":0,"event_name":"Transmorgrifier","floor":38,"gold_loss":0,"cards_obtained":["Second Wind"]},{"damage_healed":0,"gold_gain":0,"player_choice":"Memory 1","damage_taken":0,"max_hp_gain":0,"max_hp_loss":0,"event_name":"SensoryStone","floor":46,"gold_loss":0}],"is_beta":false,"boss_relics":[{"not_picked":["Eternal Feather","Runic Cube"],"picked":"Snecko Eye"},{"not_picked":["Astrolabe","Mark of Pain"],"picked":"Busted Crown"}],"items_purged_floors":[3,20,25],"is_endless":false,"potions_floor_spawned":[4,8,14,24,29,33,36,42,45],"killed_by":"Awakened One","ascension_level":0}