{"path_per_floor":["M","?","?","?","M","R","E","R","T","M","M","M","R","$","R","B",null,"M","?","T","M","$","E","R","E","T","M","M"],"character_chosen":"DEFECT","items_purchased":["Lantern","Loop","Panacea","Ball Lightning"],"gold_per_floor":[116,116,291,321,333,333,361,361,361,377,395,407,407,4,4,101,101,116,116,139,155,1,31,31,66,89,89,106,106],"floor_reached":29,"campfire_rested":2,"playtime":1780,"item_purchase_floors":[14,14,14,22],"current_hp_per_floor":[74,74,74,71,63,63,36,58,58,58,55,36,58,58,58,29,75,63,63,63,64,64,50,50,19,19,16,4,0],"items_purged":["Regret","Doubt"],"gold":106,"score":289,"play_id":"ac93d0c8-d629-48a5-9c62-20aa1e9fe592","local_time":"20180530222147","is_prod":false,"is_daily":false,"chose_seed":false,"is_ascension_mode":true,"campfire_upgraded":3,"win_rate":0,"timestamp":1527736907,"campfire_choices":[{"data":"Darkness","floor":6,"key":"SMITH"},{"floor":8,"key":"REST"},{"floor":13,"key":"REST"},{"data":"Dualcast","floor":15,"key":"SMITH"},{"data":"Zap","floor":24,"key":"SMITH"}],"path_taken":["M","?","?","?","M","R","E","R","T","M","M","?","R","$","R","BOSS","M","?","?","M","$","E","R","E","T","M","M","M"],"build_version":"2018-05-30","seed_source_timestamp":1224241667555453,"purchased_purges":2,"victory":false,"master_deck":["Strike_B","Strike_B","Strike_B","Strike_B","Defend_B","Defend_B","Defend_B","Defend_B","Zap+1","Dualcast+1","Rebound","Darkness+1","BootSequence","Loop","Leap","Glacier","Loop","Panacea","Electrodynamics","Loop","Capacitor","Ball Lightning","Amplify+1","Redo+1","Go for the Eyes"],"max_hp_per_floor":[75,75,75,75,75,75,75,75,75,75,75,75,75,75,75,75,75,75,75,75,75,75,75,75,75,75,75,75,75],"relics":["Cracked Core","Bronze Scales","Tiny Chest","Bird Faced Urn","Cables","Lantern","White Beast Statue","Vajra","Toxic Egg 2","Bag of Marbles","Blood Vial"],"card_choices":[{"not_picked":["Barrage","Cold Snap"],"picked":"Rebound","floor":1},{"not_picked":["Force Field","Cold Snap"],"picked":"Darkness","floor":5},{"not_picked":["Undo","All For One"],"picked":"BootSequence","floor":7},{"not_picked":["Redo","Double Energy"],"picked":"Loop","floor":10},{"not_picked":["Stack","Coolheaded"],"picked":"Leap","floor":11},{"not_picked":["Fusion","Conserve Battery"],"picked":"Glacier","floor":12},{"not_picked":["All For One","Amplify"],"picked":"Electrodynamics","floor":16},{"not_picked":["Rebound","Sweeping Beam"],"picked":"Loop","floor":18},{"not_picked":["Beam Cell","Static Discharge+1"],"picked":"Capacitor","floor":21},{"not_picked":["Scrape","Multi-Cast"],"picked":"Amplify","floor":23},{"not_picked":["Beam Cell+1","Stack+1"],"picked":"Redo+1","floor":25},{"not_picked":["Tempest+1","Turbo+1"],"picked":"Go for the Eyes","floor":28}],"player_experience":173066,"potions_floor_usage":[7,11,12,16,16,16,16,16,21,23,25,25,25,27,29],"damage_taken":[{"damage":1,"enemies":"Jaw Worm","floor":1,"turns":4},{"damage":8,"enemies":"Small Slimes","floor":5,"turns":3},{"damage":42,"enemies":"3 Sentries","floor":7,"turns":7},{"damage":0,"enemies":"2 Louse","floor":10,"turns":2},{"damage":5,"enemies":"Large Slime","floor":11,"turns":4},{"damage":19,"enemies":"Exordium Thugs","floor":12,"turns":4},{"damage":35,"enemies":"Slime Boss","floor":16,"turns":4},{"damage":14,"enemies":"Shell Parasite","floor":18,"turns":4},{"damage":3,"enemies":"2 Thieves","floor":21,"turns":3},{"damage":24,"enemies":"Gremlin Leader","floor":23,"turns":7},{"damage":39,"enemies":"Slavers","floor":25,"turns":4},{"damage":9,"enemies":"3 Cultists","floor":27,"turns":3},{"damage":20,"enemies":"Snecko","floor":28,"turns":5},{"damage":16,"enemies":"Centurion and Healer","floor":29,"turns":3}],"relics_obtained":[{"floor":7,"key":"Bird Faced Urn"},{"floor":9,"key":"Cables"},{"floor":20,"key":"Vajra"},{"floor":23,"key":"Toxic Egg 2"},{"floor":25,"key":"Bag of Marbles"},{"floor":26,"key":"Blood Vial"}],"event_choices":[{"event_name":"Big Fish","player_choice":"Box","floor":2,"damage_taken":0},{"event_name":"Liars Game","player_choice":"agreed","floor":3,"damage_taken":0},{"event_name":"Scrap Ooze","player_choice":"success","floor":4,"damage_taken":3},{"event_name":"The Lab","player_choice":"Got Potions","floor":19,"damage_taken":0}],"boss_relics":[{"not_picked":["Lizard Tail","Calling Bell"],"picked":"White Beast Statue"}],"items_purged_floors":[14,22],"potions_floor_spawned":[5,10,11,16,18,21,23,25,27,28],"seed_played":"-8455026354131778652","killed_by":"Centurion and Healer","ascension_level":2,"potions_obtained":[{"floor":10,"key":"FocusPotion"},{"floor":11,"key":"EssenceOfSteel"},{"floor":16,"key":"SkillPotion"},{"floor":18,"key":"LiquidBronze"},{"floor":19,"key":"Strength Potion"},{"floor":19,"key":"Fire Potion"},{"floor":21,"key":"Fire Potion"},{"floor":23,"key":"SpeedPotion"},{"floor":25,"key":"SmokeBomb"},{"floor":28,"key":"Fire Potion"}],"is_trial":false}