{"gold_per_floor":[114,114,189,7,21,21,45,45,45,84,84,259,259,282,282,412,412,431,431,449,15,15,15],"floor_reached":23,"playtime":838,"items_purged":["Writhe"],"score":187,"play_id":"6175292e-2f68-4a12-9175-d3447a435561","local_time":"20181128143052","is_ascension_mode":false,"campfire_choices":[{"data":"Genetic Algorithm","floor":6,"key":"SMITH"},{"data":"Transmutation","floor":8,"key":"SMITH"},{"data":"Zap","floor":11,"key":"SMITH"},{"data":"Conserve Battery","floor":13,"key":"SMITH"},{"data":"Lockon","floor":15,"key":"SMITH"}],"neow_cost":"NONE","seed_source_timestamp":0,"circlet_count":0,"master_deck":["Strike_B","Strike_B","Strike_B","Strike_B","Defend_B","Defend_B","Defend_B","Defend_B","Zap+1","Dualcast","Core Surge","Conserve Battery","Transmutation+1","Genetic Algorithm+1","Conserve Battery+1","Doubt","Lockon+1","Creative AI","Chaos+1","Steam Power","Defragment","Force Field","Ball Lightning"],"special_seed":0,"relics":["Cracked Core","Golden Idol","Question Card","Bag of Marbles","Busted Crown","Bronze Scales","Cables"],"potions_floor_usage":[10,10,16],"damage_taken":[{"damage":1,"enemies":"2 Louse","floor":1,"turns":3},{"damage":0,"enemies":"Small Slimes","floor":5,"turns":4},{"damage":1,"enemies":"Jaw Worm","floor":7,"turns":3},{"damage":20,"enemies":"Lagavulin","floor":10,"turns":8},{"damage":12,"enemies":"3 Louse","floor":14,"turns":4},{"damage":7,"enemies":"Slime Boss","floor":16,"turns":10},{"damage":29,"enemies":"2 Thieves","floor":18,"turns":4},{"damage":15,"enemies":"Shell Parasite","floor":20,"turns":5},{"damage":35,"enemies":"Slavers","floor":23,"turns":3}],"seed_played":"6612877255636009328","potions_obtained":[{"floor":5,"key":"EssenceOfSteel"},{"floor":7,"key":"LiquidBronze"},{"floor":14,"key":"Poison Potion"}],"is_trial":false,"path_per_floor":["M","?","?","$","M","R","M","R","T","E","R","?","R","M","R","B",null,"M","?","M","$","?","E"],"character_chosen":"DEFECT","items_purchased":["Transmutation","Cables","Defragment","Force Field"],"campfire_rested":0,"item_purchase_floors":[4,21,21,21],"current_hp_per_floor":[74,56,56,56,56,56,55,55,55,35,35,35,35,23,23,16,75,46,46,31,31,31,0],"gold":15,"neow_bonus":"ONE_RANDOM_RARE_CARD","is_prod":false,"is_daily":false,"chose_seed":false,"campfire_upgraded":5,"win_rate":0,"timestamp":1543437052,"path_taken":["M","?","?","$","M","R","M","R","T","E","R","?","R","M","R","BOSS","M","?","M","$","?","E"],"build_version":"2018-11-15","purchased_purges":1,"victory":false,"max_hp_per_floor":[75,75,75,75,75,75,75,75,75,75,75,75,75,75,75,75,75,75,75,75,75,75,75],"card_choices":[{"not_picked":["Turbo","Rebound"],"picked":"Conserve Battery","floor":1},{"not_picked":["Blizzard","Streamline"],"picked":"Genetic Algorithm","floor":5},{"not_picked":["Barrage","Hologram","Gash"],"picked":"SKIP","floor":7},{"not_picked":["Thunder Strike","Cold Snap","Reinforced Body"],"picked":"Conserve Battery","floor":10},{"not_picked":["Heatsinks","Stack","Gash"],"picked":"Lockon","floor":14},{"not_picked":["Electrodynamics","Meteor Strike","Fission"],"picked":"Creative AI","floor":16},{"not_picked":["Beam Cell"],"picked":"Chaos+1","floor":18},{"not_picked":["Static Discharge"],"picked":"Steam Power","floor":20}],"player_experience":265160,"relics_obtained":[{"floor":9,"key":"Question Card"},{"floor":10,"key":"Bag of Marbles"}],"event_choices":[{"damage_healed":0,"gold_gain":0,"player_choice":"Take Damage","damage_taken":18,"relics_obtained":["Golden Idol"],"max_hp_gain":0,"max_hp_loss":0,"event_name":"Golden Idol","floor":2,"gold_loss":0},{"damage_healed":0,"gold_gain":75,"player_choice":"Gained Gold","damage_taken":0,"max_hp_gain":0,"max_hp_loss":0,"event_name":"Golden Wing","floor":3,"gold_loss":0},{"damage_healed":0,"gold_gain":175,"player_choice":"AGREE","damage_taken":0,"max_hp_gain":0,"max_hp_loss":0,"event_name":"Liars Game","floor":12,"gold_loss":0,"cards_obtained":["Doubt"]},{"damage_healed":0,"gold_gain":0,"player_choice":"Opened","damage_taken":0,"relics_obtained":["Bronze Scales"],"max_hp_gain":0,"max_hp_loss":0,"event_name":"The Mausoleum","floor":19,"gold_loss":0,"cards_obtained":["Writhe"]},{"damage_healed":0,"gold_gain":0,"player_choice":"Read","damage_taken":0,"max_hp_gain":0,"max_hp_loss":0,"event_name":"The Library","floor":22,"gold_loss":0,"cards_obtained":["Ball Lightning"]}],"is_beta":true,"boss_relics":[{"not_picked":["Cursed Key","Orrery"],"picked":"Busted Crown"}],"items_purged_floors":[21],"is_endless":false,"potions_floor_spawned":[5,7,14],"killed_by":"Slavers","ascension_level":0}