{"gold_per_floor":[119,136,136,147,161,161,171,17,17,17,17,17,29,29,29,29],"floor_reached":16,"playtime":403,"items_purged":["Strike_B"],"score":92,"play_id":"e9411af0-9a5e-44b0-ad6f-41fb253e4ad0","local_time":"20181129112509","is_ascension_mode":false,"campfire_choices":[{"data":"Strike_B","floor":6,"key":"PURGE"},{"data":"Strike_B","floor":10,"key":"PURGE"},{"data":"Defend_B","floor":12,"key":"PURGE"},{"data":"Streamline","floor":15,"key":"SMITH"}],"neow_cost":"TEN_PERCENT_HP_LOSS","seed_source_timestamp":1166838570137753,"circlet_count":0,"master_deck":["Strike_B","Defend_B","Defend_B","Defend_B","Zap","Dualcast","Streamline+1","Gash","Storm","Capacitor","Tempest"],"relics":["Cracked Core","Peace Pipe","Omamori","Singing Bowl"],"potions_floor_usage":[7,7,16],"damage_taken":[{"damage":4,"enemies":"Cultist","floor":1,"turns":4},{"damage":1,"enemies":"2 Louse","floor":2,"turns":2},{"damage":7,"enemies":"Jaw Worm","floor":4,"turns":3},{"damage":4,"enemies":"Blue Slaver","floor":5,"turns":3},{"damage":5,"enemies":"3 Louse","floor":7,"turns":2},{"damage":10,"enemies":"Looter","floor":13,"turns":3},{"damage":52,"enemies":"The Guardian","floor":16,"turns":8}],"seed_played":"4204618926570668604","potions_obtained":[{"floor":2,"key":"Poison Potion"},{"floor":5,"key":"SkillPotion"},{"floor":13,"key":"LiquidBronze"}],"is_trial":false,"path_per_floor":["M","M","?","M","M","R","M","$","T","R","$","R","M","?","R","B"],"character_chosen":"DEFECT","items_purchased":["Capacitor"],"campfire_rested":0,"item_purchase_floors":[8],"current_hp_per_floor":[64,63,56,49,45,45,40,40,40,40,40,40,30,52,52,0],"gold":29,"neow_bonus":"ONE_RARE_RELIC","is_prod":false,"is_daily":false,"chose_seed":false,"campfire_upgraded":1,"win_rate":0,"timestamp":1543512309,"path_taken":["M","?","?","M","M","R","M","$","T","R","$","R","M","?","R","BOSS"],"build_version":"2018-11-15","purchased_purges":1,"victory":false,"max_hp_per_floor":[68,68,68,68,68,68,68,68,68,68,68,68,68,68,68,68],"card_choices":[{"not_picked":["Coolheaded","Reinforced Body"],"picked":"Streamline","floor":1},{"not_picked":["Darkness","Coolheaded","Barrage"],"picked":"SKIP","floor":2},{"not_picked":["Barrage","Chill"],"picked":"Gash","floor":4},{"not_picked":["Redo","Stack","Coolheaded"],"picked":"SKIP","floor":5},{"not_picked":["Auto Shields","Cold Snap"],"picked":"Storm","floor":7},{"not_picked":["Compile Driver","Coolheaded"],"picked":"Tempest","floor":13}],"player_experience":285384,"relics_obtained":[{"floor":9,"key":"Singing Bowl"}],"event_choices":[{"damage_healed":0,"gold_gain":0,"player_choice":"Success","damage_taken":7,"relics_obtained":["Omamori"],"max_hp_gain":0,"max_hp_loss":0,"event_name":"Scrap Ooze","floor":3,"gold_loss":0},{"damage_healed":22,"gold_gain":0,"player_choice":"Banana","damage_taken":0,"max_hp_gain":0,"max_hp_loss":0,"event_name":"Big Fish","floor":14,"gold_loss":0}],"is_beta":true,"boss_relics":[],"items_purged_floors":[8],"is_endless":false,"potions_floor_spawned":[2,5,13],"killed_by":"The Guardian","ascension_level":0}