{"gold_per_floor":[112,130,140,140,11,11,22,49,349,318,318,318,346,140,140,236,236,252,272,272,272,11,11,38,38,38,48,48,11,11,11,11,115,115,125,137,151,198,198,198,217,18,18,29,44,77,6,32,32,32],"floor_reached":51,"playtime":2784,"items_purged":["Strike_G","Strike_G","Prepared"],"score":962,"play_id":"73f85365-2d8d-4aca-ae62-da6e7d1a9f1d","local_time":"20190322142513","is_ascension_mode":true,"campfire_choices":[{"data":"After Image","floor":6.0,"key":"SMITH"},{"floor":12.0,"key":"REST"},{"data":"Cloak And Dagger","floor":15.0,"key":"SMITH"},{"data":"Accuracy","floor":23.0,"key":"SMITH"},{"data":"Storm of Steel","floor":28.0,"key":"SMITH"},{"floor":30.0,"key":"REST"},{"data":"Blade Dance","floor":32.0,"key":"SMITH"},{"floor":40,"key":"RECALL"},{"data":"Accuracy","floor":49,"key":"SMITH"}],"neow_cost":"NONE","seed_source_timestamp":0,"circlet_count":0,"master_deck":["Survivor","Neutralize","All Out Attack","Slice","After Image+1","Cloak And Dagger+1","Poisoned Stab","Blade Dance+1","Finisher","Accuracy+1","Leg Sweep","Storm of Steel+1","Sucker Punch+1","Escape Plan","Blur","Masterful Stab","Flying Knee","Accuracy+1","Deadly Poison","Well Laid Plans","Burst","Deflect","Backflip+1","Footwork"],"special_seed":0,"relics":["Ring of the Snake","NeowsBlessing","Mummified Hand","StoneCalendar","Old Coin","Pen Nib","Busted Crown","Kunai","Ninja Scroll","Darkstone Periapt","Pandora\u0027s Box","FossilizedHelix","Bag of Marbles","Bottled Lightning","Blood Vial"],"potions_floor_usage":[46,50,50,50],"damage_taken":[{"damage":0.0,"enemies":"Cultist","floor":1.0,"turns":1.0},{"damage":0.0,"enemies":"Small Slimes","floor":2.0,"turns":1.0},{"damage":0.0,"enemies":"Jaw Worm","floor":3.0,"turns":1.0},{"damage":0.0,"enemies":"2 Fungi Beasts","floor":7.0,"turns":4.0},{"damage":28.0,"enemies":"Gremlin Nob","floor":8.0,"turns":5.0},{"damage":15.0,"enemies":"Lagavulin","floor":13.0,"turns":7.0},{"damage":5.0,"enemies":"Slime Boss","floor":16.0,"turns":9.0},{"damage":15.0,"enemies":"Spheric Guardian","floor":18.0,"turns":4.0},{"damage":3.0,"enemies":"Shell Parasite","floor":19.0,"turns":4.0},{"damage":22.0,"enemies":"Gremlin Leader","floor":24.0,"turns":7.0},{"damage":8.0,"enemies":"Snake Plant","floor":27.0,"turns":3.0},{"damage":0.0,"enemies":"Automaton","floor":33.0,"turns":9.0},{"damage":0.0,"enemies":"Orb Walker","floor":35.0,"turns":3.0},{"damage":0.0,"enemies":"3 Darklings","floor":36.0,"turns":4.0},{"damage":1.0,"enemies":"Sphere and 2 Shapes","floor":37.0,"turns":3.0},{"damage":2.0,"enemies":"2 Orb Walkers","floor":38.0,"turns":4.0},{"damage":0,"enemies":"Jaw Worm Horde","floor":41,"turns":2},{"damage":0,"enemies":"Maw","floor":44,"turns":6},{"damage":0,"enemies":"3 Darklings","floor":45,"turns":2},{"damage":0,"enemies":"Giant Head","floor":46,"turns":5},{"damage":10,"enemies":"Nemesis","floor":48,"turns":5},{"damage":17,"enemies":"Time Eater","floor":50,"turns":10}],"seed_played":"3385909238327467956","potions_obtained":[{"floor":1.0,"key":"GamblersBrew"},{"floor":8.0,"key":"Strength Potion"},{"floor":16.0,"key":"Poison Potion"},{"floor":18.0,"key":"Fire Potion"},{"floor":27.0,"key":"Energy Potion"},{"floor":35.0,"key":"EssenceOfSteel"},{"floor":38.0,"key":"Regen Potion"},{"floor":44,"key":"Fire Potion"},{"floor":46,"key":"Energy Potion"}],"is_trial":false,"path_per_floor":["M","M","M","?","$","R","M","E","T","?","?","R","E","$","R","B",null,"M","M","?","$","$","R","E","?","T","M","R","$","R","$","R","B",null,"M","M","M","?","?","R","M","$","T","M","M","E","$","E","R","B",null],"character_chosen":"THE_SILENT","items_purchased":["Cloak And Dagger","Accuracy","Leg Sweep","Kunai","Blur","Footwork","GhostInAJar"],"campfire_rested":2,"item_purchase_floors":[5,14,14,22,29,42,47],"current_hp_per_floor":[70,70,70,58,58,58,58,30,30,30,30,51,36,36,36,31,70,55,52,52,52,52,52,30,30,30,22,22,22,43,43,43,43,70,70,70,69,67,66,66,66,66,66,66,66,66,66,56,56,50],"gold":32,"neow_bonus":"THREE_ENEMY_KILL","is_prod":false,"is_daily":false,"chose_seed":false,"campfire_upgraded":6,"win_rate":0,"timestamp":1553261113,"path_taken":["M","M","M","?","$","R","M","E","T","?","?","R","E","?","R","BOSS","M","M","?","?","$","R","E","?","T","?","R","$","R","?","R","BOSS","M","M","M","?","?","R","M","$","T","M","M","E","?","E","R","BOSS"],"build_version":"2019-03-15","purchased_purges":3,"victory":true,"max_hp_per_floor":[70,70,70,70,70,70,70,70,70,70,70,70,70,70,70,70,70,70,70,70,70,70,70,70,70,70,70,70,70,70,70,70,70,70,70,70,70,70,66,66,66,66,66,66,66,66,66,66,66,66],"card_choices":[{"not_picked":["Acrobatics","Calculated Gamble"],"picked":"All Out Attack","floor":1.0},{"not_picked":["Dodge and Roll","Blade Dance"],"picked":"Slice","floor":2.0},{"not_picked":["Dagger Spray","Deadly Poison"],"picked":"After Image","floor":3.0},{"not_picked":["Deflect","Bane"],"picked":"Poisoned Stab","floor":7.0},{"not_picked":["Dodge and Roll","Prepared"],"picked":"Blade Dance","floor":8.0},{"not_picked":["Heel Hook","Choke"],"picked":"Finisher","floor":13.0},{"not_picked":["Die Die Die","Unload"],"picked":"Storm of Steel","floor":16.0},{"not_picked":["Quick Slash+1"],"picked":"SKIP","floor":18.0},{"not_picked":[],"picked":"Sucker Punch+1","floor":19.0},{"not_picked":["Distraction"],"picked":"SKIP","floor":24.0},{"not_picked":[],"picked":"Escape Plan","floor":27.0},{"not_picked":[],"picked":"Backflip+1","floor":35.0},{"not_picked":["Quick Slash"],"picked":"SKIP","floor":36.0},{"not_picked":["Calculated Gamble"],"picked":"SKIP","floor":37.0},{"not_picked":["Prepared"],"picked":"SKIP","floor":41},{"not_picked":["Deadly Poison"],"picked":"SKIP","floor":44},{"not_picked":["Slice"],"picked":"SKIP","floor":45},{"not_picked":["Prepared"],"picked":"SKIP","floor":46},{"not_picked":["Bullet Time"],"picked":"SKIP","floor":48}],"player_experience":322998,"relics_obtained":[{"floor":8.0,"key":"StoneCalendar"},{"floor":9.0,"key":"Old Coin"},{"floor":13.0,"key":"Pen Nib"},{"floor":24.0,"key":"Ninja Scroll"},{"floor":26.0,"key":"Darkstone Periapt"},{"floor":38.0,"key":"FossilizedHelix"},{"floor":43,"key":"Bag of Marbles"},{"floor":46,"key":"Bottled Lightning"},{"floor":48,"key":"Blood Vial"}],"event_choices":[{"damage_healed":0.0,"max_hp_gain":0.0,"max_hp_loss":0.0,"gold_gain":0.0,"event_name":"Scrap Ooze","player_choice":"Success","floor":4.0,"gold_loss":0.0,"damage_taken":12.0,"relics_obtained":["Mummified Hand"]},{"damage_healed":0.0,"max_hp_gain":0.0,"max_hp_loss":0.0,"gold_gain":0.0,"event_name":"World of Goop","player_choice":"Left Gold","floor":10.0,"gold_loss":31.0,"damage_taken":0.0},{"damage_healed":0.0,"max_hp_gain":0.0,"max_hp_loss":0.0,"gold_gain":0.0,"event_name":"Shining Light","player_choice":"Ignored","floor":11.0,"gold_loss":0.0,"damage_taken":0.0},{"damage_healed":0.0,"max_hp_gain":0.0,"max_hp_loss":0.0,"gold_gain":0.0,"event_name":"The Woman in Blue","player_choice":"Bought 0 Potions","floor":20.0,"gold_loss":0.0,"damage_taken":0.0},{"damage_healed":0.0,"max_hp_gain":0.0,"max_hp_loss":0.0,"gold_gain":0.0,"cards_transformed":["Strike_G"],"event_name":"Transmorgrifier","player_choice":"Transformed","floor":25.0,"gold_loss":0.0,"damage_taken":0.0,"cards_obtained":["Prepared"]},{"damage_healed":0.0,"max_hp_gain":0.0,"max_hp_loss":0.0,"gold_gain":0.0,"event_name":"Mysterious Sphere","player_choice":"Fight","floor":38.0,"gold_loss":0.0,"damage_taken":0.0},{"damage_healed":0.0,"max_hp_gain":0.0,"max_hp_loss":4.0,"gold_gain":0.0,"event_name":"Winding Halls","player_choice":"Max HP","floor":39.0,"gold_loss":0.0,"damage_taken":0.0}],"is_beta":true,"boss_relics":[{"not_picked":["Empty Cage","HoveringKite"],"picked":"Busted Crown"},{"not_picked":["Coffee Dripper","Tiny House"],"picked":"Pandora\u0027s Box"}],"items_purged_floors":[5,14,42],"is_endless":false,"potions_floor_spawned":[1,8,16,18,27,35,38,44,45,46],"ascension_level":4}