{"path_per_floor":["M","M","M","?","?","R","M","?","T","M","$","E","M","M","R","B",null,"M","M","$","M","M","?","$","E","T","M","M","$","?","M","R","B",null,"M","?","M","$","?","E","$","E","T","R","?","$","M","M","R","B"],"character_chosen":"THE_SILENT","items_purchased":["Kunai","Toolbox","War Paint","Quick Slash","Backstab","Oddly Smooth Stone","Toy Ornithopter","Membership Card","Swift Strike","Thinking Ahead","Poison Potion","Energy Potion","Art of War","Snake Skull","Frozen Egg 2","Poisoned Stab","Secret Technique","Infinite Blades","Whetstone","Well Laid Plans","Dream Catcher","Omamori","Weak Potion","Frozen Eye","Vajra","Cauldron","Backstab","Swift Strike","Singing Bowl","Mercury Hourglass","Centennial Puzzle","Energy Potion","Bag of Preparation","Juzu Bracelet","Tough Bandages","Master of Strategy","Good Instincts"],"gold_per_floor":[113,999,1010,980,980,980,995,995,1018,1030,9929,9956,9971,9981,9981,10084,10084,10100,10111,9236,9249,9260,9295,8554,8582,8582,8595,8607,8041,8041,8056,8056,8160,8160,8176,8176,8196,7399,7399,7432,6726,6753,6809,6809,7031,6210,6224,6237,6237,6237],"floor_reached":51,"campfire_rested":0,"playtime":3000,"current_hp_per_floor":[66,66,58,58,58,58,70,70,70,70,70,70,70,70,70,62,70,66,66,66,69,63,66,66,70,70,60,60,60,60,63,63,50,70,70,70,69,69,69,69,69,76,76,76,76,76,76,53,53,20],"items_purged":["Strike_G","Strike_G","Regret","Strike_G","Concentrate","Strike_G"],"gold":6237,"score":757,"play_id":"07af837f-da41-4372-9539-2639e6215f2a","is_prod":false,"is_daily":false,"is_ascension_mode":false,"campfire_upgraded":5,"path_taken":["M","M","M","?","?","R","M","?","T","M","$","E","M","M","R","BOSS","M","?","$","M","M","?","$","E","T","M","M","$","?","M","R","BOSS","M","?","M","$","?","E","$","E","T","R","?","$","M","M","R","BOSS"],"build_version":"2018-02-05-BETA1","purchased_purges":7,"victory":true,"master_deck":["Defend_G","Defend_G+1","Defend_G","Defend_G+1","Defend_G","Strike_G","Survivor","Neutralize","Backstab+1","Acrobatics+1","Backflip+1","Slice+1","Quick Slash+1","Backstab","Poisoned Stab","Slice+1","Poisoned Stab","Doppelganger","Calculated Gamble","Blade Dance+1","Swift Strike","Thinking Ahead+1","Expertise+1","Slice","Poisoned Stab","Secret Technique","Infinite Blades+1","Quick Slash+1","Well Laid Plans+1","Catalyst","Finisher+1","Dagger Throw+1","Backstab","Swift Strike","Backflip+1","Venomology","Slice+1","Master of Strategy","Good Instincts","Slice+1"],"max_hp_per_floor":[70,70,70,70,70,70,70,70,70,70,70,70,70,70,70,70,70,70,70,70,70,70,70,70,70,70,70,70,70,70,70,70,70,70,70,70,70,70,70,70,70,77,77,77,77,77,77,79,79,79],"relics":["Ring of the Snake","Ancient Tea Set","Kunai","Toolbox","War Paint","Bronze Scales","Cursed Key","Oddly Smooth Stone","Toy Ornithopter","Membership Card","Red Mask","Art of War","Snake Skull","Frozen Egg 2","Bag of Marbles","Lantern","Whetstone","Dream Catcher","Omamori","Philosopher\u0027s Stone","Frozen Eye","Vajra","Cauldron","Blue Candle","Singing Bowl","Mercury Hourglass","Centennial Puzzle","Strawberry","Tiny Chest","Bag of Preparation","Juzu Bracelet","Tough Bandages"],"card_choices":[{"not_picked":["Reflex","Masterful Stab"],"picked":"Backstab"},{"not_picked":["Dodge and Roll","Choke"],"picked":"Acrobatics"},{"not_picked":["Bane","Prepared"],"picked":"Backflip"},{"not_picked":["Night Terror","Eviscerate"],"picked":"Slice"},{"not_picked":["Bane","Tactician"],"picked":"Poisoned Stab"},{"not_picked":["Acrobatics","Outmaneuver"],"picked":"Slice"},{"not_picked":["Leg Sweep","Bane"],"picked":"Poisoned Stab"},{"not_picked":["Burst","Phantasmal Killer"],"picked":"Doppelganger"},{"not_picked":["Cloak And Dagger","Dodge and Roll"],"picked":"Calculated Gamble"},{"not_picked":["Calculated Gamble","Dagger Spray"],"picked":"Blade Dance"},{"not_picked":["Outmaneuver","Skewer"],"picked":"Expertise"},{"not_picked":["Expertise","Outmaneuver"],"picked":"Slice"},{"not_picked":["Unload","Acrobatics"],"picked":"Quick Slash"},{"not_picked":["PiercingWail","Outmaneuver"],"picked":"Concentrate"},{"not_picked":["Underhanded Strike","Expertise"],"picked":"Finisher"},{"not_picked":["Catalyst","Calculated Gamble"],"picked":"Dagger Throw"},{"not_picked":["PiercingWail","Infinite Blades"],"picked":"Venomology"},{"not_picked":["Prepared","Deadly Poison"],"picked":"Slice"},{"not_picked":["Outmaneuver","Endless Agony"],"picked":"Slice"}],"player_experience":93522,"potions_floor_usage":[7,7,12,12,12,16,21,23,25,25,31,33,33,33,40,40,48,50,50,50,50],"damage_taken":[{"damage":4,"enemies":"Blue Slaver","floor":1,"turns":6},{"damage":0,"enemies":"Cultist","floor":2,"turns":3},{"damage":8,"enemies":"Jaw Worm","floor":3,"turns":2},{"damage":0,"enemies":"Lots of Slimes","floor":7,"turns":5},{"damage":0,"enemies":"Looter","floor":10,"turns":2},{"damage":0,"enemies":"Gremlin Nob","floor":12,"turns":2},{"damage":0,"enemies":"Gremlin Gang","floor":13,"turns":3},{"damage":0,"enemies":"Lots of Slimes","floor":14,"turns":2},{"damage":8,"enemies":"Slime Boss","floor":16,"turns":8},{"damage":4,"enemies":"Shell Parasite","floor":18,"turns":4},{"damage":0,"enemies":"Spheric Guardian","floor":19,"turns":3},{"damage":0,"enemies":"Cultist and Chosen","floor":21,"turns":5},{"damage":6,"enemies":"Snecko","floor":22,"turns":4},{"damage":0,"enemies":"Masked Bandits","floor":23,"turns":2},{"damage":0,"enemies":"Slavers","floor":25,"turns":3},{"damage":10,"enemies":"Snake Plant","floor":27,"turns":1},{"damage":0,"enemies":"3 Cultists","floor":28,"turns":4},{"damage":0,"enemies":"Sentry and Sphere","floor":31,"turns":2},{"damage":20,"enemies":"Automaton","floor":33,"turns":5},{"damage":0,"enemies":"Orb Walker","floor":35,"turns":1},{"damage":1,"enemies":"3 Darklings","floor":37,"turns":3},{"damage":1,"enemies":"2 Orb Walkers","floor":40,"turns":2},{"damage":0,"enemies":"Nemesis","floor":42,"turns":1},{"damage":0,"enemies":"Spire Growth","floor":47,"turns":1},{"damage":28,"enemies":"4 Shapes","floor":48,"turns":1},{"damage":45,"enemies":"Awakened One","floor":50,"turns":6}],"event_choices":[{"event_name":"The Woman in Blue","player_choice":"Bought 2 Potions","floor":4,"damage_taken":0},{"event_name":"Living Wall","player_choice":"Grow","floor":5,"damage_taken":0},{"event_name":"The Lab","player_choice":"Got Potions","floor":8,"damage_taken":0},{"event_name":"Masked Bandits","player_choice":"Fought over 9260 gold","floor":23,"damage_taken":0},{"event_name":"The Library","player_choice":"Read","floor":30,"damage_taken":0},{"event_name":"Golden Shrine","player_choice":"Skipped","floor":36,"damage_taken":0},{"event_name":"Duplicator","player_choice":"One dupe","floor":39,"damage_taken":0},{"event_name":"Tomb of Lord Red Mask","player_choice":"Wore Mask","floor":45,"damage_taken":0}],"boss_relics":[{"not_picked":["White Beast Statue","Astrolabe"],"picked":"Cursed Key"},{"not_picked":["Velvet Choker","Question Card"],"picked":"Philosopher\u0027s Stone"}],"potions_floor_spawned":[1,7,13,19,22,23,28,31,40,42],"seed_played":"-2396372594723617018","ascension_level":0,"is_trial":false}