{"path_per_floor":["M","?","?","?","$","E","R","E","T","E","?","M","M","M","R","B",null,"M","$","?","M","?","R","?","R","T","M","?","E","M","?","R","B",null,"M","?","?","M","$","E","R","M","T","M","M","T","$","E","R","B"],"character_chosen":"DEFECT","items_purchased":["FTL","Steam","Barrage","Shuriken","Oddly Smooth Stone","Beam Cell","Go for the Eyes"],"gold_per_floor":[117,192,192,142,48,74,74,101,101,135,135,150,163,182,182,283,283,302,10,10,22,49,49,49,49,49,68,68,98,116,116,116,212,212,230,230,230,248,7,38,38,50,50,62,78,105,55,86,86,86],"floor_reached":51,"campfire_rested":3,"playtime":3039,"item_purchase_floors":[],"current_hp_per_floor":[75,64,64,64,64,64,64,64,64,33,33,33,33,33,55,30,75,75,75,59,51,51,51,51,51,51,46,46,52,52,52,52,47,52,41,41,41,45,45,22,37,45,45,42,37,37,37,39,52,22],"items_purged":["Pain"],"gold":86,"score":906,"play_id":"bb6eec6c-3b60-4896-b2f7-17522784d4af","local_time":"20180524015234","is_prod":false,"is_daily":false,"chose_seed":false,"is_ascension_mode":true,"campfire_upgraded":1,"win_rate":0,"timestamp":1527144754,"campfire_choices":[{"data":"1","floor":7.0,"key":"LIFT"},{"floor":15.0,"key":"REST"},{"data":"2","floor":23.0,"key":"LIFT"},{"data":"3","floor":25.0,"key":"LIFT"},{"data":"Rainbow","floor":32,"key":"SMITH"},{"floor":41,"key":"REST"},{"floor":49,"key":"REST"}],"path_taken":["M","?","?","?","$","E","R","E","T","E","?","M","M","?","R","BOSS","M","$","?","M","?","R","?","R","T","?","?","E","M","?","R","BOSS","M","?","?","M","$","E","R","M","T","M","M","?","$","E","R","BOSS"],"build_version":"2018-05-23v2","seed_source_timestamp":0,"purchased_purges":1,"victory":true,"master_deck":["Defend_B+1","Defend_B+1","Defend_B+1","Zap","Dualcast","Compile Driver","FTL","Steam","Rip and Tear","BootSequence","Gash","Ball Lightning+1","Rainbow+1","Core Surge","Leap","Barrage+1","Barrage+1","Coolheaded+1","Bite","Bite","Bite","Bite","Bite","Beam Cell+1","Cold Snap","All For One","Streamline","Trip","White Noise","Beam Cell","Go for the Eyes","White Noise+1","Compile Driver+1","Doubt","Rebound","Steam","Scrape"],"max_hp_per_floor":[75,75,75,75,75,75,75,75,75,75,75,75,75,75,75,75,75,75,75,75,75,75,75,52,52,52,52,52,52,52,52,52,52,52,52,52,52,52,52,52,52,52,52,52,52,52,52,52,52,52],"relics":["Cracked Core","NeowsBlessing","Bronze Scales","Girya","Dodecahedron","Smiling Mask","Potion Belt","White Beast Statue","Shuriken","Enchiridion","Red Mask","Mummified Hand","Whetstone","Cursed Key","Oddly Smooth Stone","Bag of Marbles","Singing Bowl","Boot","Blue Candle"],"card_choices":[{"not_picked":["Sweeping Beam","Heatsinks"],"picked":"Compile Driver","floor":1.0},{"not_picked":["Fusion","Consume"],"picked":"Axe Kick","floor":6.0},{"not_picked":["Capacitor","Steam Power"],"picked":"Rip and Tear","floor":8.0},{"not_picked":["Glacier","Cold Snap"],"picked":"BootSequence","floor":10.0},{"not_picked":["Coolheaded","Barrage"],"picked":"Gash","floor":12.0},{"not_picked":["Stack","Axe Kick"],"picked":"Ball Lightning","floor":13.0},{"not_picked":["Melter","Sunder"],"picked":"Rainbow","floor":14.0},{"not_picked":["Reboot","Biased Cognition"],"picked":"Core Surge","floor":16.0},{"not_picked":["Stack","Fusion"],"picked":"Leap","floor":18.0},{"not_picked":["Ball Lightning","Capacitor"],"picked":"Barrage+1","floor":21.0},{"not_picked":["Barrage+1","Compile Driver"],"picked":"Coolheaded+1","floor":22.0},{"not_picked":["Redo","Reinforced Body"],"picked":"Beam Cell+1","floor":27.0},{"not_picked":["Meteor Strike","Self Repair"],"picked":"Cold Snap","floor":29.0},{"not_picked":["Redo","Turbo+1","Steam"],"picked":"SKIP","floor":30.0},{"not_picked":["Thunder Strike","Fission"],"picked":"All For One","floor":33},{"not_picked":["Storm","Auto Shields+1"],"picked":"Streamline","floor":35},{"not_picked":["Static Discharge","Ball Lightning+1"],"picked":"White Noise","floor":38},{"not_picked":["Creative AI","Turbo+1"],"picked":"White Noise+1","floor":40},{"not_picked":["Turbo+1","Doom and Gloom"],"picked":"Compile Driver+1","floor":42},{"not_picked":["Cold Snap","Capacitor+1"],"picked":"Rebound","floor":44},{"not_picked":["Cold Snap+1","Chaos+1"],"picked":"Steam","floor":45},{"not_picked":["Beam Cell","Coolheaded+1"],"picked":"Scrape","floor":48}],"player_experience":161777,"potions_floor_usage":[33,33,33,40,40,40,45,48,50,50,50,50],"damage_taken":[{"damage":0.0,"enemies":"Cultist","floor":1.0,"turns":1.0},{"damage":0.0,"enemies":"3 Sentries","floor":6.0,"turns":1.0},{"damage":0.0,"enemies":"Gremlin Nob","floor":8.0,"turns":1.0},{"damage":31.0,"enemies":"Lagavulin","floor":10.0,"turns":4.0},{"damage":0.0,"enemies":"Small Slimes","floor":12.0,"turns":2.0},{"damage":0.0,"enemies":"Jaw Worm","floor":13.0,"turns":2.0},{"damage":0.0,"enemies":"Exordium Wildlife","floor":14.0,"turns":3.0},{"damage":25.0,"enemies":"The Guardian","floor":16.0,"turns":9.0},{"damage":0.0,"enemies":"Spheric Guardian","floor":18.0,"turns":3.0},{"damage":15.0,"enemies":"Shell Parasite","floor":21.0,"turns":5.0},{"damage":0.0,"enemies":"Masked Bandits","floor":22.0,"turns":2.0},{"damage":8.0,"enemies":"Centurion and Healer","floor":27.0,"turns":4.0},{"damage":0.0,"enemies":"Gremlin Leader","floor":29.0,"turns":4.0},{"damage":0.0,"enemies":"Snake Plant","floor":30.0,"turns":3.0},{"damage":7,"enemies":"Automaton","floor":33,"turns":6},{"damage":15,"enemies":"3 Shapes","floor":35,"turns":5},{"damage":0,"enemies":"3 Darklings","floor":38,"turns":4},{"damage":29,"enemies":"Nemesis","floor":40,"turns":5},{"damage":0,"enemies":"Sphere and 2 Shapes","floor":42,"turns":4},{"damage":7,"enemies":"4 Shapes","floor":44,"turns":6},{"damage":11,"enemies":"3 Darklings","floor":45,"turns":4},{"damage":0,"enemies":"2 Orb Walkers","floor":48,"turns":2},{"damage":41,"enemies":"Awakened One","floor":50,"turns":8}],"relics_obtained":[{"floor":6.0,"key":"Girya"},{"floor":8.0,"key":"Dodecahedron"},{"floor":9.0,"key":"Smiling Mask"},{"floor":10.0,"key":"Potion Belt"},{"floor":20.0,"key":"Enchiridion"},{"floor":22.0,"key":"Red Mask"},{"floor":26.0,"key":"Mummified Hand"},{"floor":29.0,"key":"Whetstone"},{"floor":40,"key":"Bag of Marbles"},{"floor":43,"key":"Singing Bowl"},{"floor":46,"key":"Boot"},{"floor":48,"key":"Blue Candle"}],"event_choices":[{"event_name":"World of Goop","player_choice":"Gather Gold","floor":2.0,"damage_taken":0.0},{"event_name":"Big Fish","player_choice":"Box","floor":3.0,"damage_taken":0.0},{"event_name":"The Cleric","player_choice":"Card Removal","floor":4.0,"damage_taken":0.0},{"event_name":"Shining Light","player_choice":"Ignored","floor":11.0,"damage_taken":0.0},{"event_name":"Cursed Tome","player_choice":"Obtained Book","floor":20.0,"damage_taken":0.0},{"event_name":"Masked Bandits","player_choice":"Fought over 22 gold","floor":22.0,"damage_taken":0.0},{"event_name":"Vampires","player_choice":"Became a vampire","floor":24.0,"damage_taken":0.0},{"event_name":"Back to Basics","player_choice":"Simplicity","floor":28.0,"damage_taken":0.0},{"event_name":"Beggar","player_choice":"Ignored","floor":31,"damage_taken":0},{"event_name":"Transmorgrifier","player_choice":"Transform","floor":36,"damage_taken":0}],"boss_relics":[{"not_picked":["Philosopher\u0027s Stone","Lizard Tail"],"picked":"Cursed Key"}],"items_purged_floors":[47],"potions_floor_spawned":[8,12,13,18,21,22,27,29,30,33,35,38,40,42,44,45,48],"seed_played":"-4286923120737120739","ascension_level":1,"potions_obtained":[{"floor":8.0,"key":"Poison Potion"},{"floor":12.0,"key":"Poison Potion"},{"floor":13.0,"key":"SteroidPotion"},{"floor":18.0,"key":"SkillPotion"},{"floor":21.0,"key":"Fire Potion"},{"floor":22.0,"key":"FearPotion"},{"floor":27.0,"key":"Energy Potion"},{"floor":29.0,"key":"Energy Potion"},{"floor":30.0,"key":"EssenceOfSteel"},{"floor":33,"key":"LiquidBronze"},{"floor":35,"key":"SpeedPotion"},{"floor":38,"key":"EssenceOfSteel"},{"floor":40,"key":"FearPotion"},{"floor":42,"key":"EssenceOfSteel"},{"floor":44,"key":"Swift Potion"},{"floor":45,"key":"FearPotion"},{"floor":48,"key":"PowerPotion"}],"is_trial":false}