{"path_per_floor":["M","M","?","?","M","R","M","R","T","E","R","E","R","E","R","B",null,"M","$","M","?","?","R","E","M","T","$","?","M","R","E","R","B",null,"M","$","M","M","M","E","$","R","T","R","E","$","M","M","R","B"],"character_chosen":"IRONCLAD","items_purchased":["Sword Boomerang+1","Dual Wield","Bronze Scales"],"gold_per_floor":[212,229,229,229,248,248,267,267,348,381,381,407,407,434,434,531,531,541,466,478,393,393,393,425,441,441,228,228,240,240,270,270,373,373,388,263,273,287,301,332,182,182,182,182,212,5,19,36,36,36],"floor_reached":51,"campfire_rested":2,"playtime":2717,"item_purchase_floors":[27,27,46],"current_hp_per_floor":[80,80,77,61,67,67,73,73,73,65,65,63,63,69,69,50,80,80,80,74,74,66,66,61,67,67,67,67,73,73,79,79,19,80,80,80,80,74,77,72,72,72,82,90,89,89,90,90,90,47],"items_purged":["Strike_R","Decay","Strike_R","Strike_R","Strike_R+1"],"gold":36,"score":826,"play_id":"0c1c5fe4-b4e1-4311-b12b-0eb30c894416","local_time":"20180530180919","is_prod":false,"is_daily":false,"chose_seed":false,"is_ascension_mode":true,"campfire_upgraded":9,"win_rate":0,"timestamp":1527696559,"campfire_choices":[{"data":"Iron Wave","floor":6,"key":"SMITH"},{"data":"Cleave","floor":8,"key":"SMITH"},{"data":"Defend_R","floor":11,"key":"SMITH"},{"data":"Defend_R","floor":13,"key":"SMITH"},{"data":"Flex","floor":15,"key":"SMITH"},{"data":"Defend_R","floor":23,"key":"SMITH"},{"data":"Dual Wield","floor":30,"key":"SMITH"},{"data":"Defend_R","floor":32,"key":"SMITH"},{"data":"Shockwave","floor":42,"key":"SMITH"},{"floor":44,"key":"REST"},{"floor":49,"key":"REST"}],"path_taken":["M","?","?","?","?","R","M","R","T","E","R","E","R","E","R","BOSS","M","$","M","?","?","R","E","M","T","$","?","?","R","E","R","BOSS","M","$","M","M","?","E","$","R","T","R","E","$","M","M","R","BOSS"],"build_version":"2018-05-29","seed_source_timestamp":14915877930128,"purchased_purges":5,"victory":true,"master_deck":["Defend_R+1","Defend_R+1","Defend_R+1","Defend_R+1","Bash+1","Iron Wave+1","Cleave+1","Bludgeon+1","Flex+1","Immolate+1","Iron Wave+1","Twin Strike+1","Sword Boomerang+1","Dual Wield+1","Pummel+1","Disarm+1","Immolate+1","Shockwave+1","Clumsy"],"max_hp_per_floor":[80,80,80,80,80,80,80,80,80,80,80,80,80,80,80,80,80,80,80,80,80,80,80,80,80,80,80,80,80,80,80,80,80,80,80,80,80,80,80,80,80,80,90,90,90,90,90,90,90,90],"relics":["Burning Blood","Vajra","Paper Frog","Bottled Flame","Molten Egg 2","Bag of Marbles","Cursed Key","Frozen Egg 2","Happy Flower","Bag of Preparation","Torii","Runic Pyramid","Art of War","Pear","Smiling Mask","Bronze Scales"],"card_choices":[{"not_picked":["Spot Weakness","Thunderclap"],"picked":"Iron Wave","floor":1},{"not_picked":["Clash","Clothesline"],"picked":"Cleave","floor":2},{"not_picked":["Wild Strike","Searing Blow","Rupture"],"picked":"SKIP","floor":5},{"not_picked":["Intimidate","Armaments","Clash"],"picked":"SKIP","floor":7},{"not_picked":["Metallicize","Sentinel","Combust"],"picked":"SKIP","floor":10},{"not_picked":["Intimidate","Power Through"],"picked":"Bludgeon","floor":12},{"not_picked":["Headbutt+1","Warcry"],"picked":"Flex","floor":14},{"not_picked":["Berserk","Juggernaut"],"picked":"Immolate+1","floor":16},{"not_picked":["Ghostly Armor","Armaments+1","Shrug It Off"],"picked":"SKIP","floor":18},{"not_picked":["Carnage+1","Wild Strike+1"],"picked":"Iron Wave+1","floor":20},{"not_picked":["Exhume","Clash+1","Hemokinesis+1"],"picked":"SKIP","floor":24},{"not_picked":["Fire Breathing+1","Combust+1"],"picked":"Twin Strike+1","floor":25},{"not_picked":["Cleave+1","Inflame+1"],"picked":"Pummel+1","floor":29},{"not_picked":["Cleave+1","Juggernaut+1"],"picked":"Disarm+1","floor":31},{"not_picked":["Limit Break","Brutality+1"],"picked":"Immolate+1","floor":33},{"not_picked":["Armaments","Flame Barrier+1","Reckless Charge+1"],"picked":"SKIP","floor":35},{"not_picked":["Combust+1","Sword Boomerang+1","Havoc+1"],"picked":"SKIP","floor":37},{"not_picked":["Havoc","Infernal Blade+1","Wild Strike+1"],"picked":"SKIP","floor":38},{"not_picked":["Sword Boomerang+1","Armaments+1","Warcry"],"picked":"SKIP","floor":39},{"not_picked":["Seeing Red","Juggernaut+1"],"picked":"Shockwave","floor":40},{"not_picked":["Immolate+1","Clothesline+1","Body Slam+1"],"picked":"SKIP","floor":45},{"not_picked":["Anger+1","Twin Strike+1","True Grit+1"],"picked":"SKIP","floor":47},{"not_picked":["Twin Strike+1","Pommel Strike+1","Warcry"],"picked":"SKIP","floor":48}],"player_experience":106571,"potions_floor_usage":[12,16,31,31,31,33,45,50,50],"damage_taken":[{"damage":6,"enemies":"Cultist","floor":1,"turns":3},{"damage":0,"enemies":"2 Louse","floor":2,"turns":3},{"damage":0,"enemies":"Small Slimes","floor":5,"turns":3},{"damage":0,"enemies":"Looter","floor":7,"turns":3},{"damage":14,"enemies":"Gremlin Nob","floor":10,"turns":3},{"damage":8,"enemies":"Lagavulin","floor":12,"turns":5},{"damage":0,"enemies":"Gremlin Nob","floor":14,"turns":2},{"damage":25,"enemies":"Hexaghost","floor":16,"turns":7},{"damage":0,"enemies":"Chosen","floor":18,"turns":2},{"damage":12,"enemies":"Shell Parasite","floor":20,"turns":3},{"damage":11,"enemies":"Gremlin Leader","floor":24,"turns":3},{"damage":0,"enemies":"Cultist and Chosen","floor":25,"turns":3},{"damage":0,"enemies":"Snake Plant","floor":29,"turns":1},{"damage":0,"enemies":"Book of Stabbing","floor":31,"turns":2},{"damage":66,"enemies":"Automaton","floor":33,"turns":9},{"damage":5,"enemies":"3 Shapes","floor":35,"turns":3},{"damage":2,"enemies":"3 Darklings","floor":37,"turns":3},{"damage":12,"enemies":"Sphere and 2 Shapes","floor":38,"turns":5},{"damage":3,"enemies":"Maw","floor":39,"turns":6},{"damage":11,"enemies":"2 Orb Walkers","floor":40,"turns":4},{"damage":7,"enemies":"Nemesis","floor":45,"turns":5},{"damage":0,"enemies":"Flame Bruiser 2 Orb","floor":47,"turns":2},{"damage":4,"enemies":"Sphere and 2 Shapes","floor":48,"turns":4},{"damage":49,"enemies":"Donu and Deca","floor":50,"turns":6}],"relics_obtained":[{"floor":9,"key":"Paper Frog"},{"floor":10,"key":"Bottled Flame"},{"floor":12,"key":"Molten Egg 2"},{"floor":14,"key":"Bag of Marbles"},{"floor":24,"key":"Happy Flower"},{"floor":26,"key":"Bag of Preparation"},{"floor":31,"key":"Torii"},{"floor":40,"key":"Art of War"},{"floor":43,"key":"Pear"},{"floor":45,"key":"Smiling Mask"}],"event_choices":[{"event_name":"Scrap Ooze","player_choice":"success","floor":3,"damage_taken":3},{"event_name":"Shining Light","player_choice":"Entered Light","floor":4,"damage_taken":0},{"event_name":"Addict","player_choice":"Obtained Relic","floor":21,"damage_taken":0},{"event_name":"Wheel of Change","player_choice":"Damage","floor":22,"damage_taken":0},{"event_name":"Purifier","player_choice":"One Purge","floor":28,"damage_taken":0}],"boss_relics":[{"not_picked":["Black Star","Black Blood"],"picked":"Cursed Key"},{"not_picked":["Sozu","Astrolabe"],"picked":"Runic Pyramid"}],"items_purged_floors":[19,27,36,41,46],"potions_floor_spawned":[1,7,14,18,24,31,35,40,47,48],"seed_played":"7498771789747314711","ascension_level":1,"potions_obtained":[{"floor":1,"key":"SpeedPotion"},{"floor":7,"key":"Dexterity Potion"},{"floor":14,"key":"LiquidBronze"},{"floor":18,"key":"EssenceOfSteel"},{"floor":24,"key":"LiquidBronze"},{"floor":31,"key":"AttackPotion"},{"floor":35,"key":"Swift Potion"},{"floor":40,"key":"Fire Potion"},{"floor":47,"key":"Strength Potion"},{"floor":48,"key":"FearPotion"}],"is_trial":false}