{"gold_per_floor":[109,34,44,55,67,67,17,52,78,78,89,89,120,100,100,202,202,214,40,56,56,155,155,169,169,169,195,195,215,241,241,241,346,346,362,362,377,377,171,171,201,201,201,220,220,238,59,59,59,59],"floor_reached":51,"playtime":2804,"items_purged":["Strike_B","Defend_B","Defend_B"],"score":879,"play_id":"6e0cc181-2eec-4a62-bfcc-8ef29c50596f","local_time":"20190207111335","is_ascension_mode":true,"campfire_choices":[{"data":"Dualcast","floor":6,"key":"SMITH"},{"data":"Zap","floor":10,"key":"SMITH"},{"data":"Redo","floor":15,"key":"SMITH"},{"data":"Hologram","floor":23,"key":"SMITH"},{"floor":25,"key":"REST"},{"data":"Turbo","floor":28,"key":"SMITH"},{"data":"Redo","floor":32,"key":"SMITH"},{"data":"Creative AI","floor":40,"key":"SMITH"},{"data":"Double Energy","floor":42,"key":"SMITH"},{"data":"Rainbow","floor":45,"key":"SMITH"},{"data":"Heatsinks","floor":49,"key":"SMITH"}],"neow_cost":"NONE","seed_source_timestamp":867576557110153,"circlet_count":0,"master_deck":["Zap+1","Dualcast+1","Defragment","Self Repair","Redo+1","Hologram+1","Cold Snap","Core Surge","White Noise","Glacier","White Noise+1","Turbo+1","Darkness","Redo+1","Go for the Eyes","Bite","Bite","Bite","Bite","Bite","Creative AI+1","Glacier+1","Capacitor+1","Double Energy+1","Stack+1","Rainbow+1","Steam","Heatsinks+1","Panache"],"relics":["Cracked Core","Boot","Anchor","DataDisk","Art of War","Runic Pyramid","Torii","Dream Catcher","Mango","Sozu","Pen Nib","Shuriken","Bag of Preparation"],"potions_floor_usage":[8,13,16,18,33,41,50],"damage_taken":[{"damage":11,"enemies":"Small Slimes","floor":1,"turns":4},{"damage":0,"enemies":"2 Louse","floor":3,"turns":2},{"damage":0,"enemies":"Cultist","floor":4,"turns":4},{"damage":4,"enemies":"Large Slime","floor":5,"turns":6},{"damage":30,"enemies":"Lagavulin","floor":8,"turns":6},{"damage":9,"enemies":"2 Fungi Beasts","floor":11,"turns":3},{"damage":22,"enemies":"3 Sentries","floor":13,"turns":5},{"damage":18,"enemies":"Hexaghost","floor":16,"turns":8},{"damage":11,"enemies":"Shell Parasite","floor":18,"turns":3},{"damage":14,"enemies":"3 Byrds","floor":20,"turns":4},{"damage":33,"enemies":"Shelled Parasite and Fungi","floor":24,"turns":4},{"damage":7,"enemies":"Gremlin Leader","floor":27,"turns":9},{"damage":9,"enemies":"Centurion and Healer","floor":29,"turns":7},{"damage":23,"enemies":"Slavers","floor":30,"turns":9},{"damage":53,"enemies":"Collector","floor":33,"turns":14},{"damage":2,"enemies":"Orb Walker","floor":35,"turns":4},{"damage":2,"enemies":"3 Darklings","floor":37,"turns":5},{"damage":27,"enemies":"Reptomancer","floor":41,"turns":7},{"damage":2,"enemies":"Transient","floor":44,"turns":5},{"damage":0,"enemies":"4 Shapes","floor":46,"turns":7},{"damage":0,"enemies":"Donu and Deca","floor":50,"turns":10}],"seed_played":"7563979707528548198","potions_obtained":[{"floor":1,"key":"Swift Potion"},{"floor":3,"key":"Regen Potion"},{"floor":5,"key":"AttackPotion"},{"floor":14,"key":"LiquidBronze"},{"floor":24,"key":"Weak Potion"},{"floor":30,"key":"FocusPotion"},{"floor":33,"key":"EssenceOfSteel"}],"is_trial":false,"path_per_floor":["M","$","M","M","M","R","?","E","T","R","M","$","E","?","R","B",null,"M","$","M","?","?","R","M","R","T","E","R","M","E","?","R","B",null,"M","?","M","?","$","R","E","R","T","M","R","M","$","?","R","B",null],"character_chosen":"DEFECT","items_purchased":["Glacier","Double Energy","Bag of Preparation","Heatsinks"],"campfire_rested":1,"item_purchase_floors":[19,39,47,47],"current_hp_per_floor":[64,64,64,64,60,60,60,37,37,37,35,35,34,34,34,23,75,71,71,64,50,50,50,24,48,48,48,48,46,44,44,44,34,65,65,65,65,65,65,65,54,54,54,65,65,65,65,65,65,65],"gold":59,"neow_bonus":"RANDOM_COMMON_RELIC","is_prod":false,"is_daily":false,"chose_seed":false,"campfire_upgraded":10,"win_rate":0,"timestamp":1549505615,"path_taken":["M","$","M","M","M","R","?","E","T","R","M","$","E","?","R","BOSS","M","$","M","?","?","R","M","R","T","E","R","M","E","?","R","BOSS","M","?","M","?","$","R","E","R","T","M","R","M","$","?","R","BOSS"],"build_version":"2019-01-23","purchased_purges":3,"victory":true,"max_hp_per_floor":[75,75,75,75,75,75,75,75,75,75,75,75,75,75,75,75,75,75,75,75,80,80,80,80,80,80,80,80,80,94,65,65,65,65,65,65,65,65,65,65,65,65,65,65,65,65,65,65,65,65],"card_choices":[{"not_picked":["Blizzard","Barrage","Streamline"],"picked":"SKIP","floor":1},{"not_picked":["Hologram","Go for the Eyes"],"picked":"Defragment","floor":3},{"not_picked":["Sweeping Beam","Coolheaded","Gash"],"picked":"SKIP","floor":4},{"not_picked":["Chaos","Turbo"],"picked":"Self Repair","floor":5},{"not_picked":["Steam Power","Chill"],"picked":"Redo","floor":8},{"not_picked":["Gash","Streamline"],"picked":"Hologram","floor":11},{"not_picked":["Defragment","Streamline"],"picked":"Cold Snap","floor":13},{"not_picked":["Rainbow","Multi-Cast"],"picked":"Core Surge","floor":16},{"not_picked":["Doom and Gloom","Cold Snap"],"picked":"White Noise","floor":18},{"not_picked":["Streamline","Hologram"],"picked":"White Noise+1","floor":20},{"not_picked":["Redo","Sunder"],"picked":"Turbo","floor":24},{"not_picked":["Gash","Melter"],"picked":"Darkness","floor":27},{"not_picked":["Chill","Melter"],"picked":"Redo","floor":29},{"not_picked":["Skim","White Noise"],"picked":"Go for the Eyes","floor":30},{"not_picked":["Buffer","Meteor Strike"],"picked":"Creative AI","floor":33},{"not_picked":["Steam Power+1","Turbo"],"picked":"Glacier+1","floor":35},{"not_picked":["Redo","Gash+1"],"picked":"Capacitor+1","floor":37},{"not_picked":["Reprogram+1","Cold Snap+1"],"picked":"Stack+1","floor":41},{"not_picked":["Stack+1","Rebound+1"],"picked":"Rainbow","floor":44},{"not_picked":["Genetic Algorithm","Go for the Eyes"],"picked":"Steam","floor":46},{"not_picked":["Finesse","Jack Of All Trades"],"picked":"Panache","floor":48}],"player_experience":189908,"relics_obtained":[{"floor":8,"key":"Anchor"},{"floor":9,"key":"DataDisk"},{"floor":13,"key":"Art of War"},{"floor":26,"key":"Torii"},{"floor":27,"key":"Dream Catcher"},{"floor":30,"key":"Mango"},{"floor":41,"key":"Pen Nib"},{"floor":43,"key":"Shuriken"}],"event_choices":[{"cards_removed":["Defend_B"],"damage_healed":0,"gold_gain":0,"player_choice":"Card Removal","damage_taken":0,"max_hp_gain":0,"max_hp_loss":0,"event_name":"The Cleric","floor":7,"gold_loss":50},{"damage_healed":0,"gold_gain":0,"player_choice":"Bought 1 Potion","damage_taken":0,"max_hp_gain":0,"max_hp_loss":0,"event_name":"The Woman in Blue","floor":14,"gold_loss":0},{"damage_healed":0,"gold_gain":0,"player_choice":"Shed Blood","damage_taken":19,"max_hp_gain":5,"max_hp_loss":0,"event_name":"Forgotten Altar","floor":21,"gold_loss":0},{"damage_healed":0,"gold_gain":99,"player_choice":"Stole From Cult","damage_taken":0,"max_hp_gain":0,"max_hp_loss":0,"event_name":"Nest","floor":22,"gold_loss":0},{"damage_healed":0,"gold_gain":0,"player_choice":"Became a vampire","damage_taken":0,"max_hp_gain":0,"max_hp_loss":29,"event_name":"Vampires","floor":31,"gold_loss":0,"cards_obtained":["Bite","Bite","Bite","Bite","Bite"]},{"cards_removed":["Defend_B"],"damage_healed":0,"gold_gain":0,"player_choice":"Removed Skill","damage_taken":0,"max_hp_gain":0,"max_hp_loss":0,"event_name":"Falling","floor":36,"gold_loss":0},{"damage_healed":0,"gold_gain":0,"player_choice":"Ignored","damage_taken":0,"max_hp_gain":0,"max_hp_loss":0,"event_name":"Tomb of Lord Red Mask","floor":38,"gold_loss":0},{"damage_healed":0,"gold_gain":0,"player_choice":"Memory 1","damage_taken":0,"max_hp_gain":0,"max_hp_loss":0,"event_name":"SensoryStone","floor":48,"gold_loss":0}],"is_beta":false,"boss_relics":[{"not_picked":["Snecko Eye","Velvet Choker"],"picked":"Runic Pyramid"},{"not_picked":["Inserter","Empty Cage"],"picked":"Sozu"}],"items_purged_floors":[2,19,39],"is_endless":false,"potions_floor_spawned":[1,3,5,24,30,33,41],"ascension_level":3}