{"gold_per_floor":[111,135,85,97,97,128,153,176,253,269,269,284,284,304,304,427,427,441,456,480,19,19,19,19,35,116,149,149,167,167,267,267,396,459,477,68,87,108,108,108,108,143,167,81,81,0,20,35,35,35,35,35,35,35],"floor_reached":54,"playtime":2626,"items_purged":["Strike_B","Writhe"],"score":814,"play_id":"603ef70e-a413-4f95-804f-0be4a267a3ae","local_time":"20181129105001","is_ascension_mode":false,"campfire_choices":[{"data":"Zap","floor":13,"key":"SMITH"},{"floor":15,"key":"REST"},{"data":"Reboot","floor":23,"key":"SMITH"},{"floor":30,"key":"REST"},{"floor":32,"key":"REST"},{"floor":40,"key":"RECALL"},{"floor":45,"key":"REST"},{"data":"Hologram","floor":49,"key":"SMITH"},{"data":"Streamline","floor":52,"key":"SMITH"}],"neow_cost":"NONE","seed_source_timestamp":1162309180482266,"circlet_count":0,"master_deck":["Strike_B","Defend_B","Defend_B+1","Defend_B","Defend_B+1","Zap+1","Dualcast","Panacea+1","Scrape","Streamline+1","Rainbow","Leap","Beam Cell","Turbo","Rebound","Reboot+1","Electrodynamics","Hologram+1","Steam Power+1","Gash","Capacitor+1","Ghostly","Ghostly","Ghostly","Ghostly","Ghostly","Streamline","Compile Driver","Storm+1","Buffer+1","Steam+1","Streamline+1","Gash","Finesse","Self Repair+1","BootSequence","Rebound+1","Gash+1","Machine Learning+1","Finesse","Double Energy+1","FTL+1","Gash+1"],"relics":["Cracked Core","War Paint","Golden Idol","Pen Nib","Tiny Chest","Lizard Tail","Frozen Egg 2","Meat on the Bone","Sundial","Mercury Hourglass","Nilry\u0027s Codex","Tiny House","Molten Egg 2","Blue Candle","Dream Catcher","Red Mask"],"potions_floor_usage":[6,10,12,16,27,33,33,37,38,50,50,54],"damage_taken":[{"damage":0,"enemies":"Cultist","floor":1,"turns":4},{"damage":0,"enemies":"2 Louse","floor":4,"turns":2},{"damage":20,"enemies":"3 Sentries","floor":6,"turns":6},{"damage":10,"enemies":"Small Slimes","floor":7,"turns":3},{"damage":5,"enemies":"Exordium Wildlife","floor":8,"turns":5},{"damage":1,"enemies":"2 Fungi Beasts","floor":10,"turns":4},{"damage":9,"enemies":"Lots of Slimes","floor":12,"turns":5},{"damage":0,"enemies":"Blue Slaver","floor":14,"turns":2},{"damage":10,"enemies":"The Guardian","floor":16,"turns":10},{"damage":1,"enemies":"Spheric Guardian","floor":18,"turns":3},{"damage":20,"enemies":"2 Thieves","floor":19,"turns":2},{"damage":29,"enemies":"3 Cultists","floor":20,"turns":6},{"damage":2,"enemies":"Shelled Parasite and Fungi","floor":25,"turns":6},{"damage":0,"enemies":"Slavers","floor":27,"turns":6},{"damage":0,"enemies":"Chosen and Byrds","floor":29,"turns":4},{"damage":11,"enemies":"Champ","floor":33,"turns":8},{"damage":5,"enemies":"Orb Walker","floor":35,"turns":5},{"damage":5,"enemies":"3 Darklings","floor":37,"turns":6},{"damage":19,"enemies":"Spire Growth","floor":38,"turns":4},{"damage":0,"enemies":"Giant Head","floor":42,"turns":12},{"damage":0,"enemies":"Jaw Worm Horde","floor":47,"turns":4},{"damage":1,"enemies":"Transient","floor":48,"turns":5},{"damage":42,"enemies":"Time Eater","floor":50,"turns":11},{"damage":66,"enemies":"Shield and Spear","floor":54,"turns":6}],"seed_played":"4536325469199304967","potions_obtained":[{"floor":1,"key":"Dexterity Potion"},{"floor":6,"key":"EssenceOfSteel"},{"floor":7,"key":"Regen Potion"},{"floor":12,"key":"Energy Potion"},{"floor":14,"key":"EssenceOfSteel"},{"floor":25,"key":"Weak Potion"},{"floor":27,"key":"GamblersBrew"},{"floor":33,"key":"Explosive Potion"},{"floor":34,"key":"Block Potion"},{"floor":37,"key":"GamblersBrew"},{"floor":38,"key":"SpeedPotion"},{"floor":47,"key":"Ancient Potion"}],"is_trial":false,"path_per_floor":["M","T","?","M","?","E","M","M","T","M","?","M","R","M","R","B",null,"M","M","M","$","?","R","?","M","T","E","?","M","R","?","R","B",null,"M","$","M","M","T","R","T","E","T","$","R","?","M","M","R","B",null,"R","$","E"],"character_chosen":"DEFECT","items_purchased":["Frozen Egg 2","Gash","Capacitor+1","Gash","Finesse","Self Repair+1","BootSequence","Finesse"],"campfire_rested":4,"item_purchase_floors":[21,21,21,36,36,36,36,44],"current_hp_per_floor":[75,75,75,75,57,37,27,22,22,33,33,24,24,24,46,36,75,74,54,25,25,25,25,25,23,23,23,7,19,30,30,37,26,42,37,37,42,33,33,33,33,33,33,33,42,42,42,42,42,33,42,42,42,0],"gold":35,"neow_bonus":"RANDOM_COLORLESS","is_prod":false,"is_daily":false,"chose_seed":false,"campfire_upgraded":4,"win_rate":0,"timestamp":1543510201,"path_taken":["M","?","?","M","?","E","M","M","T","?","?","M","R","?","R","BOSS","M","M","M","$","?","R","?","M","T","E","?","M","R","?","R","BOSS","M","$","M","M","?","R","?","E","T","$","R","?","M","M","R","BOSS","R","$","E"],"build_version":"2018-11-15","purchased_purges":2,"victory":false,"max_hp_per_floor":[75,75,75,75,75,75,75,75,75,75,75,75,75,75,75,75,75,75,75,75,75,37,37,37,37,37,37,37,37,37,37,37,37,42,42,42,42,42,42,42,42,42,42,42,42,42,42,42,42,42,42,42,42,42],"card_choices":[{"not_picked":["Blizzard","Chill"],"picked":"Scrape","floor":1},{"not_picked":["Turbo","Skim"],"picked":"Streamline","floor":4},{"not_picked":["Turbo","Darkness"],"picked":"Rainbow","floor":6},{"not_picked":["Redo","Rebound"],"picked":"Leap","floor":7},{"not_picked":["Doom and Gloom","Barrage"],"picked":"Beam Cell","floor":8},{"not_picked":["Compile Driver","Stack"],"picked":"Turbo","floor":10},{"not_picked":["Rip and Tear","Darkness"],"picked":"Rebound","floor":12},{"not_picked":["Reinforced Body","Coolheaded"],"picked":"Reboot","floor":14},{"not_picked":["Thunder Strike","Fission"],"picked":"Electrodynamics","floor":16},{"not_picked":["Cold Snap+1","Sweeping Beam","Barrage"],"picked":"SKIP","floor":18},{"not_picked":["Capacitor","Aggregate"],"picked":"Hologram","floor":19},{"not_picked":["Glacier","Ball Lightning+1"],"picked":"Steam Power+1","floor":20},{"not_picked":["Rebound","Stack"],"picked":"Streamline","floor":25},{"not_picked":["Steam Power+1","Chill"],"picked":"Compile Driver","floor":27},{"not_picked":["Compile Driver","Turbo"],"picked":"Storm+1","floor":29},{"not_picked":["All For One","Electrodynamics+1"],"picked":"Buffer+1","floor":33},{"not_picked":["Tempest","Rebound"],"picked":"Steam+1","floor":34},{"not_picked":["Cold Snap","Undo"],"picked":"Streamline+1","floor":35},{"not_picked":["Stack","Streamline+1"],"picked":"Rebound+1","floor":37},{"not_picked":["Defragment+1","Go for the Eyes+1"],"picked":"Gash+1","floor":38},{"not_picked":["Coolheaded","Ball Lightning+1"],"picked":"Machine Learning+1","floor":42},{"not_picked":["Streamline+1","Reinforced Body+1"],"picked":"Double Energy+1","floor":45},{"not_picked":["Doom and Gloom+1","Beam Cell+1"],"picked":"FTL+1","floor":47},{"not_picked":["Rip and Tear+1","Conserve Battery"],"picked":"Gash+1","floor":48}],"player_experience":281142,"relics_obtained":[{"floor":2,"key":"War Paint"},{"floor":6,"key":"Pen Nib"},{"floor":9,"key":"Tiny Chest"},{"floor":26,"key":"Sundial"},{"floor":27,"key":"Mercury Hourglass"},{"floor":28,"key":"Nilry\u0027s Codex"},{"floor":41,"key":"Molten Egg 2"},{"floor":42,"key":"Blue Candle"},{"floor":43,"key":"Dream Catcher"}],"event_choices":[{"cards_removed":["Strike_B"],"damage_healed":0,"gold_gain":0,"player_choice":"Card Removal","damage_taken":0,"max_hp_gain":0,"max_hp_loss":0,"event_name":"The Cleric","floor":3,"gold_loss":50},{"damage_healed":0,"gold_gain":0,"player_choice":"Take Damage","damage_taken":18,"relics_obtained":["Golden Idol"],"max_hp_gain":0,"max_hp_loss":0,"event_name":"Golden Idol","floor":5,"gold_loss":0},{"cards_removed":["Strike_B"],"damage_healed":0,"gold_gain":0,"player_choice":"Offered Basic","damage_taken":0,"max_hp_gain":0,"max_hp_loss":0,"event_name":"Bonfire Elementals","floor":11,"gold_loss":0},{"damage_healed":0,"gold_gain":0,"player_choice":"Became a Ghost","damage_taken":0,"max_hp_gain":0,"max_hp_loss":38,"event_name":"Ghosts","floor":22,"gold_loss":0,"cards_obtained":["Ghostly","Ghostly","Ghostly","Ghostly","Ghostly"]},{"damage_healed":0,"gold_gain":0,"player_choice":"Opened","damage_taken":0,"relics_obtained":["Meat on the Bone"],"max_hp_gain":0,"max_hp_loss":0,"event_name":"The Mausoleum","floor":24,"gold_loss":0,"cards_obtained":["Writhe"]},{"damage_healed":0,"gold_gain":0,"player_choice":"Obtained Book","damage_taken":16,"max_hp_gain":0,"max_hp_loss":0,"event_name":"Cursed Tome","floor":28,"gold_loss":0},{"damage_healed":0,"gold_gain":100,"player_choice":"Pray","damage_taken":0,"max_hp_gain":0,"max_hp_loss":0,"event_name":"Golden Shrine","floor":31,"gold_loss":0},{"damage_healed":0,"gold_gain":0,"player_choice":"Paid","damage_taken":0,"relics_obtained":["Red Mask"],"max_hp_gain":0,"max_hp_loss":0,"event_name":"Tomb of Lord Red Mask","floor":46,"gold_loss":81}],"is_beta":true,"boss_relics":[{"not_picked":["Ectoplasm","Busted Crown"],"picked":"Lizard Tail"},{"not_picked":["Empty Cage","Black Star"],"picked":"Tiny House"}],"items_purged_floors":[21,36],"is_endless":false,"potions_floor_spawned":[1,6,7,12,14,25,27,33,37,38,47],"killed_by":"Shield and Spear","ascension_level":0}