{"path_per_floor":["M","$","?","M","M","R","E","R","T","R","E","M","$","E","R","B",null,"M","?","M","T","$","R","M","M","T","R","M","E","R","E","R"],"character_chosen":"IRONCLAD","items_purchased":["Inflame","Flex"],"gold_per_floor":[17,17,17,34,52,52,82,82,106,106,132,150,75,101,101,204,204,214,129,149,172,82,82,101,118,118,118,138,168,168,196,196,196],"floor_reached":33,"campfire_rested":0,"playtime":1818,"item_purchase_floors":[22,22],"current_hp_per_floor":[80,80,64,65,71,71,56,56,56,56,53,62,62,52,52,10,89,92,92,92,92,92,92,66,68,68,68,78,75,75,71,71,0],"items_purged":["Strike_R"],"gold":196,"score":389,"play_id":"f83f7c31-452d-420c-aef1-c4e48fa4e7de","local_time":"20180618211155","is_prod":false,"is_daily":false,"chose_seed":false,"is_ascension_mode":true,"campfire_upgraded":5,"win_rate":0,"timestamp":1529349115,"campfire_choices":[{"data":"1","floor":6,"key":"LIFT"},{"data":"2","floor":8,"key":"LIFT"},{"data":"3","floor":10,"key":"LIFT"},{"data":"Armaments","floor":15,"key":"SMITH"},{"data":"Flex","floor":23,"key":"SMITH"},{"data":"Heavy Blade","floor":27,"key":"SMITH"},{"data":"Flex","floor":30,"key":"SMITH"},{"data":"Pummel","floor":32,"key":"SMITH"}],"path_taken":["M","$","?","M","M","R","E","R","T","R","E","M","$","E","R","BOSS","M","?","M","?","$","R","?","M","T","R","M","E","R","E","R","BOSS"],"build_version":"2018-06-14v2","seed_source_timestamp":20354680417157,"purchased_purges":1,"victory":false,"master_deck":["Strike_R","Strike_R","Strike_R","Strike_R","Defend_R+1","Defend_R+1","Defend_R+1","Defend_R+1","Bash","Feed","Heavy Blade+1","Twin Strike","Armaments+1","Twin Strike","Fiend Fire","Warcry+1","Sword Boomerang","Inflame","Flex+1","Flex+1","Pummel+1"],"max_hp_per_floor":[80,80,80,80,80,80,83,83,83,83,86,89,89,89,89,89,89,92,92,92,92,92,92,92,95,95,95,98,98,98,98,98,98],"relics":["Burning Blood","Girya","Anchor","Oddly Smooth Stone","War Paint","Boot","Black Star","Blood Vial","Orichalcum","Mummified Hand","Juzu Bracelet","Dream Catcher","Meat on the Bone","Smiling Mask"],"card_choices":[{"not_picked":["Perfected Strike","Flame Barrier","Iron Wave"],"picked":"SKIP","floor":1},{"not_picked":["Clash","Havoc","Corruption"],"picked":"SKIP","floor":4},{"not_picked":["Pommel Strike","Carnage"],"picked":"Feed","floor":5},{"not_picked":["Sword Boomerang","Second Wind"],"picked":"Heavy Blade","floor":7},{"not_picked":["Sword Boomerang","Dark Embrace"],"picked":"Twin Strike","floor":11},{"not_picked":["Body Slam","Power Through"],"picked":"Armaments","floor":12},{"not_picked":["Havoc","Clash"],"picked":"Twin Strike","floor":14},{"not_picked":["Brutality","Immolate"],"picked":"Fiend Fire","floor":16},{"not_picked":["Feel No Pain","Armaments"],"picked":"Warcry+1","floor":18},{"not_picked":["Ghostly Armor","Sever Soul"],"picked":"Sword Boomerang","floor":20},{"not_picked":["Iron Wave","Shrug It Off"],"picked":"Flex","floor":24},{"not_picked":["Brutality","Wild Strike"],"picked":"Pummel","floor":25},{"not_picked":["Flex","Body Slam","Sentinel+1"],"picked":"SKIP","floor":28},{"not_picked":["Perfected Strike","Shrug It Off","Clash"],"picked":"SKIP","floor":29},{"not_picked":["Sentinel","Armaments","Warcry"],"picked":"SKIP","floor":31}],"player_experience":211375,"potions_floor_usage":[7,16,18,28,31,33],"damage_taken":[{"damage":3,"enemies":"Jaw Worm","floor":1,"turns":5},{"damage":5,"enemies":"2 Louse","floor":4,"turns":3},{"damage":0,"enemies":"Small Slimes","floor":5,"turns":3},{"damage":24,"enemies":"Gremlin Nob","floor":7,"turns":4},{"damage":12,"enemies":"3 Sentries","floor":11,"turns":7},{"damage":0,"enemies":"2 Fungi Beasts","floor":12,"turns":2},{"damage":16,"enemies":"Gremlin Nob","floor":14,"turns":3},{"damage":48,"enemies":"The Guardian","floor":16,"turns":9},{"damage":0,"enemies":"3 Byrds","floor":18,"turns":5},{"damage":0,"enemies":"Chosen","floor":20,"turns":4},{"damage":32,"enemies":"Snake Plant","floor":24,"turns":4},{"damage":9,"enemies":"Cultist and Chosen","floor":25,"turns":4},{"damage":10,"enemies":"3 Cultists","floor":28,"turns":4},{"damage":11,"enemies":"Slavers","floor":29,"turns":3},{"damage":12,"enemies":"Gremlin Leader","floor":31,"turns":4},{"damage":75,"enemies":"Automaton","floor":33,"turns":6}],"relics_obtained":[{"floor":7,"key":"Anchor"},{"floor":9,"key":"Oddly Smooth Stone"},{"floor":11,"key":"War Paint"},{"floor":14,"key":"Boot"},{"floor":21,"key":"Orichalcum"},{"floor":26,"key":"Mummified Hand"},{"floor":29,"key":"Juzu Bracelet"},{"floor":29,"key":"Dream Catcher"},{"floor":31,"key":"Meat on the Bone"},{"floor":31,"key":"Smiling Mask"}],"event_choices":[{"event_name":"Shining Light","player_choice":"Entered Light","floor":3,"damage_taken":0},{"event_name":"Addict","player_choice":"Obtained Relic","floor":19,"damage_taken":0}],"boss_relics":[{"not_picked":["Runic Cube","Runic Pyramid"],"picked":"Black Star"}],"items_purged_floors":[13],"is_endless":false,"potions_floor_spawned":[4,11,12,14,18,20,25,29],"seed_played":"-7373787169507635911","killed_by":"Automaton","ascension_level":4,"potions_obtained":[{"floor":4,"key":"Poison Potion"},{"floor":11,"key":"SpeedPotion"},{"floor":12,"key":"Swift Potion"},{"floor":14,"key":"Dexterity Potion"},{"floor":18,"key":"Ancient Potion"},{"floor":20,"key":"BloodPotion"},{"floor":29,"key":"PowerPotion"}],"is_trial":false}