{"gold_per_floor":[118,136,156,231,12,12,37,37,107,142,152,5,16,34,34,34],"floor_reached":16,"playtime":715,"items_purged":["Strike_R","Strike_R"],"score":140,"play_id":"ac33a300-c724-4d44-bdb4-96620849859d","local_time":"20190623194656","is_ascension_mode":true,"campfire_choices":[{"data":"Berserk","floor":6,"key":"SMITH"},{"floor":8,"key":"REST"},{"floor":15,"key":"REST"}],"neow_cost":"TEN_PERCENT_HP_LOSS","seed_source_timestamp":36421740255394,"circlet_count":0,"master_deck":["Strike_R","Defend_R","Defend_R","Defend_R","Defend_R","Bash","Berserk+1","Blood for Blood","Reckless Charge","Wild Strike","True Grit","Fiend Fire","Feel No Pain","Cleave","Iron Wave","Whirlwind"],"relics":["Burning Blood","Bronze Scales","Ancient Tea Set","Pear","Regal Pillow"],"potions_floor_usage":[2,16],"damage_taken":[{"damage":0,"enemies":"2 Louse","floor":1,"turns":4},{"damage":0,"enemies":"Jaw Worm","floor":2,"turns":1},{"damage":9,"enemies":"Cultist","floor":3,"turns":3},{"damage":33,"enemies":"3 Sentries","floor":7,"turns":9},{"damage":13,"enemies":"Lagavulin","floor":10,"turns":7},{"damage":12,"enemies":"Exordium Wildlife","floor":11,"turns":4},{"damage":6,"enemies":"Looter","floor":13,"turns":2},{"damage":26,"enemies":"Blue Slaver","floor":14,"turns":4},{"damage":75,"enemies":"Slime Boss","floor":16,"turns":5}],"seed_played":"-7991374019019117739","potions_obtained":[{"floor":1,"key":"SteroidPotion"},{"floor":13,"key":"Swift Potion"}],"is_trial":false,"path_per_floor":["M","M","M","?","$","R","E","R","T","E","M","$","M","M","R","B"],"character_chosen":"IRONCLAD","items_purchased":["Bronze Scales","Iron Wave"],"campfire_rested":2,"item_purchase_floors":[5,12],"current_hp_per_floor":[72,72,69,58,58,58,31,52,62,55,49,49,49,29,68,0],"gold":34,"neow_bonus":"TRANSFORM_TWO_CARDS","is_prod":false,"is_daily":false,"chose_seed":false,"campfire_upgraded":1,"win_rate":0,"timestamp":1561333616,"path_taken":["M","M","M","?","$","R","E","R","T","E","M","$","M","M","R","BOSS"],"build_version":"2019-01-23","purchased_purges":2,"victory":false,"max_hp_per_floor":[72,72,72,72,72,72,72,72,82,82,82,82,82,82,82,82],"card_choices":[{"not_picked":["Searing Blow","Wild Strike"],"picked":"Reckless Charge","floor":1},{"not_picked":["Heavy Blade","Havoc"],"picked":"Wild Strike","floor":2},{"not_picked":["Cleave","Infernal Blade"],"picked":"True Grit","floor":3},{"not_picked":["Ghostly Armor","Fire Breathing"],"picked":"Fiend Fire","floor":7},{"not_picked":["Rampage","Wild Strike"],"picked":"Feel No Pain","floor":10},{"not_picked":["Pommel Strike","Armaments"],"picked":"Cleave","floor":11},{"not_picked":["Havoc","Sever Soul","True Grit"],"picked":"SKIP","floor":13},{"not_picked":["Second Wind","Heavy Blade"],"picked":"Whirlwind","floor":14}],"player_experience":185382,"relics_obtained":[{"floor":7,"key":"Ancient Tea Set"},{"floor":9,"key":"Pear"},{"floor":10,"key":"Regal Pillow"}],"event_choices":[{"damage_healed":0,"gold_gain":75,"player_choice":"Gather Gold","damage_taken":11,"max_hp_gain":0,"max_hp_loss":0,"event_name":"World of Goop","floor":4,"gold_loss":0}],"is_beta":false,"boss_relics":[],"items_purged_floors":[5,12],"is_endless":false,"potions_floor_spawned":[1,13],"killed_by":"Slime Boss","ascension_level":5}