{"gold_per_floor":[116,132,149,149,161,161,190,190,220,220,250,264,6,6,6,101,101,118,135,35,46,59,59,59],"floor_reached":24,"playtime":1392,"items_purged":["Defend_G","Defend_G"],"score":208,"play_id":"9c8604d7-1f28-4bcc-a464-8d82346bce72","local_time":"20190131195253","is_ascension_mode":false,"campfire_choices":[{"data":"Poisoned Stab","floor":6,"key":"SMITH"},{"data":"Madness","floor":8,"key":"SMITH"},{"floor":10,"key":"REST"},{"floor":15,"key":"REST"},{"floor":23,"key":"REST"}],"neow_cost":"NONE","seed_source_timestamp":295336633563503,"circlet_count":0,"master_deck":["Defend_G","Defend_G","Defend_G","Strike_G+1","Strike_G+1","Survivor","Neutralize","Madness+1","Poisoned Stab+1","Dagger Spray","Dagger Spray","Backflip","Noxious Fumes","Acrobatics","Corpse Explosion","PiercingWail","Backstab","Glass Knife","Catalyst+1","Slice+1","Quick Slash+1","Dagger Spray+1"],"relics":["Ring of the Snake","Whetstone","Tiny Chest","Letter Opener","Mummified Hand","Empty Cage"],"potions_floor_usage":[16,22],"damage_taken":[{"damage":0,"enemies":"2 Louse","floor":1,"turns":3},{"damage":0,"enemies":"Cultist","floor":2,"turns":5},{"damage":3,"enemies":"Jaw Worm","floor":3,"turns":4},{"damage":0,"enemies":"Red Slaver","floor":5,"turns":4},{"damage":19,"enemies":"3 Sentries","floor":7,"turns":7},{"damage":40,"enemies":"Gremlin Nob","floor":11,"turns":5},{"damage":0,"enemies":"2 Fungi Beasts","floor":12,"turns":3},{"damage":28,"enemies":"Slime Boss","floor":16,"turns":8},{"damage":15,"enemies":"2 Thieves","floor":18,"turns":2},{"damage":0,"enemies":"Chosen","floor":19,"turns":4},{"damage":11,"enemies":"Shelled Parasite and Fungi","floor":21,"turns":5},{"damage":36,"enemies":"Snecko","floor":22,"turns":7},{"damage":31,"enemies":"Centurion and Healer","floor":24,"turns":5}],"seed_played":"-589735087634847051","potions_obtained":[{"floor":2,"key":"Energy Potion"},{"floor":7,"key":"Poison Potion"},{"floor":16,"key":"Block Potion"},{"floor":19,"key":"EssenceOfSteel"},{"floor":22,"key":"SkillPotion"}],"is_trial":false,"path_per_floor":["M","M","M","?","M","R","E","R","T","R","E","M","$","T","R","B",null,"M","M","$","M","M","R","M"],"character_chosen":"THE_SILENT","items_purchased":["Corpse Explosion","PiercingWail","Backstab"],"campfire_rested":3,"item_purchase_floors":[13,13,13],"current_hp_per_floor":[70,70,67,67,67,67,48,48,48,69,29,29,29,29,50,22,70,55,55,55,44,8,29,0],"gold":59,"neow_bonus":"RANDOM_COLORLESS","is_prod":false,"is_daily":false,"chose_seed":false,"campfire_upgraded":2,"win_rate":0.0,"timestamp":1548931973,"path_taken":["M","M","M","?","M","R","E","R","T","R","E","M","$","?","R","BOSS","M","M","$","M","?","R","?"],"build_version":"2019-01-23","purchased_purges":2,"victory":false,"max_hp_per_floor":[70,70,70,70,70,70,70,70,70,70,70,70,70,70,70,70,70,70,70,70,70,70,70,70],"card_choices":[{"not_picked":["Prepared","Slice"],"picked":"Poisoned Stab","floor":1},{"not_picked":["Prepared","Expertise"],"picked":"Dagger Spray","floor":2},{"not_picked":["Acrobatics","Dagger Throw"],"picked":"Dagger Spray","floor":3},{"not_picked":["Underhanded Strike","Dagger Throw"],"picked":"Backflip","floor":5},{"not_picked":["After Image","Sucker Punch"],"picked":"Noxious Fumes","floor":7},{"not_picked":["Endless Agony","Sucker Punch","Underhanded Strike"],"picked":"SKIP","floor":11},{"not_picked":["Predator","Underhanded Strike"],"picked":"Acrobatics","floor":12},{"not_picked":["Wraith Form v2","Venomology"],"picked":"Glass Knife","floor":16},{"not_picked":["Heel Hook+1","Quick Slash"],"picked":"Catalyst+1","floor":18},{"not_picked":["Flying Knee","Acrobatics"],"picked":"Slice+1","floor":19},{"not_picked":["Flechettes","Sucker Punch"],"picked":"Quick Slash+1","floor":21},{"not_picked":["PiercingWail","Acrobatics"],"picked":"Dagger Spray+1","floor":22}],"player_experience":50441,"relics_obtained":[{"floor":7,"key":"Whetstone"},{"floor":9,"key":"Tiny Chest"},{"floor":11,"key":"Letter Opener"},{"floor":14,"key":"Mummified Hand"}],"event_choices":[{"cards_removed":["Strike_G"],"damage_healed":0,"gold_gain":0,"player_choice":"Purged","damage_taken":0,"max_hp_gain":0,"max_hp_loss":0,"event_name":"Purifier","floor":4,"gold_loss":0}],"is_beta":false,"boss_relics":[{"not_picked":["White Beast Statue","Coffee Dripper"],"picked":"Empty Cage"}],"items_purged_floors":[13,20],"is_endless":false,"potions_floor_spawned":[2,7,16,19,21,22],"killed_by":"Centurion and Healer","ascension_level":0}