{"gold_per_floor":[114,125,125,139,152,152,190,190,213,257,282,282,325,37,37,167,167,183,197,41,41,60,60,60],"floor_reached":24,"playtime":2341,"items_purged":["Strike_R"],"score":281,"play_id":"94c74e03-cf43-43ef-8c45-ebf2b9ce4bc3","local_time":"20190713094306","is_ascension_mode":true,"campfire_choices":[{"data":"Armaments","floor":6,"key":"SMITH"},{"floor":12,"key":"REST"},{"data":"Shrug It Off","floor":15,"key":"SMITH"},{"floor":23,"key":"REST"}],"neow_cost":"NONE","seed_source_timestamp":999583248996,"circlet_count":0,"master_deck":["Strike_R","Strike_R","Strike_R","Strike_R","Defend_R","Defend_R","Defend_R","Defend_R","Bash+1","Infernal Blade","Headbutt","Armaments+1","Clothesline","Twin Strike","Cleave","Shrug It Off+1","Flame Barrier","Impervious","Flex","Shockwave","Enlightenment","Purity","Feed","Flame Barrier+1"],"relics":["Burning Blood","Boot","Golden Idol","Bag of Marbles","Orichalcum","Bottled Lightning","Lantern","Blood Vial","Eternal Feather"],"potions_floor_usage":[5,10,16,19,22],"damage_taken":[{"damage":8,"enemies":"Jaw Worm","floor":1,"turns":4},{"damage":9,"enemies":"2 Louse","floor":2,"turns":3},{"damage":1,"enemies":"Cultist","floor":4,"turns":3},{"damage":1,"enemies":"Exordium Thugs","floor":5,"turns":6},{"damage":41,"enemies":"3 Sentries","floor":7,"turns":12},{"damage":12,"enemies":"Gremlin Nob","floor":10,"turns":3},{"damage":0,"enemies":"Gremlin Gang","floor":11,"turns":3},{"damage":31,"enemies":"Lagavulin","floor":13,"turns":10},{"damage":42,"enemies":"The Guardian","floor":16,"turns":15},{"damage":22,"enemies":"Spheric Guardian","floor":18,"turns":4},{"damage":11,"enemies":"Shell Parasite","floor":19,"turns":7},{"damage":27,"enemies":"3 Cultists","floor":22,"turns":7},{"damage":69,"enemies":"Book of Stabbing","floor":24,"turns":7}],"seed_played":"-96885056910343200","potions_obtained":[{"floor":1,"key":"Weak Potion"},{"floor":2,"key":"Strength Potion"},{"floor":4,"key":"BloodPotion"},{"floor":16,"key":"PowerPotion"},{"floor":18,"key":"Fire Potion"}],"is_trial":false,"path_per_floor":["M","M","?","M","M","R","E","?","T","E","M","R","E","$","R","B",null,"M","M","$","?","M","R","E"],"character_chosen":"IRONCLAD","items_purchased":["Lantern","Blood Vial","Enlightenment"],"campfire_rested":2,"item_purchase_floors":[14,14,20],"current_hp_per_floor":[70,67,47,52,77,77,42,42,42,36,42,66,41,41,41,7,62,48,45,45,45,29,65,0],"gold":60,"neow_bonus":"RANDOM_COMMON_RELIC","is_prod":false,"is_daily":false,"chose_seed":false,"campfire_upgraded":2,"win_rate":0,"timestamp":1563025386,"path_taken":["M","M","?","M","M","R","E","?","T","E","?","R","E","$","R","BOSS","M","M","$","?","M","R","E"],"build_version":"2019-07-05","purchased_purges":1,"victory":false,"max_hp_per_floor":[80,80,80,80,80,80,80,80,80,80,80,80,80,80,80,80,80,80,80,80,80,83,83,83],"card_choices":[{"not_picked":["Intimidate","Iron Wave"],"picked":"Infernal Blade","floor":1},{"not_picked":["Anger","Havoc"],"picked":"Headbutt","floor":2},{"not_picked":["Fire Breathing","Combust"],"picked":"Armaments","floor":4},{"not_picked":["Thunderclap","Body Slam"],"picked":"Clothesline","floor":5},{"not_picked":["Intimidate","Armaments"],"picked":"Twin Strike","floor":7},{"not_picked":["Body Slam","Feel No Pain"],"picked":"Cleave","floor":10},{"not_picked":["Pommel Strike","Twin Strike"],"picked":"Shrug It Off","floor":11},{"not_picked":["Bludgeon","Heavy Blade"],"picked":"Flame Barrier","floor":13},{"not_picked":["Double Tap","Berserk"],"picked":"Impervious","floor":16},{"not_picked":["Cleave","Reckless Charge+1"],"picked":"Flex","floor":18},{"not_picked":["Intimidate","Feel No Pain"],"picked":"Shockwave","floor":19},{"not_picked":["Iron Wave","Headbutt"],"picked":"Flame Barrier+1","floor":22}],"player_experience":280817,"relics_obtained":[{"floor":7,"key":"Bag of Marbles"},{"floor":10,"key":"Orichalcum"},{"floor":13,"key":"Bottled Lightning"}],"event_choices":[{"damage_healed":0,"gold_gain":0,"player_choice":"Take Damage","damage_taken":20,"relics_obtained":["Golden Idol"],"max_hp_gain":0,"max_hp_loss":0,"event_name":"Golden Idol","floor":3,"gold_loss":0},{"damage_healed":0,"gold_gain":0,"player_choice":"Upgraded","damage_taken":0,"max_hp_gain":0,"max_hp_loss":0,"event_name":"Upgrade Shrine","floor":8,"gold_loss":0,"cards_upgraded":["Bash"]},{"damage_healed":0,"gold_gain":0,"player_choice":"2 cards matched","damage_taken":0,"max_hp_gain":0,"max_hp_loss":0,"event_name":"Match and Keep!","floor":21,"gold_loss":0,"cards_obtained":["Purity","Feed"]}],"is_beta":false,"boss_relics":[{"not_picked":["Philosopher\u0027s Stone","Fusion Hammer"],"picked":"Eternal Feather"}],"items_purged_floors":[20],"is_endless":false,"potions_floor_spawned":[1,2,4,16,18],"killed_by":"Book of Stabbing","ascension_level":6}