{"gold_per_floor":[114,64,80,20,38,51,64,24,77,102,102,113,125,140,140,245,245,262,262,262,262,272,272,285,319,319,319,319],"floor_reached":28,"playtime":1358,"items_purged":["Shame"],"score":315,"play_id":"84d3e2a9-75df-4f3f-a4a8-a700217723fc","local_time":"20190209141110","is_ascension_mode":true,"campfire_choices":[{"floor":11,"key":"REST"},{"floor":15,"key":"REST"},{"data":"J.A.X.","floor":23,"key":"SMITH"},{"floor":27,"key":"REST"}],"neow_cost":"NONE","seed_source_timestamp":1409452549959917,"circlet_count":0,"master_deck":["Defend_G","Defend_G","Defend_G","Defend_G","Defend_G","Survivor","Neutralize","Decay","Backflip","Blade Dance","Quick Slash","Dash","Cloak And Dagger","Cloak And Dagger","Noxious Fumes","Infinite Blades","Footwork","Malaise","After Image","Bite","Bite","Bite","Bite","Bite","J.A.X.+1","After Image","PiercingWail","Riddle With Holes","PiercingWail+1"],"relics":["Calling Bell","Strawberry","The Courier","Gambling Chip","Art of War","Question Card","WristBlade","Anchor","Molten Egg 2"],"potions_floor_usage":[6,10,12,16,25],"damage_taken":[{"damage":13,"enemies":"Jaw Worm","floor":1,"turns":6},{"damage":4,"enemies":"2 Louse","floor":3,"turns":4},{"damage":1,"enemies":"Small Slimes","floor":5,"turns":5},{"damage":7,"enemies":"Exordium Thugs","floor":6,"turns":5},{"damage":0,"enemies":"Exordium Wildlife","floor":7,"turns":5},{"damage":50,"enemies":"Lagavulin","floor":10,"turns":11},{"damage":5,"enemies":"3 Louse","floor":12,"turns":3},{"damage":3,"enemies":"Blue Slaver","floor":13,"turns":4},{"damage":5,"enemies":"2 Fungi Beasts","floor":14,"turns":5},{"damage":22,"enemies":"Slime Boss","floor":16,"turns":14},{"damage":24,"enemies":"Chosen","floor":18,"turns":9},{"damage":20,"enemies":"Shell Parasite","floor":22,"turns":8},{"damage":26,"enemies":"Sentry and Sphere","floor":24,"turns":9},{"damage":35,"enemies":"Slavers","floor":25,"turns":5},{"damage":33,"enemies":"Book of Stabbing","floor":28,"turns":5}],"seed_played":"-550938032850361830","potions_obtained":[{"floor":3,"key":"GhostInAJar"},{"floor":6,"key":"SkillPotion"},{"floor":10,"key":"EssenceOfSteel"},{"floor":14,"key":"Swift Potion"},{"floor":24,"key":"GhostInAJar"}],"is_trial":false,"path_per_floor":["M","?","M","$","M","M","M","$","T","E","R","M","M","M","R","B",null,"M","?","?","?","M","R","M","E","T","R","E"],"character_chosen":"THE_SILENT","items_purchased":["Cloak And Dagger"],"campfire_rested":3,"item_purchase_floors":[8],"current_hp_per_floor":[64,64,60,60,59,52,52,52,52,2,25,20,17,12,35,13,77,53,53,53,53,47,47,37,10,10,25,0],"gold":319,"neow_bonus":"BOSS_RELIC","is_prod":false,"is_daily":false,"chose_seed":false,"campfire_upgraded":1,"win_rate":0,"timestamp":1549743070,"path_taken":["M","?","M","$","M","M","M","$","T","E","R","M","M","M","R","BOSS","M","?","?","?","?","R","M","E","T","R","E"],"build_version":"2019-02-06","purchased_purges":1,"victory":false,"max_hp_per_floor":[77,77,77,77,77,77,77,77,77,77,77,77,77,77,77,77,77,77,53,53,53,53,53,53,53,53,53,53],"card_choices":[{"not_picked":["Dagger Throw","Masterful Stab"],"picked":"Backflip","floor":1},{"not_picked":["Accuracy","Slice"],"picked":"Blade Dance","floor":3},{"not_picked":["Endless Agony","Flying Knee"],"picked":"Quick Slash","floor":5},{"not_picked":["Setup","Sucker Punch"],"picked":"Dash","floor":6},{"not_picked":["Infinite Blades","A Thousand Cuts"],"picked":"Cloak And Dagger","floor":7},{"not_picked":["Sucker Punch","Endless Agony"],"picked":"Noxious Fumes","floor":10},{"not_picked":["Predator","Deflect","Calculated Gamble"],"picked":"Infinite Blades","floor":12},{"not_picked":["Sucker Punch","Setup","Quick Slash"],"picked":"Footwork","floor":13},{"not_picked":["Quick Slash","Bane","Blade Dance"],"picked":"Malaise","floor":14},{"not_picked":["Unload","Phantasmal Killer","Doppelganger"],"picked":"After Image","floor":16},{"not_picked":["Outmaneuver","Eviscerate","Quick Slash","Predator"],"picked":"SKIP","floor":18},{"not_picked":["Flying Knee","Envenom","Poisoned Stab"],"picked":"PiercingWail","floor":22},{"not_picked":["Riddle With Holes","PiercingWail","Dagger Spray","Deadly Poison"],"picked":"SKIP","floor":24},{"not_picked":["PiercingWail","Dagger Spray","Deadly Poison"],"picked":"Riddle With Holes","floor":24},{"not_picked":["Tools of the Trade","Endless Agony","Infinite Blades+1"],"picked":"PiercingWail+1","floor":25}],"player_experience":439741,"relics_obtained":[{"floor":0,"key":"Strawberry"},{"floor":0,"key":"The Courier"},{"floor":0,"key":"Gambling Chip"},{"floor":9,"key":"Art of War"},{"floor":10,"key":"Question Card"},{"floor":25,"key":"Anchor"},{"floor":26,"key":"Molten Egg 2"}],"event_choices":[{"cards_removed":["Regret"],"damage_healed":0,"gold_gain":0,"player_choice":"Card Removal","damage_taken":0,"max_hp_gain":0,"max_hp_loss":0,"event_name":"The Cleric","floor":2,"gold_loss":50},{"damage_healed":0,"gold_gain":0,"player_choice":"Became a vampire","damage_taken":0,"max_hp_gain":0,"max_hp_loss":24,"event_name":"Vampires","floor":19,"gold_loss":0,"cards_obtained":["Bite","Bite","Bite","Bite","Bite"]},{"damage_healed":0,"gold_gain":0,"player_choice":"Obtain J.A.X.","damage_taken":0,"max_hp_gain":0,"max_hp_loss":0,"event_name":"Drug Dealer","floor":20,"gold_loss":0,"cards_obtained":["J.A.X."]},{"damage_healed":0,"gold_gain":0,"player_choice":"Copied","damage_taken":0,"max_hp_gain":0,"max_hp_loss":0,"event_name":"Duplicator","floor":21,"gold_loss":0,"cards_obtained":["After Image"]}],"is_beta":true,"boss_relics":[{"not_picked":["Fusion Hammer","Busted Crown"],"picked":"WristBlade"}],"items_purged_floors":[4],"is_endless":false,"potions_floor_spawned":[3,6,10,14,24],"killed_by":"Book of Stabbing","ascension_level":4}