{"gold_per_floor":[113,113,123,140,151,151,183,62,62,75,95,195,17,37,37,140,140,150,150,79,79],"floor_reached":21,"playtime":709,"items_purged":["Strike_R","Strike_R"],"score":235,"play_id":"8f269d18-802f-468d-b02d-92b0922e280d","local_time":"20190706161530","is_ascension_mode":true,"campfire_choices":[{"data":"Twin Strike","floor":6,"key":"SMITH"},{"floor":15,"key":"REST"}],"neow_cost":"NONE","seed_source_timestamp":25936639089438,"circlet_count":0,"master_deck":["Strike_R+1","Defend_R+1","Defend_R+1","Defend_R+1","Defend_R+1","Bash","Offering","Thunderclap","Twin Strike+1","Demon Form","Pommel Strike","Evolve","Heavy Blade","Blood for Blood","True Grit","Clothesline","Havoc","Inflame","Limit Break","Iron Wave","Exhume"],"relics":["Burning Blood","Blood Vial","Empty Cage"],"potions_floor_usage":[14,16],"damage_taken":[{"damage":7,"enemies":"Jaw Worm","floor":1,"turns":4},{"damage":6,"enemies":"Cultist","floor":3,"turns":3},{"damage":6,"enemies":"2 Louse","floor":4,"turns":2},{"damage":17,"enemies":"Red Slaver","floor":5,"turns":4},{"damage":22,"enemies":"Gremlin Nob","floor":7,"turns":3},{"damage":18,"enemies":"Large Slime","floor":10,"turns":5},{"damage":21,"enemies":"3 Louse","floor":11,"turns":4},{"damage":14,"enemies":"Blue Slaver","floor":14,"turns":4},{"damage":34,"enemies":"Slime Boss","floor":16,"turns":6},{"damage":48,"enemies":"Shell Parasite","floor":18,"turns":6},{"damage":26,"enemies":"3 Byrds","floor":21,"turns":3}],"seed_played":"-8632987063679690300","potions_obtained":[{"floor":7,"key":"Swift Potion"},{"floor":10,"key":"SkillPotion"},{"floor":11,"key":"Ancient Potion"},{"floor":18,"key":"FearPotion"}],"is_trial":false,"path_per_floor":["M","?","M","M","M","R","E","$","T","M","M","?","$","M","R","B",null,"M","?","$","M"],"character_chosen":"IRONCLAD","items_purchased":["True Grit","Inflame","Exhume"],"campfire_rested":1,"item_purchase_floors":[8,13,20],"current_hp_per_floor":[71,71,71,71,60,60,44,44,44,34,21,21,21,15,39,13,63,23,23,23,0],"gold":79,"neow_bonus":"ONE_RANDOM_RARE_CARD","is_prod":false,"is_daily":false,"chose_seed":false,"campfire_upgraded":1,"win_rate":0,"timestamp":1562444130,"path_taken":["M","?","M","M","M","R","E","?","T","?","M","?","$","?","R","BOSS","M","?","$","M"],"build_version":"2019-07-05","purchased_purges":2,"victory":false,"max_hp_per_floor":[80,80,80,80,80,80,80,80,80,80,80,80,80,80,80,80,80,80,80,80,80],"card_choices":[{"not_picked":["Body Slam","Wild Strike"],"picked":"Thunderclap","floor":1},{"not_picked":["Thunderclap","Body Slam"],"picked":"Pommel Strike","floor":3},{"not_picked":["Wild Strike","Havoc"],"picked":"Evolve","floor":4},{"not_picked":["Shrug It Off","Disarm"],"picked":"Heavy Blade","floor":5},{"not_picked":["Clothesline","Body Slam"],"picked":"Blood for Blood","floor":7},{"not_picked":["Entrench","Corruption"],"picked":"Clothesline","floor":10},{"not_picked":["Flex","Blood for Blood"],"picked":"Havoc","floor":11},{"not_picked":["Carnage","Blood for Blood","Body Slam"],"picked":"SKIP","floor":14},{"not_picked":["Berserk","Feed"],"picked":"Limit Break","floor":16},{"not_picked":["Searing Blow","Armaments"],"picked":"Iron Wave","floor":18}],"player_experience":261998,"relics_obtained":[{"floor":7,"key":"Blood Vial"}],"event_choices":[{"damage_healed":0,"gold_gain":0,"player_choice":"2 cards matched","damage_taken":0,"max_hp_gain":0,"max_hp_loss":0,"event_name":"Match and Keep!","floor":2,"gold_loss":0,"cards_obtained":["Twin Strike","Demon Form"]},{"damage_healed":0,"gold_gain":100,"player_choice":"Gold","damage_taken":0,"max_hp_gain":0,"max_hp_loss":0,"event_name":"Wheel of Change","floor":12,"gold_loss":0},{"damage_healed":0,"gold_gain":0,"player_choice":"Simplicity","damage_taken":0,"max_hp_gain":0,"max_hp_loss":0,"event_name":"Back to Basics","floor":19,"gold_loss":0,"cards_upgraded":["Strike_R","Defend_R","Defend_R","Defend_R","Defend_R"]}],"is_beta":false,"boss_relics":[{"not_picked":["Cursed Key","Runic Dome"],"picked":"Empty Cage"}],"items_purged_floors":[8,13],"is_endless":false,"potions_floor_spawned":[7,10,11,18],"killed_by":"3 Byrds","ascension_level":6}