{"path_per_floor":["M","?","M","$","M","R","E","R","T","M","R","M","M","?","R","B",null,"M","?","M","M","T","E","M","R","T","R","E","$","?","E","R","B",null,"M","T","?","$","M","E","R","M","T","M","R","M","R","T","R"],"character_chosen":"THE_SILENT","items_purchased":["Frozen Egg 2","War Paint"],"gold_per_floor":[10,10,30,30,48,48,83,83,83,95,95,113,126,126,126,221,221,237,237,221,237,264,321,335,335,412,412,442,110,110,138,138,233,263,283,283,333,79,94,124,124,134,160,179,179,192,192,192,192],"floor_reached":50,"campfire_rested":0,"playtime":2812,"current_hp_per_floor":[70,70,68,68,68,68,63,63,63,63,63,63,63,49,49,35,70,48,32,34,33,33,28,31,31,31,31,41,41,41,47,47,17,79,81,81,70,70,71,76,76,78,78,81,81,85,85,87,87],"items_purged":["Strike_G","Strike_G"],"gold":192,"score":580,"play_id":"1a345555-87b5-4a48-94ed-32507638a49b","local_time":"20180308021915","is_prod":false,"is_daily":false,"is_ascension_mode":false,"campfire_upgraded":2,"timestamp":1520497155,"path_taken":["M","?","?","?","M","R","E","R","T","M","R","M","M","?","R","BOSS","M","?","M","M","?","E","M","R","T","R","E","$","?","E","R","BOSS","M","?","?","$","M","E","R","M","T","M","R","M","R","?","R","BOSS"],"build_version":"2018-03-01-BETA1","purchased_purges":2,"victory":false,"master_deck":["Defend_G+1","Defend_G","Defend_G","Defend_G+1","Defend_G","Strike_G+1","Survivor","Neutralize","Malaise","Dash+1","Flying Knee+1","Sucker Punch+1","Sucker Punch+1","PiercingWail","Backflip+1","Prepared","Dagger Throw+1","Backstab","Backflip+1","Slice","Decay","Poisoned Stab+1","Cloak And Dagger+1","Poisoned Stab+1","Blade Dance+1","Poisoned Stab+1"],"max_hp_per_floor":[70,70,70,70,70,70,70,70,70,70,70,70,70,70,70,70,70,70,70,70,70,70,70,70,70,70,70,70,70,70,72,72,74,79,81,81,81,81,81,83,83,83,83,85,85,85,85,87,87],"relics":["Ring of the Snake","Vajra","Shovel","Bird Faced Urn","Du-Vu Doll","Black Star","Enchiridion","Blood Vial","Bag of Marbles","Tiny Chest","Dream Catcher","Pantograph","Bronze Scales","Tingsha","Thread and Needle","Frozen Egg 2","Singing Bowl","Snake Skull","Centennial Puzzle","Tiny House","Sundial","Dead Branch","War Paint","Ginger","Calipers","Pen Nib","Prayer Wheel","Girya","Unceasing Top"],"card_choices":[{"not_picked":["Underhanded Strike","Reflex"],"picked":"Flying Knee"},{"not_picked":["Underhanded Strike","Outmaneuver"],"picked":"Sucker Punch"},{"not_picked":["Infinite Blades","Prepared"],"picked":"Sucker Punch"},{"not_picked":["Outmaneuver","Flechettes"],"picked":"PiercingWail"},{"not_picked":["Poisoned Stab","Sucker Punch"],"picked":"Backflip"},{"not_picked":["Quick Slash","Crippling Poison"],"picked":"Prepared"},{"not_picked":["Bane","Underhanded Strike"],"picked":"Dagger Throw"},{"not_picked":["A Thousand Cuts","Acrobatics"],"picked":"Backstab"},{"not_picked":["Deflect","Outmaneuver"],"picked":"Backflip"},{"not_picked":["Backflip","Noxious Fumes"],"picked":"Slice"},{"not_picked":["Dodge and Roll","Flying Knee"],"picked":"Poisoned Stab"},{"not_picked":["Bane","Quick Slash"],"picked":"Cloak And Dagger"},{"not_picked":["Caltrops","Flying Knee"],"picked":"Poisoned Stab"},{"not_picked":["Backflip","Finisher"],"picked":"Blade Dance"},{"not_picked":["Backflip","Flying Knee"],"picked":"Poisoned Stab"}],"player_experience":106991,"potions_floor_usage":[7,16,16,16,23,28,28,33,35,37,40,42],"damage_taken":[{"damage":0,"enemies":"Small Slimes","floor":1,"turns":3},{"damage":2,"enemies":"Jaw Worm","floor":3,"turns":3},{"damage":0,"enemies":"Cultist","floor":5,"turns":3},{"damage":13,"enemies":"Gremlin Nob","floor":7,"turns":5},{"damage":0,"enemies":"Red Slaver","floor":10,"turns":4},{"damage":0,"enemies":"Large Slime","floor":12,"turns":7},{"damage":0,"enemies":"3 Louse","floor":13,"turns":3},{"damage":29,"enemies":"Slime Boss","floor":16,"turns":13},{"damage":22,"enemies":"Spheric Guardian","floor":18,"turns":4},{"damage":0,"enemies":"2 Thieves","floor":20,"turns":4},{"damage":3,"enemies":"Snake Plant","floor":21,"turns":5},{"damage":9,"enemies":"Slavers","floor":23,"turns":6},{"damage":1,"enemies":"Snecko","floor":24,"turns":5},{"damage":6,"enemies":"Book of Stabbing","floor":28,"turns":5},{"damage":0,"enemies":"Gremlin Leader","floor":31,"turns":8},{"damage":57,"enemies":"Automaton","floor":33,"turns":15},{"damage":0,"enemies":"3 Darklings","floor":35,"turns":8},{"damage":11,"enemies":"Mysterious Sphere","floor":37,"turns":7},{"damage":3,"enemies":"Orb Walker","floor":39,"turns":3},{"damage":1,"enemies":"Nemesis","floor":40,"turns":5},{"damage":2,"enemies":"Flame Bruiser 2 Orb","floor":42,"turns":4},{"damage":3,"enemies":"Maw","floor":44,"turns":5},{"damage":0,"enemies":"Sphere and 2 Shapes","floor":46,"turns":5},{"damage":97,"enemies":"Time Eater","floor":50,"turns":9}],"event_choices":[{"event_name":"Living Wall","player_choice":"Grow","floor":2,"damage_taken":0},{"event_name":"Shining Light","player_choice":"Entered Light","floor":14,"damage_taken":0},{"event_name":"Cursed Tome","player_choice":"Obtained Book","floor":19,"damage_taken":0},{"event_name":"Wheel of Change","player_choice":"Curse","floor":30,"damage_taken":0},{"event_name":"Mysterious Sphere","player_choice":"Fight","floor":37,"damage_taken":0}],"boss_relics":[{"not_picked":["Lizard Tail","Question Card"],"picked":"Black Star"},{"not_picked":["Runic Pyramid","Eternal Feather"],"picked":"Tiny House"}],"potions_floor_spawned":[5,10,12,13,18,20,23,28,35,39,40],"seed_played":"-3787895920248595768","killed_by":"Time Eater","ascension_level":0,"is_trial":false}