{"gold_per_floor":[109,184,204,219,219,219],"floor_reached":6,"playtime":271,"items_purged":[],"score":43,"play_id":"de1fbc1e-ac71-4db6-b563-f679990f71cc","local_time":"20190615222201","is_ascension_mode":true,"campfire_choices":[],"neow_cost":"NONE","seed_source_timestamp":13818964763685,"circlet_count":0,"master_deck":["Strike_R","Strike_R","Strike_R","Strike_R","Strike_R","Defend_R","Defend_R","Defend_R","Defend_R","Bash","Rampage","Flame Barrier","Pommel Strike","Pummel","Shockwave","Cleave","Flex"],"relics":["Orrery","Nunchaku"],"potions_floor_usage":[4],"damage_taken":[{"damage":10,"enemies":"Cultist","floor":1,"turns":4},{"damage":6,"enemies":"Small Slimes","floor":3,"turns":2},{"damage":2,"enemies":"2 Louse","floor":4,"turns":3},{"damage":33,"enemies":"Lagavulin","floor":6,"turns":5}],"seed_played":"-4655418186915893825","potions_obtained":[{"floor":3,"key":"Block Potion"}],"is_trial":false,"path_per_floor":["M","?","M","M","?","E"],"character_chosen":"IRONCLAD","items_purchased":[],"campfire_rested":0,"item_purchase_floors":[],"current_hp_per_floor":[70,59,53,51,33,0],"gold":219,"neow_bonus":"BOSS_RELIC","is_prod":false,"is_daily":false,"chose_seed":false,"campfire_upgraded":0,"win_rate":0,"timestamp":1560651721,"path_taken":["M","?","M","M","?","E"],"build_version":"2019-01-23","purchased_purges":0,"victory":false,"max_hp_per_floor":[80,80,80,80,80,80],"card_choices":[{"not_picked":["Heavy Blade","Pommel Strike"],"picked":"Rampage","floor":0},{"not_picked":["Combust","Sword Boomerang"],"picked":"Flame Barrier","floor":0},{"not_picked":["Perfected Strike","Twin Strike"],"picked":"Pommel Strike","floor":0},{"not_picked":["Body Slam","Twin Strike"],"picked":"Pummel","floor":0},{"not_picked":["Reckless Charge","Armaments"],"picked":"Shockwave","floor":0},{"not_picked":["Fire Breathing","Havoc"],"picked":"Cleave","floor":1},{"not_picked":["Twin Strike","Feel No Pain","Clash"],"picked":"SKIP","floor":3},{"not_picked":["Perfected Strike","Searing Blow"],"picked":"Flex","floor":4}],"player_experience":154922,"relics_obtained":[],"event_choices":[{"damage_healed":0,"gold_gain":75,"player_choice":"Gather Gold","damage_taken":11,"max_hp_gain":0,"max_hp_loss":0,"event_name":"World of Goop","floor":2,"gold_loss":0},{"damage_healed":0,"gold_gain":0,"player_choice":"Success","damage_taken":18,"relics_obtained":["Nunchaku"],"max_hp_gain":0,"max_hp_loss":0,"event_name":"Scrap Ooze","floor":5,"gold_loss":0}],"is_beta":false,"boss_relics":[],"items_purged_floors":[],"is_endless":false,"potions_floor_spawned":[3],"killed_by":"Lagavulin","ascension_level":4}