{"path_per_floor":["M","M","?","M","$","R","M","M","T","E","R","M","R","E","R","B",null,"M","$","T","?","M","R","$","M","T","R","M","M","M","M","R","B",null,"M","?","M","M","M","R","$","?","T","?","R","E","?","M","R","B"],"character_chosen":"IRONCLAD","items_purchased":["Feel No Pain","Bag of Preparation","Dexterity Potion","Regen Potion","Dark Shackles"],"gold_per_floor":[109,121,121,134,25,25,40,57,128,157,157,170,170,198,198,294,294,308,7,7,33,49,49,0,12,38,38,51,67,86,99,99,198,198,211,211,231,244,263,263,51,273,273,273,273,299,299,313,313,313],"floor_reached":51,"campfire_rested":2,"playtime":6932,"current_hp_per_floor":[80,80,85,82,82,82,62,44,44,37,37,32,32,18,18,26,85,77,77,77,43,27,27,27,17,17,17,14,16,23,17,42,13,85,81,81,85,85,55,55,55,55,55,76,85,79,79,79,79,12],"items_purged":["Defend_R","Strike_R","Strike_R"],"gold":313,"play_id":"acce2ff7-1960-4efb-b70d-2f6db633eeb2","is_prod":false,"is_daily":false,"is_ascension_mode":false,"campfire_upgraded":8,"path_taken":["M","M","?","?","$","R","M","M","T","E","R","M","R","E","R","BOSS","M","$","?","?","M","R","$","M","T","R","?","M","?","M","R","BOSS","M","?","M","?","M","R","$","?","T","?","R","E","?","M","R","BOSS"],"build_version":"2018-01-23-BETA1","purchased_purges":3,"victory":true,"master_deck":["Defend_R","Defend_R","Bash","Clumsy","Dark Embrace","True Grit","True Grit","Feel No Pain","Armaments","Battle Trance","Pommel Strike","Warcry","Bludgeon","Demon Form","Pummel","Headbutt","Sword Boomerang","Shrug It Off","Juggernaut","Barricade","Burning Pact","Berserk","Dark Shackles","Writhe"],"max_hp_per_floor":[80,80,85,85,85,85,85,85,85,85,85,85,85,85,85,85,85,85,85,85,85,85,85,85,85,85,85,85,85,85,85,85,85,85,85,85,85,85,85,85,85,85,85,85,85,85,85,85,85,85],"relics":["Black Blood","Self Forming Clay","Blood Vial","Bronze Scales","Bag of Preparation","Pantograph","Red Mask","Happy Flower","Astrolabe","Dodecahedron","Frozen Egg","Juzu Bracelet"],"card_choices":[{"not_picked":["Offering","Double Tap"],"picked":"Dark Embrace"},{"not_picked":["Anger","Intimidate"],"picked":"True Grit"},{"not_picked":["Uppercut","Shockwave"],"picked":"True Grit"},{"not_picked":["True Grit","Rampage"],"picked":"Armaments"},{"not_picked":["Whirlwind","Headbutt"],"picked":"Battle Trance"},{"not_picked":["Anger","Corruption"],"picked":"Pommel Strike"},{"not_picked":["Rupture","Disarm"],"picked":"Warcry"},{"not_picked":["Perfected Strike","True Grit"],"picked":"Bludgeon"},{"not_picked":["Reaper","Berserk"],"picked":"Demon Form"},{"not_picked":["Flex","Pommel Strike"],"picked":"Pummel"},{"not_picked":["Combust","Clothesline"],"picked":"Headbutt"},{"not_picked":["Flex","Body Slam"],"picked":"Sword Boomerang"},{"not_picked":["Power Through","Fire Breathing"],"picked":"Shrug It Off"},{"not_picked":["Feed","Limit Break"],"picked":"Juggernaut"}],"player_experience":0,"potions_floor_usage":[8,12,14,16,18,21,25,25,30,39,39,46,50],"damage_taken":[{"damage":0,"enemies":"Small Slimes","floor":1,"turns":3},{"damage":0,"enemies":"2 Louse","floor":2,"turns":5},{"damage":9,"enemies":"Blue Slaver","floor":4,"turns":8},{"damage":26,"enemies":"Lots of Slimes","floor":7,"turns":7},{"damage":24,"enemies":"Exordium Thugs","floor":8,"turns":6},{"damage":13,"enemies":"3 Sentries","floor":10,"turns":12},{"damage":13,"enemies":"2 Fungi Beasts","floor":12,"turns":7},{"damage":22,"enemies":"Lagavulin","floor":14,"turns":10},{"damage":0,"enemies":"Hexaghost","floor":16,"turns":12},{"damage":18,"enemies":"Shell Parasite","floor":18,"turns":6},{"damage":46,"enemies":"Masked Bandits","floor":21,"turns":7},{"damage":28,"enemies":"3 Byrds","floor":22,"turns":4},{"damage":37,"enemies":"3 Cultists","floor":25,"turns":7},{"damage":15,"enemies":"Snake Plant","floor":28,"turns":6},{"damage":10,"enemies":"Centurion and Healer","floor":29,"turns":7},{"damage":20,"enemies":"Slaver and Parasite","floor":30,"turns":10},{"damage":18,"enemies":"Snake Plant","floor":31,"turns":4},{"damage":66,"enemies":"Collector","floor":33,"turns":10},{"damage":14,"enemies":"3 Shapes","floor":35,"turns":9},{"damage":0,"enemies":"3 Darklings","floor":37,"turns":8},{"damage":0,"enemies":"4 Shapes","floor":38,"turns":7},{"damage":40,"enemies":"Flame Bruiser 2 Orb","floor":39,"turns":9},{"damage":16,"enemies":"Nemesis","floor":46,"turns":10},{"damage":12,"enemies":"Maw","floor":48,"turns":11},{"damage":83,"enemies":"Time Eater","floor":50,"turns":14}],"event_choices":[{"event_name":"Big Fish","player_choice":"Donut","floor":3,"damage_taken":0},{"event_name":"Masked Bandits","player_choice":"Fought over 7 gold","floor":21,"damage_taken":0},{"event_name":"Wheel of Change","player_choice":"Relic","floor":36,"damage_taken":0},{"event_name":"Tomb of Lord Red Mask","player_choice":"Wore Mask","floor":42,"damage_taken":0},{"event_name":"Winding Halls","player_choice":"Writhe","floor":44,"damage_taken":0}],"boss_relics":[{"not_picked":["Runic Pyramid","Orrery"],"picked":"Black Blood"},{"not_picked":["Philosopher\u0027s Stone","Black Star"],"picked":"Astrolabe"}],"potions_floor_spawned":[2,8,12,14,16,21,29,33,37,39,48],"seed_played":"-4687982927479036622","ascension_level":0,"is_trial":false}