{"gold_per_floor":[115,115,115,190,203,229,244,244,244,244,275,288,308,338,338,435,435,455,466,68,68,78,112,112,112,193,219,235,9,9,22,22,117,117,132,151,151,164,164,164,164],"floor_reached":41,"playtime":3146,"items_purged":["Strike_G","Strike_G"],"score":575,"play_id":"4036d8e1-bef1-4ff3-a979-5d28dbc9b77f","local_time":"20190604211956","is_ascension_mode":true,"campfire_choices":[{"data":"Skewer","floor":8,"key":"SMITH"},{"floor":10,"key":"REST"},{"data":"Cloak And Dagger","floor":15,"key":"SMITH"},{"floor":25,"key":"REST"},{"data":"Ghostly","floor":32,"key":"SMITH"},{"floor":40,"key":"RECALL"}],"neow_cost":"NONE","seed_source_timestamp":11029717850667,"circlet_count":0,"master_deck":["Defend_G+1","Defend_G+1","Defend_G+1","Defend_G+1","Defend_G+1","Survivor+1","Neutralize+1","Dagger Throw+1","Dodge and Roll+1","Finisher+1","Skewer+1","Cloak And Dagger+1","Endless Agony+1","Dagger Throw+1","Poisoned Stab+1","A Thousand Cuts+1","Crippling Poison+1","Predator+1","Caltrops+1","Backflip+1","Leg Sweep+1","Ghostly+1","Ghostly+1","Ghostly+1","Ghostly+1","Ghostly+1","Well Laid Plans+1","Bane+1","Infinite Blades+1","Glass Knife+1","Bite+1","Bite+1","Bite+1","Bite+1","Bite+1","Calculated Gamble+1","Venomology+1","Footwork+1"],"relics":["Ring of the Snake","NeowsBlessing","The Courier","Molten Egg 2","Kunai","Bag of Preparation","HoveringKite","TwistedFunnel","Centennial Puzzle","Regal Pillow","Tiny Chest","Tough Bandages","Lizard Tail","Mark of the Bloom"],"potions_floor_usage":[16,16,23,27,27,33,38,41,41],"damage_taken":[{"damage":0,"enemies":"Jaw Worm","floor":1,"turns":1},{"damage":0,"enemies":"Small Slimes","floor":5,"turns":1},{"damage":0,"enemies":"3 Sentries","floor":6,"turns":1},{"damage":0,"enemies":"2 Louse","floor":7,"turns":2},{"damage":17,"enemies":"Gremlin Nob","floor":11,"turns":4},{"damage":3,"enemies":"Large Slime","floor":12,"turns":8},{"damage":0,"enemies":"2 Fungi Beasts","floor":13,"turns":2},{"damage":7,"enemies":"Lagavulin","floor":14,"turns":5},{"damage":14,"enemies":"The Guardian","floor":16,"turns":14},{"damage":14,"enemies":"Shell Parasite","floor":18,"turns":5},{"damage":9,"enemies":"3 Byrds","floor":19,"turns":6},{"damage":16,"enemies":"Shelled Parasite and Fungi","floor":22,"turns":3},{"damage":26,"enemies":"Gremlin Leader","floor":23,"turns":5},{"damage":7,"enemies":"Slavers","floor":27,"turns":7},{"damage":0,"enemies":"Snecko","floor":28,"turns":5},{"damage":0,"enemies":"Snake Plant","floor":31,"turns":4},{"damage":9,"enemies":"Champ","floor":33,"turns":14},{"damage":24,"enemies":"3 Shapes","floor":35,"turns":4},{"damage":0,"enemies":"Orb Walker","floor":36,"turns":4},{"damage":0,"enemies":"Jaw Worm Horde","floor":38,"turns":5},{"damage":12,"enemies":"Giant Head","floor":41,"turns":5}],"seed_played":"218601358692941258","potions_obtained":[{"floor":5,"key":"Weak Potion"},{"floor":12,"key":"Swift Potion"},{"floor":13,"key":"Block Potion"},{"floor":16,"key":"Dexterity Potion"},{"floor":23,"key":"AttackPotion"},{"floor":27,"key":"LiquidBronze"},{"floor":33,"key":"GhostInAJar"},{"floor":38,"key":"Poison Potion"}],"is_trial":false,"path_per_floor":["M","?","?","?","M","E","M","R","T","R","E","M","M","E","R","B",null,"M","M","$","?","M","E","?","R","T","E","M","$","?","M","R","B",null,"M","M","?","M","T","R","E"],"character_chosen":"THE_SILENT","items_purchased":["TwistedFunnel","Caltrops","Centennial Puzzle","Infinite Blades","Glass Knife+1"],"campfire_rested":2,"item_purchase_floors":[20,20,20,29,29],"current_hp_per_floor":[70,63,49,38,38,38,38,38,38,59,42,39,39,32,32,18,70,56,47,47,47,31,5,5,30,30,23,23,23,23,23,23,21,24,6,12,12,12,12,12,0],"gold":164,"neow_bonus":"THREE_ENEMY_KILL","is_prod":false,"is_daily":false,"chose_seed":false,"campfire_upgraded":3,"win_rate":0,"timestamp":1559697596,"path_taken":["M","?","?","?","M","E","M","R","T","R","E","M","?","E","R","BOSS","M","M","$","?","M","E","?","R","T","E","M","$","?","M","R","BOSS","M","M","?","M","?","R","E"],"build_version":"2019-01-23","purchased_purges":2,"victory":false,"max_hp_per_floor":[70,70,70,70,70,70,70,70,70,70,70,70,70,70,70,70,70,70,70,70,70,70,70,35,35,35,35,35,35,24,24,24,24,24,24,24,24,24,24,24,24],"card_choices":[{"not_picked":["Bane","Underhanded Strike"],"picked":"Dagger Throw","floor":1},{"not_picked":["Dagger Spray","Outmaneuver"],"picked":"Dodge and Roll","floor":5},{"not_picked":["Outmaneuver","Acrobatics"],"picked":"Finisher","floor":6},{"not_picked":["Dodge and Roll","Concentrate"],"picked":"Skewer","floor":7},{"not_picked":["Concentrate","Corpse Explosion"],"picked":"Cloak And Dagger","floor":11},{"not_picked":["Underhanded Strike+1","Bouncing Flask"],"picked":"Endless Agony+1","floor":12},{"not_picked":["Dagger Spray+1","Prepared"],"picked":"Dagger Throw+1","floor":13},{"not_picked":["Quick Slash+1","Underhanded Strike+1"],"picked":"Poisoned Stab+1","floor":14},{"not_picked":["Unload+1","Storm of Steel"],"picked":"A Thousand Cuts","floor":16},{"not_picked":["PiercingWail","Bane+1"],"picked":"Crippling Poison","floor":18},{"not_picked":["Distraction","Quick Slash+1"],"picked":"Predator+1","floor":19},{"not_picked":["Cloak And Dagger","Underhanded Strike+1"],"picked":"Backflip","floor":22},{"not_picked":["Concentrate","Heel Hook+1"],"picked":"Leg Sweep","floor":23},{"not_picked":["Reflex","Skewer+1"],"picked":"Well Laid Plans","floor":27},{"not_picked":["Deflect","Quick Slash+1"],"picked":"Bane+1","floor":28},{"not_picked":["Dodge and Roll+1","Deflect"],"picked":"Calculated Gamble","floor":31},{"not_picked":["Corpse Explosion","Burst"],"picked":"Venomology","floor":33},{"not_picked":["Crippling Poison","Dagger Throw+1","Heel Hook+1"],"picked":"SKIP","floor":35},{"not_picked":["Flying Knee+1","PiercingWail+1","Dodge and Roll+1"],"picked":"SKIP","floor":36},{"not_picked":["Dagger Throw+1","Acrobatics+1"],"picked":"Footwork+1","floor":38}],"player_experience":98535,"relics_obtained":[{"floor":6,"key":"The Courier"},{"floor":9,"key":"Molten Egg 2"},{"floor":11,"key":"Kunai"},{"floor":14,"key":"Bag of Preparation"},{"floor":23,"key":"Regal Pillow"},{"floor":26,"key":"Tiny Chest"},{"floor":27,"key":"Tough Bandages"}],"event_choices":[{"cards_removed":["Strike_G"],"damage_healed":0,"gold_gain":0,"player_choice":"Card Removal","damage_taken":7,"max_hp_gain":0,"max_hp_loss":0,"event_name":"Golden Wing","floor":2,"gold_loss":0},{"damage_healed":0,"gold_gain":0,"player_choice":"Entered Light","damage_taken":14,"max_hp_gain":0,"max_hp_loss":0,"event_name":"Shining Light","floor":3,"gold_loss":0,"cards_upgraded":["Defend_G","Survivor"]},{"damage_healed":0,"gold_gain":75,"player_choice":"Gather Gold","damage_taken":11,"max_hp_gain":0,"max_hp_loss":0,"event_name":"World of Goop","floor":4,"gold_loss":0},{"cards_removed":["Strike_G"],"damage_healed":0,"gold_gain":0,"player_choice":"Elegance","damage_taken":0,"max_hp_gain":0,"max_hp_loss":0,"event_name":"Back to Basics","floor":21,"gold_loss":0},{"damage_healed":0,"gold_gain":0,"player_choice":"Became a Ghost","damage_taken":0,"max_hp_gain":0,"max_hp_loss":35,"event_name":"Ghosts","floor":24,"gold_loss":0,"cards_obtained":["Ghostly","Ghostly","Ghostly","Ghostly","Ghostly"]},{"damage_healed":0,"gold_gain":0,"player_choice":"Became a vampire","damage_taken":0,"max_hp_gain":0,"max_hp_loss":11,"event_name":"Vampires","floor":30,"gold_loss":0,"cards_obtained":["Bite","Bite","Bite","Bite","Bite"]},{"damage_healed":0,"gold_gain":0,"player_choice":"Upgrade","damage_taken":0,"relics_obtained":["Mark of the Bloom"],"max_hp_gain":0,"max_hp_loss":0,"event_name":"MindBloom","floor":37,"gold_loss":0,"cards_upgraded":["Defend_G","Defend_G","Defend_G","Defend_G","Neutralize","Dagger Throw","Dodge and Roll","Finisher","A Thousand Cuts","Crippling Poison","Caltrops","Backflip","Leg Sweep","Ghostly","Ghostly","Ghostly","Ghostly","Well Laid Plans","Infinite Blades","Calculated Gamble","Venomology"]}],"is_beta":false,"boss_relics":[{"not_picked":["Cursed Key","Tiny House"],"picked":"HoveringKite"},{"not_picked":["Velvet Choker","Sozu"],"picked":"Lizard Tail"}],"items_purged_floors":[20,29],"is_endless":false,"potions_floor_spawned":[5,12,13,16,23,27,33,38],"killed_by":"Giant Head","ascension_level":1}