{"path_per_floor":["M","M","M","$","?","R","E","M","T","E","M","M","M","M","R","B",null,"M","?","?","?","M","R","$","R","T","M","E","M","M","M","R"],"character_chosen":"IRONCLAD","items_purchased":["Sundial","Centennial Puzzle","Deep Breath"],"gold_per_floor":[109,122,142,67,142,142,473,488,515,546,561,580,593,604,604,707,707,721,721,721,721,732,732,12,12,37,57,92,109,124,138,138],"floor_reached":33,"campfire_rested":1,"playtime":2369,"current_hp_per_floor":[73,80,78,78,67,67,57,63,63,37,43,32,38,37,37,12,80,39,39,39,39,45,45,45,45,45,41,33,21,12,13,52],"items_purged":["Strike_R","Decay"],"gold":138,"play_id":"1bfeb0e0-a48b-4d73-a3c8-9bb7d2bd0742","is_prod":false,"is_daily":false,"is_ascension_mode":false,"campfire_upgraded":4,"path_taken":["M","?","M","$","?","R","E","?","T","E","M","M","M","M","R","BOSS","M","?","?","?","M","R","$","R","T","M","E","M","M","M","R","BOSS"],"build_version":"2018-01-23-BETA1","purchased_purges":2,"victory":false,"master_deck":["Strike_R","Strike_R","Strike_R","Strike_R","Defend_R","Defend_R","Defend_R","Bash","Dropkick","Whirlwind","Spot Weakness","Fiend Fire","Warcry","Armaments","Thunderclap","Battle Trance","Warcry","Fiend Fire","Seeing Red","Shrug It Off","Twin Strike","Deep Breath","Clash","Bloodletting","Uppercut"],"max_hp_per_floor":[80,80,80,80,80,80,80,80,80,80,80,80,80,80,80,80,80,80,80,80,80,80,80,80,80,80,80,80,80,80,80,80],"relics":["Burning Blood","Old Coin","Ancient Tea Set","Regal Pillow","White Beast Statue","Sundial","Centennial Puzzle","Whetstone","Happy Flower"],"card_choices":[{"not_picked":["Feel No Pain","Blood for Blood"],"picked":"Dropkick"},{"not_picked":["Perfected Strike","Pommel Strike"],"picked":"Whirlwind"},{"not_picked":["Heavy Blade","Clash"],"picked":"Spot Weakness"},{"not_picked":["Power Through","Clothesline"],"picked":"Fiend Fire"},{"not_picked":["Rampage","Flex"],"picked":"Warcry"},{"not_picked":["Anger","Disarm"],"picked":"Armaments"},{"not_picked":["Pommel Strike","Body Slam"],"picked":"Thunderclap"},{"not_picked":["Body Slam","Blood for Blood"],"picked":"Battle Trance"},{"not_picked":["Perfected Strike","Rage"],"picked":"Warcry"},{"not_picked":["Impervious","Juggernaut"],"picked":"Fiend Fire"},{"not_picked":["Sword Boomerang","Intimidate"],"picked":"Seeing Red"},{"not_picked":["Combust","Body Slam"],"picked":"Twin Strike"},{"not_picked":["Combust","Body Slam"],"picked":"Clash"},{"not_picked":["Sword Boomerang","Searing Blow"],"picked":"Bloodletting"},{"not_picked":["Wild Strike","Headbutt"],"picked":"Uppercut"}],"player_experience":0,"potions_floor_usage":[2,7,8,13,16,27,28,28,30,30,31,33],"damage_taken":[{"damage":13,"enemies":"Blue Slaver","floor":1,"turns":6},{"damage":7,"enemies":"Jaw Worm","floor":2,"turns":4},{"damage":8,"enemies":"Small Slimes","floor":3,"turns":2},{"damage":16,"enemies":"3 Sentries","floor":7,"turns":3},{"damage":0,"enemies":"Looter","floor":8,"turns":1},{"damage":32,"enemies":"Gremlin Nob","floor":10,"turns":4},{"damage":0,"enemies":"Lots of Slimes","floor":11,"turns":1},{"damage":17,"enemies":"Exordium Thugs","floor":12,"turns":5},{"damage":0,"enemies":"2 Fungi Beasts","floor":13,"turns":3},{"damage":7,"enemies":"Exordium Wildlife","floor":14,"turns":3},{"damage":31,"enemies":"Hexaghost","floor":16,"turns":7},{"damage":47,"enemies":"Spheric Guardian","floor":18,"turns":6},{"damage":0,"enemies":"Chosen","floor":22,"turns":3},{"damage":10,"enemies":"Sentry and Sphere","floor":27,"turns":3},{"damage":14,"enemies":"Gremlin Leader","floor":28,"turns":3},{"damage":18,"enemies":"Snake Plant","floor":29,"turns":3},{"damage":15,"enemies":"Centurion and Healer","floor":30,"turns":2},{"damage":5,"enemies":"Chosen and Byrds","floor":31,"turns":4},{"damage":57,"enemies":"Automaton","floor":33,"turns":6}],"event_choices":[{"event_name":"World of Goop","player_choice":"Gather Gold","floor":5,"damage_taken":0},{"event_name":"Forgotten Altar","player_choice":"Smashed Altar","floor":19,"damage_taken":0},{"event_name":"The Library","player_choice":"Read","floor":20,"damage_taken":0},{"event_name":"Purifier","player_choice":"One Purge","floor":21,"damage_taken":0}],"boss_relics":[{"not_picked":["Lizard Tail","Tiny House"],"picked":"White Beast Statue"}],"potions_floor_spawned":[1,2,3,12,14,18,22,27,28,29,30,31],"seed_played":"-7677922847751458388","killed_by":"Automaton","ascension_level":0,"is_trial":false}