{"gold_per_floor":[110,35,54,129,304,304,304,304,304,321,45,79,79,90,90,190,190,235,235,39,78,78,78,143,143],"floor_reached":25,"playtime":808,"items_purged":["Regret","Writhe"],"score":191,"play_id":"2465eb14-d993-40d4-865a-f795513fd85f","local_time":"20181128151127","is_ascension_mode":false,"campfire_choices":[{"data":"Skim","floor":6,"key":"SMITH"},{"data":"Zap","floor":8,"key":"SMITH"},{"data":"HandOfGreed","floor":13,"key":"SMITH"},{"data":"Dualcast","floor":15,"key":"SMITH"},{"data":"Echo Form","floor":23,"key":"SMITH"}],"neow_cost":"CURSE","seed_source_timestamp":1093609139143036,"circlet_count":0,"master_deck":["Strike_B+1","Strike_B","Strike_B","Strike_B","Defend_B","Defend_B","Defend_B","Defend_B","Zap+1","Dualcast+1","Dark Shackles","Flash of Steel+1","Skim+1","Gash","Doubt","FTL","HandOfGreed+1","Swift Strike","Rebound","Steam","Echo Form+1","Streamline+1","Good Instincts","Reboot","Rebound+1"],"relics":["Cracked Core","Runic Pyramid","Ancient Tea Set"],"potions_floor_usage":[16,16,16,25,25,25,25,25],"damage_taken":[{"damage":0,"enemies":"2 Louse","floor":1,"turns":2},{"damage":0,"enemies":"Small Slimes","floor":3,"turns":3},{"damage":0,"enemies":"Jaw Worm","floor":10,"turns":3},{"damage":5,"enemies":"Looter","floor":12,"turns":2},{"damage":7,"enemies":"Blue Slaver","floor":14,"turns":2},{"damage":34,"enemies":"Hexaghost","floor":16,"turns":9},{"damage":10,"enemies":"Shell Parasite","floor":18,"turns":4},{"damage":11,"enemies":"2 Thieves","floor":21,"turns":4},{"damage":10,"enemies":"Centurion and Healer","floor":24,"turns":5},{"damage":55,"enemies":"Gremlin Leader","floor":25,"turns":6}],"seed_played":"7543229343574145190","potions_obtained":[{"floor":10,"key":"Ancient Potion"},{"floor":12,"key":"Weak Potion"},{"floor":14,"key":"SteroidPotion"},{"floor":21,"key":"EssenceOfSteel"},{"floor":24,"key":"EntropicBrew"}],"is_trial":false,"path_per_floor":["M","$","M","?","?","R","?","R","T","M","$","M","R","M","R","B",null,"M","?","$","M","?","R","M","E"],"character_chosen":"DEFECT","items_purchased":["HandOfGreed","Swift Strike","Good Instincts"],"campfire_rested":0,"item_purchase_floors":[11,11,20],"current_hp_per_floor":[75,75,75,64,64,64,49,49,49,49,49,44,44,37,37,3,75,65,65,65,54,54,54,44,0],"gold":143,"neow_bonus":"RANDOM_COLORLESS_2","is_prod":false,"is_daily":false,"chose_seed":false,"campfire_upgraded":5,"win_rate":0,"timestamp":1543439487,"path_taken":["M","$","M","?","?","R","?","R","T","M","$","M","R","M","R","BOSS","M","?","$","M","?","R","M","E"],"build_version":"2018-11-15","purchased_purges":2,"victory":false,"max_hp_per_floor":[75,75,75,75,75,75,75,75,75,75,75,75,75,75,75,75,75,75,75,75,75,75,75,75,75],"card_choices":[{"not_picked":["Beam Cell","Steam"],"picked":"Skim","floor":1},{"not_picked":["Barrage","Self Repair"],"picked":"Gash","floor":3},{"not_picked":["Conserve Battery","Tempest"],"picked":"FTL","floor":10},{"not_picked":["Capacitor","Fusion"],"picked":"Rebound","floor":12},{"not_picked":["Skim","Streamline"],"picked":"Steam","floor":14},{"not_picked":["Seek","Thunder Strike"],"picked":"Echo Form","floor":16},{"not_picked":["Turbo+1","Hologram"],"picked":"Streamline+1","floor":18},{"not_picked":["Sweeping Beam+1","Self Repair"],"picked":"Reboot","floor":21},{"not_picked":["Go for the Eyes","Blizzard"],"picked":"Rebound+1","floor":24}],"player_experience":267596,"relics_obtained":[],"event_choices":[{"damage_healed":0,"gold_gain":75,"player_choice":"Gather Gold","damage_taken":11,"max_hp_gain":0,"max_hp_loss":0,"event_name":"World of Goop","floor":4,"gold_loss":0},{"damage_healed":0,"gold_gain":175,"player_choice":"AGREE","damage_taken":0,"max_hp_gain":0,"max_hp_loss":0,"event_name":"Liars Game","floor":5,"gold_loss":0,"cards_obtained":["Doubt"]},{"damage_healed":0,"gold_gain":0,"player_choice":"Entered Light","damage_taken":15,"max_hp_gain":0,"max_hp_loss":0,"event_name":"Shining Light","floor":7,"gold_loss":0,"cards_upgraded":["Flash of Steel","Strike_B"]},{"damage_healed":0,"gold_gain":0,"player_choice":"Opened","damage_taken":0,"relics_obtained":["Ancient Tea Set"],"max_hp_gain":0,"max_hp_loss":0,"event_name":"The Mausoleum","floor":19,"gold_loss":0,"cards_obtained":["Writhe"]},{"damage_healed":0,"gold_gain":0,"player_choice":"Ignored","damage_taken":0,"max_hp_gain":0,"max_hp_loss":0,"event_name":"Ghosts","floor":22,"gold_loss":0}],"is_beta":true,"boss_relics":[{"not_picked":["Cursed Key","White Beast Statue"],"picked":"Runic Pyramid"}],"items_purged_floors":[2,20],"is_endless":false,"potions_floor_spawned":[10,12,14,21,24],"killed_by":"Gremlin Leader","ascension_level":0}