{"gold_per_floor":[119,133,133,146,166,166,196,206,206,223,245,265,19,32,32,134,134,153,153,153,171,184,215,231,261,287,287,298,313,313,67,67,167,167,177,77,0,10,21,21,39,66,144,144,144,144,244,73,73,73],"floor_reached":51,"playtime":2589,"items_purged":["Regret","Injury","Normality"],"score":1077,"play_id":"1eced1c0-3c5b-402b-b8fb-2e78fa1b04b3","local_time":"20180708074835","is_ascension_mode":true,"campfire_choices":[{"data":"Self Repair","floor":6,"key":"SMITH"},{"floor":15,"key":"REST"},{"data":"Creative AI","floor":27,"key":"SMITH"},{"data":"Storm","floor":32,"key":"SMITH"},{"data":"Machine Learning","floor":40,"key":"SMITH"},{"data":"Thunder Strike","floor":49,"key":"SMITH"}],"neow_cost":"CURSE","seed_source_timestamp":2178048791297690,"circlet_count":0,"master_deck":["Strike_B+1","Strike_B+1","Strike_B+1","Strike_B+1","Defend_B+1","Defend_B+1","Defend_B+1","Defend_B+1","Zap","Dualcast","Hello World","Self Repair+1","Skim","Barrage","Creative AI+1","Ball Lightning","Leap","Storm+1","Machine Learning+1","Loop+1","Buffer+1","Self Repair+1","Redo+1","Thunder Strike+1","Heatsinks+1","Turbo+1","Storm+1","Thunder Strike","Lockon","Turbo+1","Capacitor+1","Turbo","Madness","Madness","Defragment+1"],"relics":["Cracked Core","Bird Faced Urn","Orichalcum","Kunai","Odd Mushroom","Frozen Egg 2","Cursed Key","Ornamental Fan","DataDisk","Bag of Preparation","Philosopher\u0027s Stone","Red Mask","Smiling Mask","Centennial Puzzle","Emotion Chip"],"potions_floor_usage":[7,10,11,14,23,25,28,39,45,50,50,50],"damage_taken":[{"damage":14,"enemies":"2 Louse","floor":1,"turns":2},{"damage":13,"enemies":"Cultist","floor":2,"turns":5},{"damage":2,"enemies":"Small Slimes","floor":4,"turns":3},{"damage":16,"enemies":"Blue Slaver","floor":5,"turns":4},{"damage":38,"enemies":"Lagavulin","floor":7,"turns":5},{"damage":17,"enemies":"Red Slaver","floor":8,"turns":4},{"damage":5,"enemies":"3 Louse","floor":10,"turns":5},{"damage":26,"floor":11,"turns":4},{"damage":15,"enemies":"Large Slime","floor":12,"turns":7},{"damage":35,"enemies":"Exordium Wildlife","floor":14,"turns":6},{"damage":49,"enemies":"The Guardian","floor":16,"turns":8},{"damage":0,"enemies":"Chosen","floor":18,"turns":4},{"damage":11,"enemies":"Spheric Guardian","floor":21,"turns":4},{"damage":24,"enemies":"Snecko","floor":22,"turns":5},{"damage":56,"enemies":"Book of Stabbing","floor":23,"turns":7},{"damage":37,"enemies":"Sentry and Sphere","floor":24,"turns":8},{"damage":63,"enemies":"Gremlin Leader","floor":25,"turns":8},{"damage":17,"enemies":"Centurion and Healer","floor":28,"turns":5},{"damage":21,"enemies":"Snake Plant","floor":29,"turns":4},{"damage":4,"enemies":"Champ","floor":33,"turns":7},{"damage":25,"enemies":"Flame Bruiser 1 Orb","floor":35,"turns":3},{"damage":37,"enemies":"3 Darklings","floor":38,"turns":3},{"damage":3,"enemies":"Transient","floor":39,"turns":5},{"damage":11,"enemies":"4 Shapes","floor":41,"turns":2},{"damage":5,"enemies":"Giant Head","floor":42,"turns":4},{"damage":6,"floor":45,"turns":4},{"damage":66,"enemies":"Awakened One","floor":50,"turns":7}],"seed_played":"-5139431295165294425","potions_obtained":[{"floor":1,"key":"FocusPotion"},{"floor":2,"key":"Strength Potion"},{"floor":8,"key":"Regen Potion"},{"floor":12,"key":"Poison Potion"},{"floor":16,"key":"Dexterity Potion"},{"floor":22,"key":"Ancient Potion"},{"floor":23,"key":"SpeedPotion"},{"floor":25,"key":"Weak Potion"},{"floor":39,"key":"Poison Potion"}],"is_trial":false,"path_per_floor":["M","M","?","M","M","R","E","M","T","M","?","M","$","M","R","B",null,"M","?","?","M","M","E","M","E","T","R","M","M","?","$","R","B",null,"M","$","?","M","M","R","M","E","T","?","?","?","?","$","R","B"],"character_chosen":"DEFECT","items_purchased":["Frozen Egg 2","Storm+1","PowerPotion","SkillPotion","Defragment+1","PowerPotion"],"campfire_rested":1,"item_purchase_floors":[13,31,31,31,48,48],"current_hp_per_floor":[61,50,50,59,54,54,30,27,27,50,26,41,41,24,46,29,75,75,75,75,75,70,53,62,39,39,39,56,67,67,67,67,75,75,75,75,75,54,75,75,75,75,75,75,75,66,66,66,66,48],"gold":73,"neow_bonus":"ONE_RARE_RELIC","is_prod":false,"is_daily":false,"chose_seed":false,"campfire_upgraded":5,"win_rate":0,"timestamp":1531054115,"path_taken":["M","M","?","M","?","R","E","M","T","M","?","M","$","M","R","BOSS","M","?","?","M","M","E","M","E","T","R","M","M","?","$","R","BOSS","M","$","?","M","?","R","M","E","T","?","?","?","?","$","R","BOSS"],"build_version":"2018-07-05","purchased_purges":3,"victory":true,"max_hp_per_floor":[75,75,75,75,75,75,75,75,75,75,75,75,75,75,75,75,75,75,75,75,75,75,75,75,75,75,75,75,75,75,75,75,75,75,75,75,75,75,75,75,75,75,75,75,75,75,75,75,75,75],"card_choices":[{"not_picked":["Streamline","Conserve Battery"],"picked":"Hello World","floor":1},{"not_picked":["Double Energy","Gash"],"picked":"Self Repair","floor":2},{"not_picked":["Sweeping Beam","Beam Cell"],"picked":"Skim","floor":4},{"not_picked":["Blizzard","Sweeping Beam"],"picked":"Barrage","floor":5},{"not_picked":["Fusion","Conserve Battery"],"picked":"Creative AI","floor":7},{"not_picked":["Redo","Go for the Eyes"],"picked":"Ball Lightning","floor":8},{"not_picked":["Sweeping Beam","Beam Cell"],"picked":"Leap","floor":10},{"not_picked":["White Noise","Hologram"],"picked":"Storm","floor":11},{"not_picked":["Cold Snap","FTL"],"picked":"Machine Learning","floor":12},{"not_picked":["Genetic Algorithm","Sunder"],"picked":"Loop+1","floor":14},{"not_picked":["Seek","Machine Learning+1"],"picked":"Buffer+1","floor":16},{"not_picked":["Leap","Stack","Sweeping Beam+1"],"picked":"SKIP","floor":18},{"not_picked":["Stack","Chaos","Recycle"],"picked":"SKIP","floor":21},{"not_picked":["Coolheaded+1","Gash"],"picked":"Self Repair+1","floor":22},{"not_picked":["Conserve Battery","Barrage"],"picked":"Redo+1","floor":23},{"not_picked":["Stack","Rebound","Scrape"],"picked":"SKIP","floor":24},{"not_picked":["Chill","Cold Snap+1"],"picked":"Thunder Strike","floor":25},{"not_picked":["Sunder","Fusion+1"],"picked":"Heatsinks+1","floor":28},{"not_picked":["Rip and Tear","Compile Driver"],"picked":"Turbo+1","floor":29},{"not_picked":["Rainbow","Multi-Cast"],"picked":"Thunder Strike","floor":33},{"not_picked":["Heatsinks+1","Go for the Eyes+1"],"picked":"Lockon","floor":35},{"not_picked":["Turbo+1","Ball Lightning+1","Gash"],"picked":"SKIP","floor":38},{"not_picked":["Lockon","Ball Lightning"],"picked":"Turbo+1","floor":39},{"not_picked":["Cold Snap+1","Scrape+1"],"picked":"Capacitor+1","floor":41},{"not_picked":["Beam Cell","Conserve Battery+1"],"picked":"Turbo","floor":42}],"player_experience":194410,"relics_obtained":[{"floor":7,"key":"Orichalcum"},{"floor":9,"key":"Kunai"},{"floor":11,"key":"Odd Mushroom"},{"floor":23,"key":"Ornamental Fan"},{"floor":25,"key":"DataDisk"},{"floor":26,"key":"Bag of Preparation"},{"floor":42,"key":"Smiling Mask"},{"floor":43,"key":"Centennial Puzzle"},{"floor":45,"key":"Emotion Chip"}],"event_choices":[{"event_name":"Transmorgrifier","player_choice":"Transform","floor":3,"damage_taken":0},{"event_name":"Mushrooms","player_choice":"Fought Mushrooms","floor":11,"damage_taken":0},{"event_name":"Back to Basics","player_choice":"Simplicity","floor":19,"damage_taken":0},{"event_name":"Drug Dealer","player_choice":"Ignored","floor":20,"damage_taken":0},{"event_name":"Ghosts","player_choice":"Ignored","floor":30,"damage_taken":0},{"event_name":"Tomb of Lord Red Mask","player_choice":"Paid","floor":37,"damage_taken":0},{"event_name":"Accursed Blacksmith","player_choice":"Ignore","floor":44,"damage_taken":0},{"event_name":"MindBloom","player_choice":"Fight","floor":45,"damage_taken":0},{"event_name":"Winding Halls","player_choice":"Embrace Madness","floor":46,"damage_taken":0},{"event_name":"Golden Shrine","player_choice":"Pray","floor":47,"damage_taken":0}],"boss_relics":[{"not_picked":["Lizard Tail","Nuclear Battery"],"picked":"Cursed Key"},{"not_picked":["Sozu","Snecko Eye"],"picked":"Philosopher\u0027s Stone"}],"items_purged_floors":[31,36,48],"is_endless":false,"potions_floor_spawned":[1,2,8,12,16,22,23,25,33,35,38,39],"ascension_level":3}