{"gold_per_floor":[118,130,149,2,12,12,45,45,45,45,57,91,106,17,17,116,116,131,146,156,81,21,53,53,82,82,99,114,51,51],"floor_reached":30,"playtime":1590,"items_purged":["Strike_R"],"score":399,"play_id":"19a86b2a-ff91-4462-9278-0e08e3ae2079","local_time":"20190625014829","is_ascension_mode":true,"campfire_choices":[{"data":"Bash","floor":6,"key":"SMITH"},{"data":"Heavy Blade","floor":15,"key":"SMITH"},{"data":"Demon Form","floor":24,"key":"SMITH"}],"neow_cost":"NONE","seed_source_timestamp":1152542772263042,"circlet_count":0,"master_deck":["Strike_R","Defend_R","Defend_R","Defend_R","Defend_R","Bash+1","Inflame","Spot Weakness","Clash","Clash","Clash","Reaper","Heavy Blade+1","Shockwave+1","Rampage","Warcry+1","Inflame","Flex+1","Headbutt+1","Demon Form+1","Shrug It Off+1","Fiend Fire","True Grit+1"],"relics":["Burning Blood","Red Skull","Toxic Egg 2","Girya","Incense Burner","Omamori","Empty Cage","Shuriken","Dead Branch","Bottled Tornado","Pen Nib"],"potions_floor_usage":[7,25,25],"damage_taken":[{"damage":6,"enemies":"Cultist","floor":1,"turns":4},{"damage":14,"enemies":"2 Louse","floor":2,"turns":2},{"damage":9,"enemies":"Jaw Worm","floor":3,"turns":3},{"damage":14,"enemies":"Lots of Slimes","floor":5,"turns":4},{"damage":20,"enemies":"3 Sentries","floor":7,"turns":6},{"damage":9,"enemies":"2 Fungi Beasts","floor":11,"turns":3},{"damage":8,"enemies":"Gremlin Nob","floor":12,"turns":3},{"damage":15,"enemies":"Gremlin Gang","floor":13,"turns":4},{"damage":15,"enemies":"The Guardian","floor":16,"turns":6},{"damage":14,"enemies":"3 Byrds","floor":18,"turns":5},{"damage":6,"enemies":"Spheric Guardian","floor":19,"turns":4},{"damage":24,"enemies":"Snake Plant","floor":20,"turns":2},{"damage":21,"enemies":"Gremlin Leader","floor":23,"turns":5},{"damage":33,"enemies":"Slavers","floor":25,"turns":5},{"damage":28,"enemies":"Centurion and Healer","floor":27,"turns":6},{"damage":32,"enemies":"Shelled Parasite and Fungi","floor":28,"turns":5},{"damage":21,"enemies":"Sentry and Sphere","floor":30,"turns":3}],"seed_played":"6222369998810270628","potions_obtained":[{"floor":1,"key":"FairyPotion"},{"floor":2,"key":"AttackPotion"},{"floor":11,"key":"AttackPotion"},{"floor":13,"key":"Ancient Potion"},{"floor":16,"key":"Poison Potion"}],"is_trial":false,"path_per_floor":["M","M","M","$","M","R","E","?","T","?","M","E","M","$","R","B",null,"M","M","M","$","?","E","R","E","T","M","M","?","M"],"character_chosen":"IRONCLAD","items_purchased":["Red Skull","Warcry+1","Inflame"],"campfire_rested":0,"item_purchase_floors":[4,14,14],"current_hp_per_floor":[72,64,61,61,53,53,39,27,27,53,50,57,58,58,58,49,72,64,64,46,46,46,31,31,18,18,21,13,13,0],"gold":51,"neow_bonus":"THREE_CARDS","is_prod":false,"is_daily":false,"chose_seed":false,"campfire_upgraded":3,"win_rate":0,"timestamp":1561441709,"path_taken":["M","M","M","$","M","R","E","?","T","?","?","E","M","?","R","BOSS","M","M","M","$","?","E","R","E","T","M","?","?","M"],"build_version":"2019-01-23","purchased_purges":1,"victory":false,"max_hp_per_floor":[80,80,80,80,80,80,80,80,80,80,80,80,80,80,80,80,80,80,80,80,80,80,80,80,80,80,80,80,80,80],"card_choices":[{"not_picked":["Combust","Sword Boomerang"],"picked":"Inflame","floor":0},{"not_picked":["Combust","Body Slam"],"picked":"Spot Weakness","floor":1},{"not_picked":["Sword Boomerang","Dual Wield"],"picked":"Clash","floor":2},{"not_picked":["Carnage","Entrench"],"picked":"Clash","floor":3},{"not_picked":["Headbutt","Wild Strike"],"picked":"Clash","floor":5},{"not_picked":["Cleave","Clothesline"],"picked":"Reaper","floor":7},{"not_picked":["Pommel Strike","Intimidate+1"],"picked":"Heavy Blade","floor":11},{"not_picked":["Disarm+1","Sever Soul"],"picked":"Shockwave+1","floor":12},{"not_picked":["Hemokinesis","Uppercut"],"picked":"Rampage","floor":13},{"not_picked":["Searing Blow","Dual Wield+1"],"picked":"Flex+1","floor":18},{"not_picked":["Shrug It Off+1","Sword Boomerang"],"picked":"Headbutt+1","floor":19},{"not_picked":["Shrug It Off+1","Inflame+1"],"picked":"Demon Form","floor":20},{"not_picked":["Iron Wave","Clothesline"],"picked":"Shrug It Off+1","floor":23},{"not_picked":["Flame Barrier+1","Bloodletting+1"],"picked":"Fiend Fire","floor":25},{"not_picked":["Clothesline","Pommel Strike+1"],"picked":"True Grit+1","floor":27},{"not_picked":["Thunderclap","Armaments+1","Sever Soul"],"picked":"SKIP","floor":28}],"player_experience":560821,"relics_obtained":[{"floor":7,"key":"Toxic Egg 2"},{"floor":9,"key":"Incense Burner"},{"floor":12,"key":"Omamori"},{"floor":23,"key":"Shuriken"},{"floor":25,"key":"Dead Branch"},{"floor":26,"key":"Bottled Tornado"}],"event_choices":[{"damage_healed":0,"gold_gain":0,"player_choice":"Success","damage_taken":12,"relics_obtained":["Girya"],"max_hp_gain":0,"max_hp_loss":0,"event_name":"Scrap Ooze","floor":8,"gold_loss":0},{"damage_healed":26,"gold_gain":0,"player_choice":"Banana","damage_taken":0,"max_hp_gain":0,"max_hp_loss":0,"event_name":"Big Fish","floor":10,"gold_loss":0},{"cards_removed":["Strike_R"],"damage_healed":0,"gold_gain":0,"player_choice":"Single Remove","damage_taken":0,"max_hp_gain":0,"max_hp_loss":0,"event_name":"Designer","floor":22,"gold_loss":60},{"damage_healed":0,"gold_gain":0,"player_choice":"Paid Gold","damage_taken":0,"relics_obtained":["Pen Nib"],"max_hp_gain":0,"max_hp_loss":0,"event_name":"WeMeetAgain","floor":29,"gold_loss":63}],"is_beta":false,"boss_relics":[{"not_picked":["Astrolabe","Lizard Tail"],"picked":"Empty Cage"}],"items_purged_floors":[21],"is_endless":false,"potions_floor_spawned":[1,2,11,13,16,18,20],"killed_by":"Sentry and Sphere","ascension_level":6}