{"gold_per_floor":[117,133,133,143,68,68,68,68,94,112,112,132,146,46,46,145,145,158,174,188,203,203,203,213,213,213,244,244,343,368,383,383,481,481,494,547,547,647,171,205,4,4,4,104,137,152,166,184,184,184],"floor_reached":51,"playtime":2694,"items_purged":["Strike_B","Defend_B","Strike_B+1","Strike_B+1"],"score":737,"play_id":"9884111b-4fe3-4344-98c2-877f344f95da","local_time":"20190829224102","is_ascension_mode":false,"campfire_choices":[{"data":"Zap","floor":6,"key":"SMITH"},{"data":"Dualcast","floor":8,"key":"SMITH"},{"data":"Streamline","floor":11,"key":"SMITH"},{"data":"Conserve Battery","floor":15,"key":"SMITH"},{"data":"Creative AI","floor":23,"key":"SMITH"},{"data":"Storm","floor":28,"key":"SMITH"},{"data":"Defragment","floor":32,"key":"SMITH"},{"data":"Redo","floor":42,"key":"SMITH"},{"floor":49,"key":"REST"}],"neow_cost":"NONE","seed_source_timestamp":1168634262184900,"circlet_count":0,"master_deck":["Strike_B+1","Defend_B+1","Defend_B+1","Zap+1","Dualcast+1","Streamline+1","Conserve Battery+1","Leap","Glacier","Self Repair","BootSequence","Creative AI+1","Storm+1","Defragment+1","Reboot","Defragment+1","Leap+1","Redo+1","Barrage+1"],"relics":["Cracked Core","Potion Belt","PreservedInsect","Cursed Key","Whetstone","Darkstone Periapt","Inserter","StoneCalendar","Incense Burner","Lee\u0027s Waffle","Art of War","Nunchaku","Symbiotic Virus"],"potions_floor_usage":[18,19,24,27,30,36,50,50,50],"damage_taken":[{"damage":0,"enemies":"Small Slimes","floor":1,"turns":3},{"damage":1,"enemies":"Cultist","floor":2,"turns":3},{"damage":0,"enemies":"2 Louse","floor":4,"turns":2},{"damage":6,"enemies":"Large Slime","floor":10,"turns":6},{"damage":0,"enemies":"2 Fungi Beasts","floor":12,"turns":2},{"damage":2,"enemies":"Lots of Slimes","floor":13,"turns":4},{"damage":36,"enemies":"Slime Boss","floor":16,"turns":13},{"damage":1,"enemies":"3 Byrds","floor":18,"turns":5},{"damage":9,"enemies":"Spheric Guardian","floor":19,"turns":5},{"damage":4,"enemies":"Centurion and Healer","floor":20,"turns":10},{"damage":1,"enemies":"Snake Plant","floor":21,"turns":4},{"damage":0,"enemies":"Chosen and Byrds","floor":24,"turns":5},{"damage":4,"enemies":"Book of Stabbing","floor":27,"turns":7},{"damage":6,"enemies":"Slavers","floor":30,"turns":4},{"damage":2,"enemies":"3 Cultists","floor":31,"turns":7},{"damage":27,"enemies":"Champ","floor":33,"turns":12},{"damage":0,"enemies":"Orb Walker","floor":35,"turns":4},{"damage":46,"enemies":"2 Orb Walkers","floor":36,"turns":6},{"damage":0,"enemies":"Mind Bloom Boss Battle","floor":38,"turns":7},{"damage":5,"enemies":"Giant Head","floor":40,"turns":6},{"damage":55,"enemies":"Nemesis","floor":45,"turns":5},{"damage":0,"enemies":"3 Shapes","floor":46,"turns":5},{"damage":15,"enemies":"Jaw Worm Horde","floor":47,"turns":4},{"damage":14,"enemies":"Spire Growth","floor":48,"turns":3},{"damage":39,"enemies":"Awakened One","floor":50,"turns":10}],"seed_played":"8693858923426388334","potions_obtained":[{"floor":12,"key":"Fire Potion"},{"floor":13,"key":"AttackPotion"},{"floor":16,"key":"Swift Potion"},{"floor":19,"key":"Dexterity Potion"},{"floor":20,"key":"AttackPotion"},{"floor":21,"key":"Swift Potion"},{"floor":30,"key":"Weak Potion"},{"floor":38,"key":"GamblersBrew"},{"floor":45,"key":"Poison Potion"},{"floor":46,"key":"EssenceOfSteel"}],"is_trial":false,"path_per_floor":["M","M","?","M","$","R","$","R","T","M","R","M","M","$","R","B",null,"M","M","M","M","?","R","M","?","T","E","R","?","E","M","R","B",null,"M","?","?","?","$","E","$","R","T","?","E","M","M","M","R","B",null],"character_chosen":"DEFECT","items_purchased":["Lee\u0027s Waffle","Art of War","Redo"],"campfire_rested":1,"item_purchase_floors":[39,39,41],"current_hp_per_floor":[75,74,74,74,74,74,74,74,74,68,68,68,73,73,73,44,75,75,73,75,75,75,75,75,75,75,75,75,75,75,75,75,55,75,75,36,36,43,82,82,82,82,82,82,34,41,33,26,50,18],"gold":184,"neow_bonus":"RANDOM_COMMON_RELIC","is_prod":false,"is_daily":false,"chose_seed":false,"campfire_upgraded":8,"win_rate":0,"timestamp":1567086062,"path_taken":["M","M","?","M","$","R","$","R","T","M","R","?","M","$","R","BOSS","M","M","M","M","?","R","M","?","T","E","R","?","E","M","R","BOSS","M","?","?","?","$","E","$","R","T","?","E","M","?","M","R","BOSS"],"build_version":"2019-07-17","purchased_purges":4,"victory":true,"max_hp_per_floor":[75,75,75,75,75,75,75,75,75,75,75,75,75,75,75,75,75,75,75,75,75,75,75,75,75,75,75,75,75,75,75,75,75,75,75,75,75,75,82,82,82,82,82,82,82,82,82,82,82,82],"card_choices":[{"not_picked":["Turbo","Compile Driver"],"picked":"Streamline","floor":1},{"not_picked":["Undo","Sunder"],"picked":"Conserve Battery","floor":2},{"not_picked":["Aggregate","Barrage"],"picked":"Leap","floor":4},{"not_picked":["Stack","Darkness"],"picked":"Glacier","floor":10},{"not_picked":["Stack","Darkness"],"picked":"Self Repair","floor":12},{"not_picked":["Reprogram","Barrage"],"picked":"BootSequence","floor":13},{"not_picked":["Amplify","Machine Learning"],"picked":"Creative AI","floor":16},{"not_picked":["Rebound","Compile Driver+1","Glacier"],"picked":"SKIP","floor":18},{"not_picked":["Beam Cell","Cold Snap"],"picked":"Storm","floor":19},{"not_picked":["Conserve Battery+1","Stack"],"picked":"Defragment","floor":20},{"not_picked":["BootSequence","Hello World+1","Redo"],"picked":"SKIP","floor":21},{"not_picked":["Compile Driver+1","BootSequence","Static Discharge"],"picked":"SKIP","floor":24},{"not_picked":["Leap","Gash+1","Turbo+1"],"picked":"SKIP","floor":27},{"not_picked":["Chill","Fission","Fusion"],"picked":"SKIP","floor":30},{"not_picked":["Heatsinks","Force Field","Cold Snap"],"picked":"SKIP","floor":31},{"not_picked":["Meteor Strike","All For One"],"picked":"Reboot","floor":33},{"not_picked":["BootSequence","Beam Cell","Glacier+1"],"picked":"SKIP","floor":35},{"not_picked":["Hologram+1","Barrage"],"picked":"Defragment+1","floor":36},{"not_picked":["Cold Snap","Coolheaded+1"],"picked":"Leap+1","floor":40},{"not_picked":["Fusion","Cold Snap+1","Rebound"],"picked":"SKIP","floor":45},{"not_picked":["Steam","Scrape","Rip and Tear+1"],"picked":"SKIP","floor":46},{"not_picked":["Heatsinks","Glacier+1","Barrage+1"],"picked":"SKIP","floor":47},{"not_picked":["Heatsinks","Glacier+1"],"picked":"Barrage+1","floor":47},{"not_picked":["Echo Form","Turbo","Beam Cell+1"],"picked":"SKIP","floor":48}],"player_experience":310547,"relics_obtained":[{"floor":9,"key":"PreservedInsect"},{"floor":27,"key":"Whetstone"},{"floor":30,"key":"Darkstone Periapt"},{"floor":36,"key":"StoneCalendar"},{"floor":38,"key":"Incense Burner"},{"floor":40,"key":"Nunchaku"},{"floor":45,"key":"Symbiotic Virus"}],"event_choices":[{"damage_healed":0,"gold_gain":0,"player_choice":"Ignored","damage_taken":0,"max_hp_gain":0,"max_hp_loss":0,"event_name":"WeMeetAgain","floor":3,"gold_loss":0},{"damage_healed":0,"gold_gain":0,"player_choice":"Simplicity","damage_taken":0,"max_hp_gain":0,"max_hp_loss":0,"event_name":"Back to Basics","floor":22,"gold_loss":0,"cards_upgraded":["Strike_B","Strike_B","Strike_B","Defend_B","Defend_B","Defend_B"]},{"damage_healed":0,"gold_gain":0,"player_choice":"Ignored","damage_taken":0,"max_hp_gain":0,"max_hp_loss":0,"event_name":"The Mausoleum","floor":25,"gold_loss":0},{"damage_healed":0,"gold_gain":99,"player_choice":"Stole From Cult","damage_taken":0,"max_hp_gain":0,"max_hp_loss":0,"event_name":"Nest","floor":29,"gold_loss":0},{"damage_healed":0,"gold_gain":0,"player_choice":"Fight","damage_taken":0,"max_hp_gain":0,"max_hp_loss":0,"event_name":"Mysterious Sphere","floor":36,"gold_loss":0},{"cards_removed":["Defend_B"],"damage_healed":0,"gold_gain":0,"player_choice":"Removed Skill","damage_taken":0,"max_hp_gain":0,"max_hp_loss":0,"event_name":"Falling","floor":37,"gold_loss":0},{"damage_healed":0,"gold_gain":0,"player_choice":"Fight","damage_taken":0,"max_hp_gain":0,"max_hp_loss":0,"event_name":"MindBloom","floor":38,"gold_loss":0},{"damage_healed":0,"gold_gain":100,"player_choice":"Pray","damage_taken":0,"max_hp_gain":0,"max_hp_loss":0,"event_name":"Golden Shrine","floor":44,"gold_loss":0}],"is_beta":false,"boss_relics":[{"not_picked":["Orrery","FrozenCore"],"picked":"Cursed Key"},{"not_picked":["Fusion Hammer","Lizard Tail"],"picked":"Inserter"}],"items_purged_floors":[5,14,39,41],"is_endless":false,"potions_floor_spawned":[12,13,16,19,20,21,30,38,45,46],"ascension_level":0}