{"path_per_floor":["M","$","M","?","?","R","E","M","T","?","R","M","?","M","R","B",null,"M","M","$","M","M","R","M","R","T","?","R","?","R","M","R","B",null,"M","$","M","?","?","R","$","R","T","?","M","M","R","M","R"],"character_chosen":"THE_SILENT","items_purchased":["Footwork","Dodge and Roll","Deflect","Well Laid Plans","Shuriken"],"gold_per_floor":[111,36,54,54,4,4,38,49,49,124,124,137,137,152,152,282,282,297,317,95,110,123,123,147,147,147,147,147,147,147,171,171,292,292,308,283,304,369,369,369,30,30,30,363,379,393,393,410,410,410],"floor_reached":50,"campfire_rested":2,"playtime":4924,"item_purchase_floors":[],"current_hp_per_floor":[70,70,70,56,56,56,56,56,56,45,45,43,26,26,47,18,70,70,70,70,64,40,40,40,40,40,40,40,40,40,40,61,30,70,67,67,70,62,62,62,62,62,62,62,53,40,40,34,34,0],"items_purged":["Strike_G","Defend_G"],"gold":410,"score":492,"play_id":"9b3209d1-7f6b-4324-97ec-553e6f32d1a1","local_time":"20180610124508","is_prod":false,"is_daily":false,"chose_seed":false,"is_ascension_mode":false,"campfire_upgraded":10,"win_rate":0,"timestamp":1528627508,"campfire_choices":[{"data":"Footwork","floor":6.0,"key":"SMITH"},{"data":"Blur","floor":11.0,"key":"SMITH"},{"floor":15.0,"key":"REST"},{"data":"Dash","floor":23.0,"key":"SMITH"},{"data":"Footwork","floor":25.0,"key":"SMITH"},{"data":"Dodge and Roll","floor":28.0,"key":"SMITH"},{"data":"Neutralize","floor":30.0,"key":"SMITH"},{"floor":32.0,"key":"REST"},{"data":"Adrenaline","floor":40,"key":"SMITH"},{"data":"Well Laid Plans","floor":42,"key":"SMITH"},{"data":"Cloak And Dagger","floor":47,"key":"SMITH"},{"data":"Bullet Time","floor":49,"key":"SMITH"}],"path_taken":["M","$","M","?","?","R","E","M","T","?","R","?","?","M","R","BOSS","M","M","$","M","M","R","?","R","T","?","R","?","R","M","R","BOSS","M","$","M","?","?","R","$","R","T","?","M","M","R","?","R","BOSS"],"build_version":"2018-06-08","seed_source_timestamp":0,"purchased_purges":2,"victory":false,"master_deck":["Defend_G","Defend_G","Defend_G+1","Strike_G","Strike_G","Strike_G+1","Strike_G","Survivor","Neutralize+1","Footwork+1","Blur+1","Escape Plan","PiercingWail","Cloak And Dagger+1","Footwork+1","Dodge and Roll+1","Dash+1","Regret","Dash+1","Adrenaline+1","Cloak And Dagger+1","Flying Knee+1","Deflect","Caltrops+1","Well Laid Plans+1","Normality","Escape Plan+1","Bullet Time+1"],"max_hp_per_floor":[70,70,70,70,70,70,70,70,70,70,70,70,70,70,70,70,70,70,70,70,70,70,70,70,70,70,70,70,70,70,70,70,70,70,70,70,70,70,70,70,70,70,70,70,70,70,70,70,70,70],"relics":["Ring of the Snake","NeowsBlessing","Dead Branch","Toolbox","Cursed Key","Gremlin Horn","Potion Belt","Orrery","Thread and Needle","Shuriken","Pantograph"],"card_choices":[{"not_picked":["Blade Dance","Quick Slash"],"picked":"Footwork","floor":1.0},{"not_picked":["Deflect","Outmaneuver"],"picked":"Blur","floor":3.0},{"not_picked":["Quick Slash","Expertise","Acrobatics"],"picked":"SKIP","floor":7.0},{"not_picked":["Crippling Poison","PiercingWail"],"picked":"Escape Plan","floor":8.0},{"not_picked":["Catalyst","Dagger Throw"],"picked":"PiercingWail","floor":12.0},{"not_picked":["Poisoned Stab","Dagger Throw","Unload"],"picked":"SKIP","floor":14.0},{"not_picked":["Bane","Deadly Poison+1"],"picked":"Cloak And Dagger","floor":18.0},{"not_picked":["Choke+1","Dagger Spray","Setup"],"picked":"SKIP","floor":19.0},{"not_picked":["Sucker Punch","Setup"],"picked":"Dash","floor":21.0},{"not_picked":["Flying Knee","Acrobatics","PiercingWail+1"],"picked":"SKIP","floor":22.0},{"not_picked":["Dagger Throw","Blade Dance","Reflex"],"picked":"SKIP","floor":24.0},{"not_picked":["Underhanded Strike","Bane","Riddle With Holes"],"picked":"SKIP","floor":31.0},{"not_picked":["Burst","Unload"],"picked":"Adrenaline","floor":33.0},{"not_picked":["Poisoned Stab+1","Bane+1"],"picked":"Cloak And Dagger+1","floor":34},{"not_picked":["Underhanded Strike","Choke+1"],"picked":"Flying Knee+1","floor":34},{"not_picked":["Prepared","Calculated Gamble+1","Storm of Steel"],"picked":"SKIP","floor":35},{"not_picked":["Calculated Gamble+1","Skewer+1","Crippling Poison+1"],"picked":"SKIP","floor":37},{"not_picked":["Calculated Gamble+1","Skewer+1","Crippling Poison+1"],"picked":"SKIP","floor":37},{"not_picked":["Underhanded Strike","Flechettes"],"picked":"Caltrops+1","floor":38},{"not_picked":["Slice","Outmaneuver","Underhanded Strike+1"],"picked":"SKIP","floor":45},{"not_picked":["Acrobatics","Outmaneuver+1"],"picked":"Escape Plan+1","floor":46},{"not_picked":["Dagger Spray+1","Deadly Poison+1"],"picked":"Bullet Time","floor":48}],"player_experience":161405,"potions_floor_usage":[38,38,45,50,50],"damage_taken":[{"damage":0.0,"enemies":"2 Louse","floor":1.0,"turns":1.0},{"damage":0.0,"enemies":"Jaw Worm","floor":3.0,"turns":1.0},{"damage":0.0,"enemies":"Gremlin Nob","floor":7.0,"turns":1.0},{"damage":0.0,"enemies":"Small Slimes","floor":8.0,"turns":4.0},{"damage":2.0,"enemies":"2 Fungi Beasts","floor":12.0,"turns":6.0},{"damage":0.0,"enemies":"Large Slime","floor":14.0,"turns":9.0},{"damage":29.0,"enemies":"Slime Boss","floor":16.0,"turns":19.0},{"damage":0.0,"enemies":"3 Byrds","floor":18.0,"turns":4.0},{"damage":0.0,"enemies":"Spheric Guardian","floor":19.0,"turns":5.0},{"damage":6.0,"enemies":"Centurion and Healer","floor":21.0,"turns":17.0},{"damage":24.0,"enemies":"Cultist and Chosen","floor":22.0,"turns":10.0},{"damage":0.0,"enemies":"Snecko","floor":24.0,"turns":7.0},{"damage":0.0,"enemies":"3 Cultists","floor":31.0,"turns":6.0},{"damage":31.0,"enemies":"Automaton","floor":33.0,"turns":21.0},{"damage":3,"enemies":"3 Darklings","floor":35,"turns":4},{"damage":0,"enemies":"Orb Walker","floor":37,"turns":6},{"damage":10,"floor":38,"turns":8},{"damage":9,"enemies":"Spire Growth","floor":45,"turns":6},{"damage":13,"enemies":"Sphere and 2 Shapes","floor":46,"turns":6},{"damage":6,"enemies":"Transient","floor":48,"turns":5},{"damage":64,"enemies":"Donu and Deca","floor":50,"turns":15}],"relics_obtained":[{"floor":7.0,"key":"Dead Branch"},{"floor":9.0,"key":"Toolbox"},{"floor":26.0,"key":"Gremlin Horn"},{"floor":38,"key":"Thread and Needle"},{"floor":43,"key":"Pantograph"}],"event_choices":[{"event_name":"Shining Light","player_choice":"Entered Light","floor":4.0,"damage_taken":0.0},{"event_name":"The Cleric","player_choice":"Card Removal","floor":5.0,"damage_taken":0.0},{"event_name":"World of Goop","player_choice":"Gather Gold","floor":10.0,"damage_taken":0.0},{"event_name":"Golden Idol","player_choice":"Take Damage","floor":13.0,"damage_taken":0.0},{"event_name":"The Mausoleum","player_choice":"Yes","floor":27.0,"damage_taken":0.0},{"event_name":"Duplicator","player_choice":"One dupe","floor":29.0,"damage_taken":0.0},{"event_name":"Mysterious Sphere","player_choice":"Fight","floor":38,"damage_taken":0},{"event_name":"Tomb of Lord Red Mask","player_choice":"Ignored","floor":39,"damage_taken":0},{"event_name":"The Moai Head","player_choice":"Gave Idol","floor":44,"damage_taken":0}],"boss_relics":[{"not_picked":["Philosopher\u0027s Stone","Lizard Tail"],"picked":"Cursed Key"},{"not_picked":["Sozu","Black Star"],"picked":"Orrery"}],"items_purged_floors":[],"potions_floor_spawned":[1,12,14,16,21,24,37,38],"seed_played":"6841752460531153371","killed_by":"Donu and Deca","ascension_level":0,"potions_obtained":[{"floor":1.0,"key":"Dexterity Potion"},{"floor":12.0,"key":"LiquidBronze"},{"floor":14.0,"key":"AttackPotion"},{"floor":16.0,"key":"Fire Potion"},{"floor":21.0,"key":"Explosive Potion"},{"floor":24.0,"key":"Strength Potion"},{"floor":37,"key":"Energy Potion"},{"floor":38,"key":"Poison Potion"}],"is_trial":false}