{"gold_per_floor":[112,112,132,20,20,47,47,63,63,78,29,44,76,94,94,192,192,210,210,228,247,247],"floor_reached":22,"playtime":970,"items_purged":["Strike_G"],"score":234,"play_id":"6eba1d2e-482e-4b32-92f3-70eba7342f3f","local_time":"20190604200635","is_ascension_mode":true,"campfire_choices":[{"data":"Endless Agony","floor":15,"key":"SMITH"}],"neow_cost":"NONE","seed_source_timestamp":8803463397633,"circlet_count":0,"master_deck":["Defend_G","Defend_G","Defend_G","Defend_G","Defend_G","Strike_G","Survivor","Neutralize","Dagger Spray","Finisher","Endless Agony+1","Accuracy","Finisher","Regret","Riddle With Holes","Bouncing Flask","Acrobatics","Sucker Punch","Backstab","Poisoned Stab","Tools of the Trade","Flying Knee","Setup","PiercingWail","Dash"],"relics":["Ring of the Serpent","NeowsBlessing","Dodecahedron","Bag of Preparation","Ninja Scroll","Darkstone Periapt"],"potions_floor_usage":[16,16,16],"damage_taken":[{"damage":0,"enemies":"Small Slimes","floor":1,"turns":1},{"damage":0,"enemies":"Cultist","floor":3,"turns":1},{"damage":0,"enemies":"Lagavulin","floor":6,"turns":1},{"damage":13,"enemies":"Jaw Worm","floor":8,"turns":2},{"damage":2,"enemies":"Looter","floor":10,"turns":3},{"damage":8,"enemies":"Red Slaver","floor":12,"turns":3},{"damage":19,"enemies":"Gremlin Nob","floor":13,"turns":3},{"damage":0,"enemies":"2 Fungi Beasts","floor":14,"turns":2},{"damage":4,"enemies":"Hexaghost","floor":16,"turns":7},{"damage":2,"enemies":"Shell Parasite","floor":18,"turns":2},{"damage":14,"enemies":"Spheric Guardian","floor":20,"turns":4},{"damage":19,"enemies":"Centurion and Healer","floor":21,"turns":8},{"damage":40,"enemies":"Shelled Parasite and Fungi","floor":22,"turns":7}],"seed_played":"-618350113968088926","potions_obtained":[{"floor":8,"key":"EssenceOfSteel"},{"floor":10,"key":"FearPotion"},{"floor":13,"key":"Strength Potion"},{"floor":20,"key":"FearPotion"}],"is_trial":false,"path_per_floor":["M","?","M","$","?","E","?","M","T","M","$","M","E","M","R","B",null,"M","?","M","M","M"],"character_chosen":"THE_SILENT","items_purchased":["Accuracy","Acrobatics"],"campfire_rested":0,"item_purchase_floors":[4,11],"current_hp_per_floor":[70,70,70,70,63,63,63,50,50,48,48,40,21,21,21,17,70,68,68,54,35,0],"gold":247,"neow_bonus":"THREE_ENEMY_KILL","is_prod":false,"is_daily":false,"chose_seed":false,"campfire_upgraded":1,"win_rate":0,"timestamp":1559693195,"path_taken":["M","?","M","?","?","E","?","M","T","M","$","?","E","M","R","BOSS","M","?","?","M","M"],"build_version":"2019-01-23","purchased_purges":1,"victory":false,"max_hp_per_floor":[70,70,70,70,70,70,70,70,70,70,70,70,70,70,70,70,70,70,70,70,70,70],"card_choices":[{"not_picked":["Quick Slash","Heel Hook"],"picked":"Dagger Spray","floor":1},{"not_picked":["Blade Dance","Tactician"],"picked":"Endless Agony","floor":3},{"not_picked":["Acrobatics","Noxious Fumes"],"picked":"Finisher","floor":6},{"not_picked":["Underhanded Strike","Choke"],"picked":"Riddle With Holes","floor":8},{"not_picked":["Bane","Setup"],"picked":"Bouncing Flask","floor":10},{"not_picked":["Deflect","Acrobatics"],"picked":"Sucker Punch","floor":12},{"not_picked":["Terror","Quick Slash"],"picked":"Backstab","floor":13},{"not_picked":["Underhanded Strike","Deflect"],"picked":"Poisoned Stab","floor":14},{"not_picked":["A Thousand Cuts","Unload"],"picked":"Tools of the Trade","floor":16},{"not_picked":["All Out Attack","Deflect"],"picked":"Flying Knee","floor":18},{"not_picked":["Dagger Throw","Slice"],"picked":"PiercingWail","floor":20},{"not_picked":["Quick Slash","Poisoned Stab+1"],"picked":"Dash","floor":21}],"player_experience":96374,"relics_obtained":[{"floor":6,"key":"Dodecahedron"},{"floor":9,"key":"Ninja Scroll"},{"floor":13,"key":"Darkstone Periapt"}],"event_choices":[{"damage_healed":0,"gold_gain":0,"cards_transformed":["Strike_G"],"player_choice":"Transformed","damage_taken":0,"max_hp_gain":0,"max_hp_loss":0,"event_name":"Transmorgrifier","floor":2,"gold_loss":0,"cards_obtained":["Finisher"]},{"cards_removed":["Strike_G"],"damage_healed":0,"gold_gain":0,"player_choice":"Card Removal","damage_taken":7,"max_hp_gain":0,"max_hp_loss":0,"event_name":"Golden Wing","floor":5,"gold_loss":0},{"damage_healed":0,"gold_gain":0,"player_choice":"Box","damage_taken":0,"relics_obtained":["Bag of Preparation"],"max_hp_gain":0,"max_hp_loss":0,"event_name":"Big Fish","floor":7,"gold_loss":0,"cards_obtained":["Regret"]},{"damage_healed":0,"gold_gain":0,"cards_transformed":["Strike_G"],"player_choice":"Transformed","damage_taken":0,"max_hp_gain":0,"max_hp_loss":0,"event_name":"Transmorgrifier","floor":19,"gold_loss":0,"cards_obtained":["Setup"]}],"is_beta":false,"boss_relics":[{"not_picked":["Coffee Dripper","Busted Crown"],"picked":"Ring of the Serpent"}],"items_purged_floors":[4],"is_endless":false,"potions_floor_spawned":[8,10,13,20],"killed_by":"Shelled Parasite and Fungi","ascension_level":1}