{"gold_per_floor":[112,126,301,301,317,346,359,378,378,25,88,98,98,112,112,210,210,220,238,238,238,238,238,255,165,165,110,139,150,28,48,48,149,149,163,37,52,98,98,98,0,0,0,16,34,34,34,34,34,34],"floor_reached":50,"playtime":2270,"items_purged":[],"score":537,"play_id":"ee227e85-3d9e-4d13-8f73-0bcaeeea3dab","local_time":"20181127173350","is_ascension_mode":false,"campfire_choices":[{"data":"Corpse Explosion","floor":13,"key":"SMITH"},{"data":"Bane","floor":15,"key":"SMITH"},{"floor":23,"key":"REST"},{"data":"Bullet Time","floor":32,"key":"SMITH"},{"floor":40,"key":"RECALL"},{"floor":42,"key":"REST"},{"floor":49,"key":"REST"}],"neow_cost":"NONE","seed_source_timestamp":1014287827035487,"circlet_count":0,"master_deck":["Survivor+1","Neutralize+1","Blade Dance+1","Corpse Explosion+1","Madness+1","Choke+1","Poisoned Stab+1","Flying Knee+1","Bane+1","Bullet Time+1","Flying Knee+1","Leg Sweep+1","Leg Sweep+1","Dagger Throw+1","PiercingWail+1","PiercingWail+1","Slice+1","Backflip+1","Masterful Stab+1","Dagger Spray+1","Prepared+1","Backflip+1","Flying Knee+1","Masterful Stab+1","Venomology+1","Skewer+1","Eviscerate+1","Outmaneuver+1","Bane+1","Slice+1","Dodge and Roll+1","Writhe"],"relics":["Ring of the Snake","NeowsBlessing","Bronze Scales","Pear","Lee\u0027s Waffle","Juzu Bracelet","Pandora\u0027s Box","Nilry\u0027s Codex","The Courier","Tiny Chest","Turnip","Happy Flower","Astrolabe","War Paint","Incense Burner","Red Mask","Mark of the Bloom"],"potions_floor_usage":[6,12,16,28,28,33,38,38,44,44,45,50,50,50],"damage_taken":[{"damage":0,"enemies":"Jaw Worm","floor":1,"turns":1},{"damage":0,"enemies":"Small Slimes","floor":2,"turns":1},{"damage":0,"enemies":"Cultist","floor":5,"turns":1},{"damage":36,"enemies":"Lagavulin","floor":6,"turns":6},{"damage":0,"enemies":"Lots of Slimes","floor":7,"turns":1},{"damage":4,"enemies":"Blue Slaver","floor":8,"turns":3},{"damage":0,"enemies":"3 Louse","floor":12,"turns":1},{"damage":11,"enemies":"Exordium Wildlife","floor":14,"turns":2},{"damage":49,"enemies":"Hexaghost","floor":16,"turns":8},{"damage":14,"enemies":"Chosen","floor":18,"turns":5},{"damage":5,"enemies":"3 Byrds","floor":19,"turns":2},{"damage":0,"enemies":"Centurion and Healer","floor":24,"turns":4},{"damage":0,"enemies":"Slavers","floor":28,"turns":3},{"damage":0,"enemies":"Chosen and Byrds","floor":29,"turns":3},{"damage":0,"enemies":"Cultist and Chosen","floor":31,"turns":4},{"damage":53,"enemies":"Automaton","floor":33,"turns":10},{"damage":15,"enemies":"Orb Walker","floor":35,"turns":3},{"damage":2,"enemies":"3 Darklings","floor":37,"turns":3},{"damage":33,"enemies":"2 Orb Walkers","floor":38,"turns":3},{"damage":25,"enemies":"Maw","floor":44,"turns":7},{"damage":4,"enemies":"Transient","floor":45,"turns":5},{"damage":70,"enemies":"Awakened One","floor":50,"turns":15}],"seed_played":"3369027965201837192","potions_obtained":[{"floor":2,"key":"AttackPotion"},{"floor":6,"key":"SteroidPotion"},{"floor":14,"key":"Dexterity Potion"},{"floor":19,"key":"Weak Potion"},{"floor":24,"key":"Fire Potion"},{"floor":28,"key":"LiquidBronze"},{"floor":33,"key":"PowerPotion"},{"floor":35,"key":"AttackPotion"},{"floor":45,"key":"Fire Potion"}],"is_trial":false,"path_per_floor":["M","M","?","?","M","E","M","M","T","$","?","M","R","M","R","B",null,"M","M","?","?","?","R","M","?","T","?","E","M","$","M","R","B",null,"M","$","M","?","$","R","?","R","T","M","M","?","?","?","R","B"],"character_chosen":"THE_SILENT","items_purchased":["Lee\u0027s Waffle","Juzu Bracelet","Happy Flower","War Paint"],"campfire_rested":3,"item_purchase_floors":[10,10,30,36],"current_hp_per_floor":[70,70,70,70,70,34,34,30,40,87,87,87,87,76,76,27,87,73,68,68,52,35,62,62,62,62,62,62,62,62,62,62,9,92,77,77,75,42,42,42,42,69,69,44,40,63,63,63,63,0],"gold":34,"neow_bonus":"THREE_ENEMY_KILL","is_prod":false,"is_daily":false,"chose_seed":false,"campfire_upgraded":3,"win_rate":0,"timestamp":1543361630,"path_taken":["M","M","?","?","M","E","?","?","T","$","?","M","R","M","R","BOSS","M","M","?","?","?","R","M","?","T","?","E","M","$","M","R","BOSS","M","$","M","?","$","R","?","R","T","M","M","?","?","?","R","BOSS"],"build_version":"2018-11-15","purchased_purges":0,"victory":false,"max_hp_per_floor":[70,70,70,70,70,70,70,70,80,87,87,87,87,87,87,87,87,87,87,87,87,92,92,92,92,92,92,92,92,92,92,92,92,92,92,92,92,92,92,92,92,92,92,92,92,92,92,92,92,92],"card_choices":[{"not_picked":["Acrobatics","Prepared"],"picked":"Blade Dance","floor":1},{"not_picked":["Sucker Punch","Footwork"],"picked":"Dagger Spray","floor":2},{"not_picked":["Flying Knee","Sucker Punch"],"picked":"Choke","floor":5},{"not_picked":["A Thousand Cuts","Dodge and Roll"],"picked":"Poisoned Stab","floor":6},{"not_picked":["Dodge and Roll","Expertise","Predator"],"picked":"SKIP","floor":7},{"not_picked":["Dodge and Roll","Crippling Poison"],"picked":"Distraction","floor":8},{"not_picked":["Expertise","Riddle With Holes"],"picked":"Flying Knee","floor":12},{"not_picked":["Blur","Masterful Stab"],"picked":"Bane","floor":14},{"not_picked":["Die Die Die","After Image"],"picked":"Bullet Time","floor":16},{"not_picked":["PiercingWail","Dodge and Roll"],"picked":"Masterful Stab","floor":18},{"not_picked":["Footwork","Sucker Punch+1"],"picked":"Dagger Spray+1","floor":19},{"not_picked":["Flying Knee","Crippling Poison"],"picked":"Prepared+1","floor":24},{"not_picked":["Outmaneuver","All Out Attack"],"picked":"Backflip","floor":28},{"not_picked":["Reflex","Setup+1"],"picked":"Flying Knee","floor":29},{"not_picked":["Catalyst","Concentrate"],"picked":"Masterful Stab+1","floor":31},{"not_picked":["Phantasmal Killer","Wraith Form v2"],"picked":"Venomology","floor":33},{"not_picked":["Footwork","Prepared","Blade Dance"],"picked":"SKIP","floor":35},{"not_picked":["Crippling Poison","Well Laid Plans"],"picked":"Outmaneuver+1","floor":37},{"not_picked":["Dodge and Roll+1","Slice+1"],"picked":"Bane+1","floor":38},{"not_picked":["Deadly Poison","Dagger Spray"],"picked":"Slice+1","floor":44},{"not_picked":["Bouncing Flask","Acrobatics"],"picked":"Dodge and Roll+1","floor":45}],"player_experience":255470,"relics_obtained":[{"floor":6,"key":"Bronze Scales"},{"floor":9,"key":"Pear"},{"floor":21,"key":"Nilry\u0027s Codex"},{"floor":26,"key":"The Courier"},{"floor":28,"key":"Turnip"},{"floor":38,"key":"Incense Burner"}],"event_choices":[{"damage_healed":0,"gold_gain":175,"player_choice":"AGREE","damage_taken":0,"max_hp_gain":0,"max_hp_loss":0,"event_name":"Liars Game","floor":3,"gold_loss":0,"cards_obtained":["Doubt"]},{"damage_healed":0,"gold_gain":0,"player_choice":"2 cards matched","damage_taken":0,"max_hp_gain":0,"max_hp_loss":0,"event_name":"Match and Keep!","floor":4,"gold_loss":0,"cards_obtained":["Corpse Explosion","Madness"]},{"damage_healed":0,"gold_gain":63,"player_choice":"Gained Gold","damage_taken":0,"max_hp_gain":0,"max_hp_loss":0,"event_name":"Golden Wing","floor":11,"gold_loss":0},{"cards_removed":["Doubt"],"damage_healed":0,"gold_gain":0,"player_choice":"Elegance","damage_taken":0,"max_hp_gain":0,"max_hp_loss":0,"event_name":"Back to Basics","floor":20,"gold_loss":0},{"damage_healed":0,"gold_gain":0,"player_choice":"Obtained Book","damage_taken":16,"max_hp_gain":0,"max_hp_loss":0,"event_name":"Cursed Tome","floor":21,"gold_loss":0},{"damage_healed":0,"gold_gain":0,"player_choice":"Shed Blood","damage_taken":22,"max_hp_gain":5,"max_hp_loss":0,"event_name":"Forgotten Altar","floor":22,"gold_loss":0},{"cards_removed":["Quick Slash"],"damage_healed":0,"gold_gain":0,"player_choice":"Upgrade and Remove","damage_taken":0,"max_hp_gain":0,"max_hp_loss":0,"event_name":"Designer","floor":25,"gold_loss":90,"cards_upgraded":["Leg Sweep"]},{"damage_healed":0,"gold_gain":0,"player_choice":"Obtained Relic","damage_taken":0,"relics_obtained":["Tiny Chest"],"max_hp_gain":0,"max_hp_loss":0,"event_name":"Addict","floor":27,"gold_loss":85},{"damage_healed":0,"gold_gain":0,"player_choice":"Fight","damage_taken":0,"max_hp_gain":0,"max_hp_loss":0,"event_name":"Mysterious Sphere","floor":38,"gold_loss":0},{"damage_healed":0,"gold_gain":0,"player_choice":"Paid","damage_taken":0,"relics_obtained":["Red Mask"],"max_hp_gain":0,"max_hp_loss":0,"event_name":"Tomb of Lord Red Mask","floor":41,"gold_loss":98},{"damage_healed":23,"gold_gain":0,"player_choice":"Writhe","damage_taken":0,"max_hp_gain":0,"max_hp_loss":0,"event_name":"Winding Halls","floor":46,"gold_loss":0,"cards_obtained":["Writhe"]},{"damage_healed":0,"gold_gain":0,"player_choice":"Upgrade","damage_taken":0,"relics_obtained":["Mark of the Bloom"],"max_hp_gain":0,"max_hp_loss":0,"event_name":"MindBloom","floor":47,"gold_loss":0,"cards_upgraded":["Neutralize","Blade Dance","Madness","Choke","Poisoned Stab","Flying Knee","Flying Knee","Leg Sweep","Dagger Throw","PiercingWail","Slice","Backflip","Masterful Stab","Backflip","Flying Knee","Venomology"]},{"cards_removed":["Noxious Fumes"],"damage_healed":0,"gold_gain":0,"player_choice":"Removed Power","damage_taken":0,"max_hp_gain":0,"max_hp_loss":0,"event_name":"Falling","floor":48,"gold_loss":0}],"is_beta":true,"boss_relics":[{"not_picked":["Ectoplasm","Philosopher\u0027s Stone"],"picked":"Pandora\u0027s Box"},{"not_picked":["Cursed Key","Tiny House"],"picked":"Astrolabe"}],"items_purged_floors":[],"is_endless":false,"potions_floor_spawned":[2,6,14,19,24,28,33,35,37,45],"killed_by":"Awakened One","ascension_level":0}