{"gold_per_floor":[115,115,130,130,140,140,152,152,197,197,209,209,235,247,259,271],"floor_reached":16,"playtime":480,"items_purged":[],"score":115,"play_id":"4612cc15-ce19-4762-b579-ee133033f77d","local_time":"20190907224816","is_ascension_mode":true,"campfire_choices":[{"data":"Bash","floor":6,"key":"SMITH"},{"data":"Sword Boomerang","floor":8,"key":"SMITH"},{"data":"Ghostly Armor","floor":10,"key":"SMITH"},{"floor":15,"key":"REST"}],"neow_cost":"NONE","seed_source_timestamp":42250990619100,"circlet_count":0,"master_deck":["Strike_R+1","Strike_R","Strike_R","Defend_R","Defend_R","Defend_R","Defend_R","Bash+1","Cleave+1","Burning Pact","Disarm","Sword Boomerang+1","Ghostly Armor+1"],"relics":["Burning Blood","PreservedInsect","Whetstone","MawBank"],"potions_floor_usage":[16],"damage_taken":[{"damage":8,"enemies":"Small Slimes","floor":1,"turns":5},{"damage":5,"enemies":"Cultist","floor":3,"turns":5},{"damage":0,"enemies":"2 Louse","floor":5,"turns":2},{"damage":18,"enemies":"Large Slime","floor":7,"turns":7},{"damage":14,"enemies":"3 Louse","floor":11,"turns":2},{"damage":14,"enemies":"Gremlin Gang","floor":13,"turns":4},{"damage":69,"enemies":"Slime Boss","floor":16,"turns":5}],"seed_played":"2330561681596253600","potions_obtained":[{"floor":1,"key":"Weak Potion"},{"floor":5,"key":"Strength Potion"},{"floor":7,"key":"PowerPotion"}],"is_trial":false,"path_per_floor":["M","?","M","?","M","R","M","R","T","R","M","?","M","?","R","B"],"character_chosen":"IRONCLAD","items_purchased":[],"campfire_rested":1,"item_purchase_floors":[],"current_hp_per_floor":[78,78,79,79,80,80,68,68,68,68,60,42,34,34,58,0],"gold":271,"neow_bonus":"RANDOM_COMMON_RELIC","is_prod":false,"is_daily":false,"chose_seed":false,"campfire_upgraded":3,"win_rate":0,"timestamp":1567864096,"path_taken":["M","?","?","?","M","R","M","R","T","R","M","?","M","?","R","BOSS"],"build_version":"2019-07-17","purchased_purges":0,"victory":false,"max_hp_per_floor":[80,80,80,80,80,80,80,80,80,80,80,80,80,80,80,80],"card_choices":[{"not_picked":["Blood for Blood","Perfected Strike"],"picked":"Cleave","floor":1},{"not_picked":["Rampage","Combust","Warcry"],"picked":"SKIP","floor":3},{"not_picked":["Seeing Red","Warcry"],"picked":"Sword Boomerang","floor":5},{"not_picked":["Clothesline","Body Slam"],"picked":"Ghostly Armor","floor":7},{"not_picked":["Power Through","Armaments","Cleave"],"picked":"SKIP","floor":11},{"not_picked":["Evolve","Headbutt","Fire Breathing"],"picked":"SKIP","floor":13}],"player_experience":358846,"relics_obtained":[{"floor":9,"key":"Whetstone"}],"event_choices":[{"damage_healed":0,"gold_gain":0,"cards_transformed":["Strike_R"],"player_choice":"Transformed","damage_taken":0,"max_hp_gain":0,"max_hp_loss":0,"event_name":"Transmorgrifier","floor":2,"gold_loss":0,"cards_obtained":["Burning Pact"]},{"damage_healed":0,"gold_gain":0,"cards_transformed":["Strike_R"],"player_choice":"Change","damage_taken":0,"max_hp_gain":0,"max_hp_loss":0,"event_name":"Living Wall","floor":4,"gold_loss":0,"cards_obtained":["Disarm"]},{"damage_healed":0,"gold_gain":0,"player_choice":"Success","damage_taken":18,"relics_obtained":["MawBank"],"max_hp_gain":0,"max_hp_loss":0,"event_name":"Scrap Ooze","floor":12,"gold_loss":0},{"damage_healed":0,"gold_gain":0,"player_choice":"Ignored","damage_taken":0,"max_hp_gain":0,"max_hp_loss":0,"event_name":"Golden Idol","floor":14,"gold_loss":0}],"is_beta":false,"boss_relics":[],"items_purged_floors":[],"is_endless":false,"potions_floor_spawned":[1,5,7],"killed_by":"Slime Boss","ascension_level":5}