{"gold_per_floor":[112,42,53,65,29,29,64,75,75,90,90,106,117,135,135,236,236,251,261,711,39,50,81,81,92,392,406,406,36,55,68,68,68],"floor_reached":33,"playtime":2364,"items_purged":["Strike_P","Strike_P"],"score":300,"play_id":"23bf3a29-8e28-44f6-a7ed-f3636571fbb7","local_time":"20190910204457","is_ascension_mode":false,"campfire_choices":[{"data":"ForeignInfluence","floor":6,"key":"SMITH"},{"data":"CrushJoints","floor":15,"key":"SMITH"},{"floor":24,"key":"REST"},{"floor":28,"key":"REST"},{"floor":32,"key":"REST"}],"neow_cost":"NONE","seed_source_timestamp":1924607414709900,"circlet_count":0,"master_deck":["Strike_P","Strike_P","Defend_P","Defend_P","Defend_P","Defend_P","Eruption","Vigilance","ForeignInfluence+1","Adaptation","Meditate","DeceiveReality","WindmillStrike+1","MasterReality","WreathOfFlame","Evaluate","CrushJoints+1","ForeignInfluence","Adaptation","Unraveling","Crescendo+1","BowlingBash+1","Devotion+1","Trip","ThirdEye","WaveOfTheHand","EmptyMind+1","FlurryOfBlows+1","MentalFortress+1","PathToVictory+1"],"relics":["PureWater","NeowsBlessing","Bag of Preparation","Melange","Black Star","Frozen Egg 2","Ornamental Fan","Incense Burner","Old Coin","TheAbacus"],"potions_floor_usage":[13,13,14,16,18,22,23,23,27,30,31,33],"damage_taken":[{"damage":0,"enemies":"Cultist","floor":1,"turns":1},{"damage":0,"enemies":"2 Louse","floor":3,"turns":1},{"damage":0,"enemies":"Jaw Worm","floor":4,"turns":1},{"damage":26,"enemies":"3 Sentries","floor":7,"turns":6},{"damage":13,"enemies":"Lots of Slimes","floor":8,"turns":6},{"damage":0,"enemies":"Blue Slaver","floor":10,"turns":1},{"damage":0,"enemies":"Large Slime","floor":12,"turns":2},{"damage":0,"enemies":"Red Slaver","floor":13,"turns":1},{"damage":1,"enemies":"Looter","floor":14,"turns":4},{"damage":8,"enemies":"Hexaghost","floor":16,"turns":13},{"damage":19,"enemies":"2 Thieves","floor":18,"turns":3},{"damage":2,"enemies":"Chosen","floor":19,"turns":3},{"damage":0,"enemies":"Centurion and Healer","floor":22,"turns":5},{"damage":4,"enemies":"Book of Stabbing","floor":23,"turns":6},{"damage":12,"enemies":"Snake Plant","floor":25,"turns":3},{"damage":5,"enemies":"Chosen and Byrds","floor":27,"turns":4},{"damage":2,"enemies":"Centurion and Healer","floor":30,"turns":3},{"damage":0,"enemies":"Snake Plant","floor":31,"turns":6},{"damage":57,"enemies":"Automaton","floor":33,"turns":6}],"seed_played":"3124717138829602144","potions_obtained":[{"floor":8,"key":"SteroidPotion"},{"floor":10,"key":"SteroidPotion"},{"floor":13,"key":"Poison Potion"},{"floor":14,"key":"Block Potion"},{"floor":16,"key":"Energy Potion"},{"floor":18,"key":"PowerPotion"},{"floor":25,"key":"SteroidPotion"},{"floor":30,"key":"AttackPotion"},{"floor":31,"key":"Dexterity Potion"}],"is_trial":false,"path_per_floor":["M","$","M","M","$","R","E","M","T","M","?","M","M","M","R","B",null,"M","M","?","$","M","E","R","M","T","M","R","$","M","M","R","B"],"character_chosen":"WATCHER","items_purchased":["Adaptation","WindmillStrike","DuplicationPotion","Frozen Egg 2","Devotion+1","Weak Potion","Trip","ThirdEye","MentalFortress+1","TheAbacus","PowerPotion"],"campfire_rested":3,"item_purchase_floors":[2,5,21,21,21,21,21,21,29,29,29],"current_hp_per_floor":[65,65,65,65,65,65,39,26,26,26,26,26,26,25,25,17,65,46,44,8,8,8,4,23,11,11,6,25,25,23,23,42,0],"gold":68,"neow_bonus":"THREE_ENEMY_KILL","is_prod":false,"is_daily":false,"chose_seed":false,"campfire_upgraded":2,"win_rate":0,"timestamp":1568166297,"path_taken":["M","$","?","M","$","R","E","M","T","M","?","M","?","M","R","BOSS","M","M","?","$","?","E","R","M","T","M","R","$","M","M","R","BOSS"],"build_version":"2019-09-09v2","purchased_purges":2,"victory":false,"max_hp_per_floor":[65,65,65,65,65,65,65,65,65,65,65,65,65,65,65,65,65,65,65,65,65,65,65,65,65,65,65,65,65,65,65,65,65],"card_choices":[{"not_picked":["CrushJoints","Crescendo"],"picked":"ForeignInfluence","floor":1},{"not_picked":["InnerPeace","Halt"],"picked":"Meditate","floor":3},{"not_picked":["WreathOfFlame","CrushJoints"],"picked":"DeceiveReality","floor":4},{"not_picked":["Crescendo","FollowUp"],"picked":"MasterReality","floor":7},{"not_picked":["TalkToTheHand","EmptyBody"],"picked":"WreathOfFlame","floor":8},{"not_picked":["ForeignInfluence","SandsOfTime"],"picked":"Evaluate","floor":10},{"not_picked":["JustLucky","BowlingBash"],"picked":"CrushJoints","floor":12},{"not_picked":["FollowUp","SpiritShield"],"picked":"ForeignInfluence","floor":13},{"not_picked":["CutThroughFate","Prostrate"],"picked":"Adaptation","floor":14},{"not_picked":["Alpha","Blasphemy"],"picked":"Unraveling","floor":16},{"not_picked":["EmptyBody","FearNoEvil+1"],"picked":"Crescendo+1","floor":18},{"not_picked":["ClearTheMind","EmptyMind"],"picked":"BowlingBash+1","floor":19},{"not_picked":["Consecrate+1","ClearTheMind+1"],"picked":"WaveOfTheHand","floor":22},{"not_picked":["Weave","Prostrate"],"picked":"EmptyMind+1","floor":23},{"not_picked":["InnerPeace","Collect+1"],"picked":"FlurryOfBlows+1","floor":25},{"not_picked":["EmptyMind+1","Collect","CutThroughFate"],"picked":"SKIP","floor":27},{"not_picked":["Protect","Weave","EmptyFist"],"picked":"SKIP","floor":30},{"not_picked":["ClearTheMind","Weave"],"picked":"PathToVictory+1","floor":31}],"player_experience":498182,"relics_obtained":[{"floor":7,"key":"Bag of Preparation"},{"floor":9,"key":"Melange"},{"floor":23,"key":"Ornamental Fan"},{"floor":23,"key":"Incense Burner"},{"floor":26,"key":"Old Coin"}],"event_choices":[{"damage_healed":0,"gold_gain":0,"player_choice":"Upgraded","damage_taken":0,"max_hp_gain":0,"max_hp_loss":0,"event_name":"Upgrade Shrine","floor":11,"gold_loss":0,"cards_upgraded":["WindmillStrike"]},{"damage_healed":0,"gold_gain":450,"player_choice":"GOLD GOLD GOLD GOLD GOLD ","damage_taken":36,"max_hp_gain":0,"max_hp_loss":0,"event_name":"Knowing Skull","floor":20,"potions_obtained":[],"gold_loss":0,"cards_obtained":[]}],"is_beta":true,"boss_relics":[{"not_picked":["Runic Dome","Busted Crown"],"picked":"Black Star"}],"items_purged_floors":[21,29],"is_endless":false,"potions_floor_spawned":[8,10,13,14,16,18,25,30,31],"killed_by":"Automaton","ascension_level":0}