{"gold_per_floor":[115,128,128,143,108,135,135,11,90,105,105,117,117,135,135,236,286,304,16,27,27,127,161,161,174,198,198,223,223,240,250,250,348,348,360,360,384,384,37,62,78,110,110,130,130,150,150,150,150,150,150,150,81,81],"floor_reached":54,"playtime":3227,"items_purged":["Strike_R","Strike_R"],"score":771,"play_id":"24395911-49d2-4db5-a73b-655ee133492b","local_time":"20190601105545","is_ascension_mode":true,"campfire_choices":[{"floor":7,"key":"RECALL"},{"data":"Searing Blow","floor":13,"key":"SMITH"},{"floor":15,"key":"REST"},{"floor":24,"key":"REST"},{"floor":27,"key":"REST"},{"data":"Demon Form","floor":29,"key":"SMITH"},{"floor":32,"key":"REST"},{"data":"Writhe","floor":45,"key":"PURGE"},{"floor":47,"key":"REST"},{"data":"Strike_R","floor":49,"key":"PURGE"},{"data":"Defend_R","floor":52,"key":"PURGE"}],"neow_cost":"NONE","seed_source_timestamp":2252625714978,"circlet_count":0,"master_deck":["Strike_R+1","Defend_R+1","Defend_R","Defend_R","Bash","Blood for Blood","Rage","Shrug It Off+1","Cleave","Clothesline","Searing Blow+1","Heavy Blade","Carnage","Seeing Red","Shrug It Off+1","Demon Form+1","Headbutt","Metallicize+1","Bludgeon","Bloodletting+1","Flame Barrier"],"relics":["Snecko Eye","Ancient Tea Set","Bottled Flame","Tiny Chest","Tiny House","StoneCalendar","Happy Flower","Thread and Needle","Meat on the Bone","War Paint","PreservedInsect","Peace Pipe","Fusion Hammer","Potion Belt","Mummified Hand","Regal Pillow","Pen Nib","Frozen Egg 2"],"potions_floor_usage":[6,16,16,22,42,50,50,50,50],"damage_taken":[{"damage":9,"enemies":"2 Louse","floor":1,"turns":3},{"damage":11,"enemies":"Jaw Worm","floor":2,"turns":4},{"damage":7,"enemies":"Small Slimes","floor":4,"turns":3},{"damage":15,"enemies":"Lagavulin","floor":6,"turns":6},{"damage":0,"enemies":"Looter","floor":10,"turns":2},{"damage":11,"enemies":"3 Louse","floor":12,"turns":2},{"damage":0,"enemies":"Blue Slaver","floor":14,"turns":2},{"damage":6,"enemies":"Hexaghost","floor":16,"turns":6},{"damage":6,"enemies":"Chosen","floor":18,"turns":4},{"damage":10,"enemies":"2 Thieves","floor":20,"turns":3},{"damage":27,"enemies":"Colosseum Slavers","floor":22,"turns":4},{"damage":2,"enemies":"Colosseum Nobs","floor":22,"turns":5},{"damage":38,"enemies":"Slavers","floor":23,"turns":5},{"damage":2,"enemies":"Chosen and Byrds","floor":25,"turns":5},{"damage":19,"enemies":"Book of Stabbing","floor":28,"turns":4},{"damage":10,"enemies":"Shelled Parasite and Fungi","floor":30,"turns":5},{"damage":11,"enemies":"Snake Plant","floor":31,"turns":4},{"damage":39,"enemies":"Collector","floor":33,"turns":7},{"damage":24,"enemies":"3 Darklings","floor":35,"turns":6},{"damage":11,"enemies":"Reptomancer","floor":40,"turns":7},{"damage":11,"enemies":"Orb Walker","floor":41,"turns":3},{"damage":14,"enemies":"Giant Head","floor":42,"turns":6},{"damage":4,"enemies":"3 Darklings","floor":44,"turns":6},{"damage":13,"enemies":"Maw","floor":46,"turns":6},{"damage":72,"enemies":"Time Eater","floor":50,"turns":8},{"damage":111,"enemies":"Shield and Spear","floor":54,"turns":6}],"seed_played":"-8357747628861592284","potions_obtained":[{"floor":1,"key":"Ancient Potion"},{"floor":2,"key":"PowerPotion"},{"floor":12,"key":"Poison Potion"},{"floor":14,"key":"LiquidBronze"},{"floor":17,"key":"FearPotion"},{"floor":18,"key":"Strength Potion"},{"floor":33,"key":"Poison Potion"},{"floor":35,"key":"Strength Potion"},{"floor":40,"key":"Dexterity Potion"},{"floor":44,"key":"FearPotion"},{"floor":46,"key":"SpeedPotion"}],"is_trial":false,"path_per_floor":["M","M","?","M","?","E","R","$","T","M","T","M","R","M","R","B",null,"M","$","M","?","?","E","R","M","T","R","E","R","M","M","R","B",null,"M","?","T","?","$","E","M","E","T","M","R","M","R","?","R","B",null,"R","$","E"],"character_chosen":"IRONCLAD","items_purchased":["Cleave","StoneCalendar","Mummified Hand","Flame Barrier"],"campfire_rested":5,"item_purchase_floors":[8,19,39,53],"current_hp_per_floor":[71,60,48,41,61,46,46,46,46,46,46,35,35,35,59,53,85,79,79,69,69,40,14,39,49,49,74,55,55,45,46,71,44,85,61,61,61,95,95,84,73,59,59,55,55,54,95,95,95,35,95,95,95,0],"gold":81,"neow_bonus":"BOSS_RELIC","is_prod":false,"is_daily":false,"chose_seed":false,"campfire_upgraded":2,"win_rate":0,"timestamp":1559400945,"path_taken":["M","M","?","M","?","E","R","$","T","M","?","M","R","M","R","BOSS","M","$","M","?","?","E","R","M","T","R","E","R","M","M","R","BOSS","M","?","?","?","$","E","M","E","T","?","R","?","R","?","R","BOSS","R","$","E"],"build_version":"2019-01-23","purchased_purges":2,"victory":false,"max_hp_per_floor":[80,80,80,80,80,80,80,80,80,80,80,80,80,80,80,80,85,85,85,85,85,85,85,85,85,85,85,85,85,85,85,85,85,85,85,85,85,95,95,95,95,95,95,95,95,95,95,95,95,95,95,95,95,95],"card_choices":[{"not_picked":["Burning Pact","Flex"],"picked":"Blood for Blood","floor":1},{"not_picked":["Perfected Strike","Warcry"],"picked":"Rage","floor":2},{"not_picked":["Rampage","Body Slam"],"picked":"Shrug It Off","floor":4},{"not_picked":["Body Slam","Feel No Pain","Iron Wave"],"picked":"SKIP","floor":6},{"not_picked":["Sword Boomerang","True Grit"],"picked":"Clothesline","floor":10},{"not_picked":["Cleave","Infernal Blade"],"picked":"Searing Blow","floor":12},{"not_picked":["Rage","Entrench"],"picked":"Heavy Blade","floor":14},{"not_picked":["Feed","Offering"],"picked":"Brutality","floor":16},{"not_picked":["Shockwave","Warcry"],"picked":"Carnage","floor":17},{"not_picked":["Spot Weakness+1","Twin Strike"],"picked":"Seeing Red","floor":18},{"not_picked":["Perfected Strike+1","Infernal Blade"],"picked":"Shrug It Off+1","floor":20},{"not_picked":["Iron Wave","Shrug It Off"],"picked":"Demon Form","floor":23},{"not_picked":["Warcry+1","Body Slam"],"picked":"Headbutt","floor":25},{"not_picked":["Sword Boomerang","Twin Strike","Cleave"],"picked":"SKIP","floor":28},{"not_picked":["Twin Strike+1","Flex+1","Rampage+1"],"picked":"SKIP","floor":30},{"not_picked":["Dropkick","Battle Trance"],"picked":"Metallicize+1","floor":31},{"not_picked":["Demon Form","Double Tap"],"picked":"Bludgeon","floor":33},{"not_picked":["Heavy Blade+1","Cleave","Carnage+1"],"picked":"SKIP","floor":35},{"not_picked":["Anger+1","Inflame","Second Wind"],"picked":"SKIP","floor":40},{"not_picked":["Heavy Blade+1","Flex","Iron Wave+1"],"picked":"SKIP","floor":41},{"not_picked":["Anger","Second Wind","Fiend Fire"],"picked":"SKIP","floor":42},{"not_picked":["Sword Boomerang","Shrug It Off","Iron Wave+1"],"picked":"SKIP","floor":44},{"not_picked":["Warcry","Iron Wave+1"],"picked":"Bloodletting+1","floor":46}],"player_experience":50043,"relics_obtained":[{"floor":6,"key":"Bottled Flame"},{"floor":9,"key":"Tiny Chest"},{"floor":22,"key":"Thread and Needle"},{"floor":22,"key":"Meat on the Bone"},{"floor":23,"key":"War Paint"},{"floor":26,"key":"PreservedInsect"},{"floor":28,"key":"Peace Pipe"},{"floor":37,"key":"Potion Belt"},{"floor":40,"key":"Regal Pillow"},{"floor":42,"key":"Pen Nib"},{"floor":43,"key":"Frozen Egg 2"}],"event_choices":[{"damage_healed":0,"gold_gain":0,"player_choice":"Success","damage_taken":12,"relics_obtained":["Ancient Tea Set"],"max_hp_gain":0,"max_hp_loss":0,"event_name":"Scrap Ooze","floor":3,"gold_loss":0},{"damage_healed":20,"gold_gain":0,"player_choice":"Healed","damage_taken":0,"max_hp_gain":0,"max_hp_loss":0,"event_name":"The Cleric","floor":5,"gold_loss":35},{"damage_healed":0,"gold_gain":0,"player_choice":"Opened","damage_taken":0,"relics_obtained":["Happy Flower"],"max_hp_gain":0,"max_hp_loss":0,"event_name":"The Mausoleum","floor":21,"gold_loss":0,"cards_obtained":["Writhe"]},{"damage_healed":0,"gold_gain":0,"player_choice":"Fight","damage_taken":0,"max_hp_gain":0,"max_hp_loss":0,"event_name":"Colosseum","floor":22,"gold_loss":0},{"damage_healed":0,"gold_gain":0,"player_choice":"Fought Nobs","damage_taken":0,"max_hp_gain":0,"max_hp_loss":0,"event_name":"Colosseum","floor":22,"gold_loss":0},{"damage_healed":0,"gold_gain":0,"player_choice":"Ignored","damage_taken":0,"max_hp_gain":0,"max_hp_loss":0,"event_name":"Tomb of Lord Red Mask","floor":36,"gold_loss":0},{"cards_removed":["Brutality"],"damage_healed":24,"gold_gain":0,"player_choice":"Offered Rare","damage_taken":0,"max_hp_gain":10,"max_hp_loss":0,"event_name":"Bonfire Elementals","floor":38,"gold_loss":0},{"cards_removed":["Strike_R"],"damage_healed":0,"gold_gain":0,"player_choice":"Removed Attack","damage_taken":0,"max_hp_gain":0,"max_hp_loss":0,"event_name":"Falling","floor":48,"gold_loss":0}],"is_beta":false,"boss_relics":[{"not_picked":["Lizard Tail","Runic Pyramid"],"picked":"Tiny House"},{"not_picked":["Coffee Dripper","Runic Dome"],"picked":"Fusion Hammer"}],"items_purged_floors":[8,39],"is_endless":false,"potions_floor_spawned":[1,2,12,14,18,22,33,35,40,44,46],"killed_by":"Shield and Spear","ascension_level":1}