{"gold_per_floor":[116,41,59,76,89,89,123,141,192,192,192,214,234,265,265,361,361,381,296,306,181,192,192,204,216,216,232,251,350,350,370,370,370],"floor_reached":33,"playtime":2408,"items_purged":["Strike_G","Strike_G"],"score":313,"play_id":"ad2ba05f-a087-4184-a72e-a011e34681f7","local_time":"20190201160202","is_ascension_mode":false,"campfire_choices":[{"data":"Neutralize","floor":6.0,"key":"SMITH"},{"data":"Corpse Explosion","floor":11.0,"key":"SMITH"},{"data":"Accuracy","floor":15.0,"key":"SMITH"},{"data":"Distraction","floor":23,"key":"SMITH"},{"floor":30,"key":"REST"},{"floor":32,"key":"REST"}],"neow_cost":"NONE","seed_source_timestamp":0,"circlet_count":0,"master_deck":["Defend_G","Defend_G","Defend_G","Defend_G","Defend_G","Strike_G","Strike_G","Survivor","Neutralize+1","Backstab","Accuracy+1","Slice","Blade Dance","Corpse Explosion+1","Deadly Poison","Underhanded Strike","Deadly Poison","Deadly Poison","Burst","Blade Dance+1","Well Laid Plans","Slice","Distraction+1","Backflip","Bane","Bane","PiercingWail+1"],"special_seed":0,"relics":["Ring of the Snake","PreservedInsect","Dream Catcher","Bag of Preparation","Odd Mushroom","Singing Bowl","Runic Pyramid","Vajra","Pear"],"potions_floor_usage":[33,33],"damage_taken":[{"damage":0.0,"enemies":"2 Louse","floor":1.0,"turns":3.0},{"damage":0.0,"enemies":"Jaw Worm","floor":3.0,"turns":6.0},{"damage":0.0,"enemies":"Small Slimes","floor":4.0,"turns":5.0},{"damage":5.0,"enemies":"Looter","floor":5.0,"turns":4.0},{"damage":14.0,"enemies":"Lagavulin","floor":7.0,"turns":7.0},{"damage":0.0,"enemies":"3 Louse","floor":8.0,"turns":3.0},{"damage":2.0,"enemies":"The Mushroom Lair","floor":12.0,"turns":2.0},{"damage":0.0,"enemies":"Blue Slaver","floor":13.0,"turns":2.0},{"damage":0.0,"enemies":"Gremlin Nob","floor":14.0,"turns":2.0},{"damage":36.0,"enemies":"The Guardian","floor":16.0,"turns":9.0},{"damage":16.0,"enemies":"2 Thieves","floor":18.0,"turns":4.0},{"damage":0.0,"enemies":"Chosen","floor":20.0,"turns":4.0},{"damage":11,"enemies":"Sentry and Sphere","floor":22,"turns":4},{"damage":0,"enemies":"Snecko","floor":24,"turns":2},{"damage":26,"enemies":"Centurion and Healer","floor":25,"turns":5},{"damage":0,"enemies":"3 Cultists","floor":27,"turns":2},{"damage":11,"enemies":"Chosen and Byrds","floor":28,"turns":5},{"damage":15,"enemies":"Centurion and Healer","floor":31,"turns":5},{"damage":65,"enemies":"Automaton","floor":33,"turns":8}],"seed_played":"2818132253338081735","potions_obtained":[{"floor":1.0,"key":"FearPotion"},{"floor":7.0,"key":"AttackPotion"},{"floor":8.0,"key":"Fire Potion"},{"floor":16.0,"key":"Strength Potion"},{"floor":20,"key":"EssenceOfSteel"},{"floor":27,"key":"SkillPotion"}],"is_trial":false,"path_per_floor":["M","$","M","M","M","R","E","M","T","?","R","?","M","E","R","B",null,"M","?","M","$","M","R","M","M","T","M","M","?","R","M","R","B"],"character_chosen":"THE_SILENT","items_purchased":["Slice"],"campfire_rested":2,"item_purchase_floors":[21],"current_hp_per_floor":[70,70,70,70,65,65,51,51,51,51,51,49,49,51,51,15,72,56,56,56,56,45,45,45,21,31,31,22,22,47,34,60,0],"gold":370,"neow_bonus":"RANDOM_COMMON_RELIC","is_prod":false,"is_daily":false,"chose_seed":false,"campfire_upgraded":4,"win_rate":0,"timestamp":1549004522,"path_taken":["M","$","M","M","M","R","E","M","T","?","R","?","M","E","R","BOSS","M","?","M","$","M","R","M","M","T","M","M","?","R","M","R","BOSS"],"build_version":"2019-01-23","purchased_purges":2,"victory":false,"max_hp_per_floor":[70,70,70,70,70,70,70,70,70,70,70,70,70,72,72,72,72,72,72,72,72,72,72,72,74,84,84,86,86,86,88,88,88],"card_choices":[{"not_picked":["Endless Agony","Underhanded Strike"],"picked":"Backstab","floor":1.0},{"not_picked":["Blade Dance","Dagger Throw"],"picked":"Accuracy","floor":3.0},{"not_picked":["Choke","Dagger Throw"],"picked":"Slice","floor":4.0},{"not_picked":["Terror","Acrobatics"],"picked":"Blade Dance","floor":5.0},{"not_picked":["Bane","Underhanded Strike"],"picked":"Corpse Explosion","floor":7.0},{"not_picked":["Infinite Blades","Masterful Stab"],"picked":"Deadly Poison","floor":8.0},{"not_picked":["Choke","Bouncing Flask"],"picked":"Deadly Poison","floor":12.0},{"not_picked":["Cloak And Dagger","Calculated Gamble"],"picked":"Deadly Poison","floor":13.0},{"not_picked":["Distraction","Outmaneuver","Choke"],"picked":"Singing Bowl","floor":14.0},{"not_picked":["Malaise","Phantasmal Killer"],"picked":"Burst","floor":16.0},{"not_picked":["Bane","Riddle With Holes"],"picked":"Blade Dance+1","floor":18.0},{"not_picked":["Eviscerate","Prepared"],"picked":"Well Laid Plans","floor":20},{"not_picked":["Dagger Spray","Dagger Throw+1"],"picked":"Distraction","floor":22},{"not_picked":["Infinite Blades","Deflect"],"picked":"Backflip","floor":24},{"not_picked":["Deadly Poison","Night Terror","Predator+1"],"picked":"Singing Bowl","floor":25},{"not_picked":["Dagger Spray","Poisoned Stab"],"picked":"Bane","floor":27},{"not_picked":["Dagger Throw","Deadly Poison","Underhanded Strike+1"],"picked":"Singing Bowl","floor":28},{"not_picked":["Dash","Acrobatics"],"picked":"Bane","floor":30},{"not_picked":["Heel Hook","Dagger Spray","Skewer+1"],"picked":"Singing Bowl","floor":31},{"not_picked":["Outmaneuver","Night Terror"],"picked":"PiercingWail+1","floor":32}],"player_experience":59571,"relics_obtained":[{"floor":7.0,"key":"Dream Catcher"},{"floor":9.0,"key":"Bag of Preparation"},{"floor":12.0,"key":"Odd Mushroom"},{"floor":14.0,"key":"Singing Bowl"},{"floor":26,"key":"Pear"}],"event_choices":[{"damage_healed":0.0,"max_hp_gain":0.0,"max_hp_loss":0.0,"gold_gain":0.0,"cards_transformed":["Strike_G"],"event_name":"Living Wall","player_choice":"Change","floor":10.0,"gold_loss":0.0,"damage_taken":0.0,"cards_obtained":["Underhanded Strike"]},{"damage_healed":0.0,"max_hp_gain":0.0,"max_hp_loss":0.0,"gold_gain":0.0,"event_name":"Mushrooms","player_choice":"Fought Mushrooms","floor":12.0,"gold_loss":0.0,"damage_taken":0.0},{"damage_healed":0.0,"max_hp_gain":0.0,"max_hp_loss":0.0,"gold_gain":0.0,"event_name":"Addict","player_choice":"Obtained Relic","floor":19.0,"gold_loss":85.0,"damage_taken":0.0,"relics_obtained":["Vajra"]},{"damage_healed":0,"gold_gain":99,"player_choice":"Stole From Cult","damage_taken":0,"max_hp_gain":0,"max_hp_loss":0,"event_name":"Nest","floor":29,"gold_loss":0}],"is_beta":false,"boss_relics":[{"not_picked":["Snecko Eye","Lizard Tail"],"picked":"Runic Pyramid"}],"items_purged_floors":[2,21],"is_endless":false,"potions_floor_spawned":[1,7,8,16,20,27,31],"killed_by":"Automaton","ascension_level":0}