{"path_per_floor":["M","$","?","M","?","R","E","M","T","M","$","M","?","?","R","B",null,"M","?","$","?","$","E","M","?","T","?","M","$","R","M","R"],"character_chosen":"THE_SILENT","items_purchased":["Sucker Punch","Noxious Fumes","Noxious Fumes"],"gold_per_floor":[115,16,16,35,35,35,70,91,91,107,7,32,32,32,32,160,160,183,183,113,113,43,86,102,102,102,152,173,48,48,61,61,61],"floor_reached":33,"campfire_rested":3,"playtime":2309,"current_hp_per_floor":[70,70,53,53,58,58,36,36,36,32,32,25,25,25,47,28,75,75,75,75,75,75,52,47,47,47,47,41,41,63,43,65,0],"items_purged":["Strike_G","Defend_G","Strike_G"],"gold":61,"score":263,"play_id":"110de0c4-a75d-4c34-b72f-fd43f8dfcba3","local_time":"20180502111534","is_prod":false,"is_daily":false,"chose_seed":false,"is_ascension_mode":false,"campfire_upgraded":1,"timestamp":1525252534,"path_taken":["M","$","?","M","?","R","E","?","T","M","$","M","?","?","R","BOSS","M","?","$","?","$","E","M","?","T","?","?","$","R","M","R","BOSS"],"build_version":"2018-05-01v2","seed_source_timestamp":1837889188839,"purchased_purges":4,"victory":false,"master_deck":["Defend_G","Defend_G","Defend_G","Strike_G","Strike_G","Survivor","Neutralize","Deadly Poison","Sucker Punch+1","Bane","Bane","Sucker Punch","Deadly Poison","Die Die Die","Noxious Fumes","Noxious Fumes","Poisoned Stab","Prepared","Poisoned Stab"],"max_hp_per_floor":[70,70,70,70,75,75,75,75,75,75,75,75,75,75,75,75,75,75,75,75,75,75,75,75,75,75,75,75,75,75,75,75,75],"relics":["Ring of the Snake","Golden Idol","Bag of Preparation","White Beast Statue","Anchor","Nloth\u0027s Gift","Unceasing Top"],"card_choices":[{"not_picked":["Flechettes","Underhanded Strike"],"picked":"Deadly Poison","floor":1},{"not_picked":["Prepared","Predator"],"picked":"Bane","floor":7},{"not_picked":["Tactician","PiercingWail"],"picked":"Bane","floor":8},{"not_picked":["Reflex","Slice"],"picked":"Sucker Punch","floor":10},{"not_picked":["Dagger Spray","Predator"],"picked":"Deadly Poison","floor":12},{"not_picked":["Venomology","Doppelganger"],"picked":"Die Die Die","floor":16},{"not_picked":["Sucker Punch","PiercingWail"],"picked":"Poisoned Stab","floor":24},{"not_picked":["Acrobatics","Flying Knee"],"picked":"Prepared","floor":28},{"not_picked":["Terror","PiercingWail"],"picked":"Poisoned Stab","floor":31}],"player_experience":27901,"potions_floor_usage":[7,18,18,23,28,28,31,31,33],"damage_taken":[{"damage":0,"enemies":"Jaw Worm","floor":1,"turns":4},{"damage":0,"enemies":"Small Slimes","floor":4,"turns":4},{"damage":22,"enemies":"3 Sentries","floor":7,"turns":12},{"damage":0,"enemies":"2 Louse","floor":8,"turns":3},{"damage":4,"enemies":"Blue Slaver","floor":10,"turns":3},{"damage":7,"enemies":"Gremlin Gang","floor":12,"turns":6},{"damage":19,"enemies":"Hexaghost","floor":16,"turns":9},{"damage":0,"enemies":"3 Byrds","floor":18,"turns":5},{"damage":23,"enemies":"Gremlin Leader","floor":23,"turns":7},{"damage":5,"enemies":"Chosen","floor":24,"turns":5},{"damage":6,"enemies":"Centurion and Healer","floor":28,"turns":5},{"damage":20,"enemies":"3 Cultists","floor":31,"turns":5},{"damage":74,"enemies":"Champ","floor":33,"turns":12}],"event_choices":[{"event_name":"Golden Idol","player_choice":"Take Damage","floor":3,"damage_taken":0},{"event_name":"Big Fish","player_choice":"Donut","floor":5,"damage_taken":0},{"event_name":"Purifier","player_choice":"One Purge","floor":13,"damage_taken":0},{"event_name":"Scrap Ooze","player_choice":"unsuccessful","floor":14,"damage_taken":0},{"event_name":"Vampires","player_choice":"Ignored","floor":19,"damage_taken":0},{"event_name":"Back to Basics","player_choice":"Elegance","floor":21,"damage_taken":0},{"event_name":"N\u0027loth","player_choice":"Traded a Letter Opener","floor":25,"damage_taken":0},{"event_name":"The Joust","player_choice":"Bet on Murderer","floor":27,"damage_taken":0}],"boss_relics":[{"not_picked":["Snecko Eye","Philosopher\u0027s Stone"],"picked":"White Beast Statue"}],"potions_floor_spawned":[4,7,12,16,18,23,24,28,31],"seed_played":"6507843144803718065","killed_by":"Champ","ascension_level":0,"is_trial":false}