{"gold_per_floor":[11,24,35,35,60,100,100,125,125,169,187,62,62,80,80,208,208,197,97,37,52,65,101,125,125,149,174,192,192,208,221,221,344,344,358,358,382,382,398,398,418,462,486,517,548,560,587,131,131,131],"floor_reached":50,"playtime":5240,"items_purged":["Strike_R","Strike_R","Parasite"],"score":539,"play_id":"70a56ee0-ed69-4416-b9e2-dbfdf7e18957","local_time":"20190129144604","is_ascension_mode":false,"campfire_choices":[{"data":"Armaments","floor":7,"key":"SMITH"},{"data":"Infernal Blade","floor":13,"key":"SMITH"},{"data":"Shrug It Off","floor":15,"key":"SMITH"},{"data":"Armaments","floor":25,"key":"SMITH"},{"data":"Limit Break","floor":29,"key":"SMITH"},{"floor":32,"key":"REST"},{"floor":40,"key":"REST"},{"floor":46,"key":"REST"},{"floor":49,"key":"REST"}],"neow_cost":"NO_GOLD","seed_source_timestamp":100268011616164,"circlet_count":0,"master_deck":["Strike_R","Defend_R","Defend_R","Defend_R","Defend_R","Bash","Double Tap","Armaments+1","Iron Wave","Ghostly Armor","Shrug It Off+1","Infernal Blade+1","Reaper","Iron Wave","Cleave","Twin Strike","Limit Break+1","Anger","Searing Blow","Wild Strike","Thunderclap+1","Spot Weakness","Entrench","Armaments+1","Rampage+1","Thunderclap+1","True Grit+1","Clash","Demon Form","Flex+1","Enlightenment","Cleave+1","Rampage+1","Rupture+1","Searing Blow+1","Fire Breathing+1","Pommel Strike+1","Chrysalis"],"relics":["Burning Blood","Golden Idol","Ornamental Fan","StoneCalendar","Kunai","Runic Pyramid","Mango","Red Skull","Fusion Hammer","Bag of Marbles","MawBank","Omamori"],"potions_floor_usage":[6,27,33,42,44],"damage_taken":[{"damage":2,"enemies":"2 Louse","floor":1,"turns":3},{"damage":2,"enemies":"Small Slimes","floor":2,"turns":4},{"damage":5,"enemies":"Cultist","floor":3,"turns":4},{"damage":14,"enemies":"Exordium Wildlife","floor":5,"turns":8},{"damage":5,"enemies":"3 Sentries","floor":6,"turns":10},{"damage":0,"enemies":"Looter","floor":8,"turns":3},{"damage":31,"enemies":"Gremlin Nob","floor":10,"turns":5},{"damage":0,"enemies":"3 Louse","floor":11,"turns":6},{"damage":0,"enemies":"Red Slaver","floor":14,"turns":3},{"damage":40,"enemies":"The Guardian","floor":16,"turns":11},{"damage":15,"enemies":"2 Thieves","floor":18,"turns":4},{"damage":4,"enemies":"Spheric Guardian","floor":21,"turns":4},{"damage":33,"enemies":"Snake Plant","floor":22,"turns":6},{"damage":18,"enemies":"Gremlin Leader","floor":23,"turns":9},{"damage":29,"enemies":"3 Cultists","floor":24,"turns":5},{"damage":23,"enemies":"Shelled Parasite and Fungi","floor":27,"turns":5},{"damage":24,"enemies":"Snecko","floor":28,"turns":7},{"damage":8,"enemies":"Centurion and Healer","floor":30,"turns":4},{"damage":29,"enemies":"Snake Plant","floor":31,"turns":4},{"damage":26,"enemies":"Automaton","floor":33,"turns":11},{"damage":19,"enemies":"3 Shapes","floor":35,"turns":7},{"damage":1,"enemies":"3 Darklings","floor":37,"turns":3},{"damage":12,"enemies":"Writhing Mass","floor":39,"turns":6},{"damage":10,"enemies":"Transient","floor":41,"turns":5},{"damage":67,"enemies":"Reptomancer","floor":42,"turns":7},{"damage":28,"enemies":"4 Shapes","floor":44,"turns":5},{"damage":25,"enemies":"Spire Growth","floor":45,"turns":6},{"damage":16,"enemies":"Transient","floor":47,"turns":5},{"damage":107,"enemies":"Awakened One","floor":50,"turns":8}],"seed_played":"-4716281800161840312","potions_obtained":[{"floor":2,"key":"SteroidPotion"},{"floor":10,"key":"Dexterity Potion"},{"floor":11,"key":"Ancient Potion"},{"floor":22,"key":"Swift Potion"},{"floor":28,"key":"BloodPotion"},{"floor":30,"key":"Regen Potion"},{"floor":33,"key":"SpeedPotion"},{"floor":35,"key":"Swift Potion"},{"floor":47,"key":"Energy Potion"}],"is_trial":false,"path_per_floor":["M","M","M","?","M","E","R","M","T","E","M","$","R","M","R","B",null,"M","$","?","M","M","E","M","R","T","M","M","R","M","M","R","B",null,"M","?","M","?","M","R","M","E","T","M","M","R","M","$","R","B"],"character_chosen":"IRONCLAD","items_purchased":["Cleave","Chrysalis","Omamori"],"campfire_rested":4,"item_purchase_floors":[12,48,48],"current_hp_per_floor":[80,80,80,74,66,67,67,73,73,48,55,55,55,65,65,35,74,65,65,65,67,40,52,59,59,59,67,49,49,53,40,66,46,88,88,88,88,88,88,88,84,71,71,49,44,70,60,60,85,0],"gold":131,"neow_bonus":"THREE_RARE_CARDS","is_prod":false,"is_daily":false,"chose_seed":false,"campfire_upgraded":5,"win_rate":0.0,"timestamp":1548740764,"path_taken":["M","M","M","?","M","E","R","M","T","E","M","$","R","M","R","BOSS","M","$","?","M","M","E","M","R","T","M","M","R","M","?","R","BOSS","M","?","M","?","M","R","M","E","T","M","M","R","M","$","R","BOSS"],"build_version":"2019-01-23","purchased_purges":3,"victory":false,"max_hp_per_floor":[80,80,80,74,74,74,74,74,74,74,74,74,74,74,74,74,74,74,74,74,74,74,88,88,88,88,88,88,88,88,88,88,88,88,88,88,88,88,88,88,88,88,88,88,88,88,88,85,85,85],"card_choices":[{"not_picked":["Bludgeon","Dark Embrace"],"picked":"Double Tap","floor":0},{"not_picked":["True Grit","Thunderclap"],"picked":"Armaments","floor":1},{"not_picked":["Battle Trance","Hemokinesis"],"picked":"Iron Wave","floor":2},{"not_picked":["Disarm","Hemokinesis"],"picked":"Ghostly Armor","floor":3},{"not_picked":["Rupture","Feel No Pain"],"picked":"Shrug It Off","floor":5},{"not_picked":["Twin Strike","Heavy Blade"],"picked":"Infernal Blade","floor":6},{"not_picked":["Battle Trance","Flex"],"picked":"Anger","floor":8},{"not_picked":["Ghostly Armor","Sever Soul"],"picked":"Reaper","floor":10},{"not_picked":["Clothesline","Heavy Blade"],"picked":"Iron Wave","floor":11},{"not_picked":["True Grit","Clash"],"picked":"Twin Strike","floor":14},{"not_picked":["Immolate","Berserk"],"picked":"Limit Break","floor":16},{"not_picked":["Reckless Charge","Heavy Blade"],"picked":"Anger","floor":18},{"not_picked":["Shrug It Off","Hemokinesis+1"],"picked":"Thunderclap+1","floor":21},{"not_picked":["Power Through","Thunderclap"],"picked":"Spot Weakness","floor":22},{"not_picked":["Body Slam","Sever Soul"],"picked":"Entrench","floor":23},{"not_picked":["Fiend Fire","Flame Barrier"],"picked":"Armaments","floor":24},{"not_picked":["Sever Soul","Twin Strike"],"picked":"Rampage+1","floor":27},{"not_picked":["Perfected Strike","Dual Wield"],"picked":"Thunderclap+1","floor":28},{"not_picked":["Clothesline","Feel No Pain"],"picked":"True Grit+1","floor":30},{"not_picked":["Whirlwind","Hemokinesis"],"picked":"Clash","floor":31},{"not_picked":["Offering","Immolate"],"picked":"Demon Form","floor":33},{"not_picked":["True Grit","Feel No Pain+1"],"picked":"Flex+1","floor":35},{"not_picked":["Trip","Flash of Steel"],"picked":"Enlightenment","floor":36},{"not_picked":["Warcry+1","Thunderclap"],"picked":"Cleave+1","floor":37},{"not_picked":["Carnage","Clash"],"picked":"Rampage+1","floor":39},{"not_picked":["Second Wind+1","Cleave+1"],"picked":"Rupture+1","floor":41},{"not_picked":["Immolate","Thunderclap+1"],"picked":"Searing Blow+1","floor":42},{"not_picked":["Iron Wave","Perfected Strike+1"],"picked":"Fire Breathing+1","floor":44},{"not_picked":["Iron Wave","Warcry+1"],"picked":"Pommel Strike+1","floor":45},{"not_picked":["Thunderclap","Clash+1","Twin Strike"],"picked":"SKIP","floor":47}],"player_experience":16059,"relics_obtained":[{"floor":6,"key":"Ornamental Fan"},{"floor":9,"key":"StoneCalendar"},{"floor":10,"key":"Kunai"},{"floor":23,"key":"Mango"},{"floor":26,"key":"Red Skull"},{"floor":42,"key":"Bag of Marbles"},{"floor":43,"key":"MawBank"}],"event_choices":[{"damage_healed":0,"gold_gain":0,"player_choice":"Lose Max HP","damage_taken":0,"relics_obtained":["Golden Idol"],"max_hp_gain":0,"max_hp_loss":6,"event_name":"Golden Idol","floor":4,"gold_loss":0},{"damage_healed":0,"gold_gain":0,"cards_transformed":["Strike_R","Strike_R"],"player_choice":"Transformed Cards","damage_taken":0,"max_hp_gain":0,"max_hp_loss":0,"event_name":"Designer","floor":20,"gold_loss":60,"cards_obtained":["Searing Blow","Wild Strike"]},{"damage_healed":0,"gold_gain":0,"player_choice":"Memory 1","damage_taken":0,"max_hp_gain":0,"max_hp_loss":0,"event_name":"SensoryStone","floor":36,"gold_loss":0},{"cards_removed":["Anger"],"damage_healed":0,"gold_gain":0,"player_choice":"Removed Attack","damage_taken":0,"max_hp_gain":0,"max_hp_loss":0,"event_name":"Falling","floor":38,"gold_loss":0}],"is_beta":false,"boss_relics":[{"not_picked":["Coffee Dripper","Empty Cage"],"picked":"Runic Pyramid"},{"not_picked":["Sozu","Orrery"],"picked":"Fusion Hammer"}],"items_purged_floors":[12,19,48],"is_endless":false,"potions_floor_spawned":[2,10,11,22,28,30,31,33,35,47],"killed_by":"Awakened One","ascension_level":0}