{"gold_per_floor":[114,114,114,114,114,154,2,2,2,26,26,26,49,74,74,193,193,193,193,193,193,193,193,45,45,45,45,45,45,45,45],"floor_reached":31,"playtime":2315,"items_purged":["Regret"],"score":289,"play_id":"7ccb3e4a-79d7-4325-9e61-481b7210f74c","local_time":"20190910145513","is_ascension_mode":false,"campfire_choices":[{"floor":12,"key":"DIG"},{"data":"Devotion","floor":15,"key":"SMITH"},{"floor":23,"key":"DIG"}],"neow_cost":"NONE","seed_source_timestamp":244282062057985,"circlet_count":0,"master_deck":["Strike_P","Strike_P","Strike_P","Strike_P","Defend_P+1","Defend_P","Defend_P","Defend_P+1","Eruption","Vigilance","BowlingBash","Injury","ThirdEye","Devotion+1","CutThroughFate","FollowUp","Brilliance","MasterReality","ForeignInfluence","ClearTheMind","WreathOfFlame","FlurryOfBlows","EmptyBody+1","Consecrate+1"],"relics":["PureWater","NeowsBlessing","Shovel","FossilizedHelix","Golden Idol","Toy Ornithopter","Mango","Torii","Mummified Hand","Ectoplasm","Ginger","Strawberry","White Beast Statue"],"potions_floor_usage":[14,19,22,22,27,29,29,30,31],"damage_taken":[{"damage":0,"enemies":"Small Slimes","floor":1,"turns":1},{"damage":0,"enemies":"3 Sentries","floor":6,"turns":2},{"damage":0,"enemies":"2 Louse","floor":10,"turns":2},{"damage":0,"enemies":"Cultist","floor":13,"turns":2},{"damage":14,"enemies":"Exordium Wildlife","floor":14,"turns":3},{"damage":17,"enemies":"The Guardian","floor":16,"turns":14},{"damage":10,"enemies":"Spheric Guardian","floor":18,"turns":9},{"damage":17,"enemies":"3 Byrds","floor":19,"turns":7},{"damage":9,"enemies":"Snake Plant","floor":20,"turns":10},{"damage":20,"enemies":"Sentry and Sphere","floor":22,"turns":8},{"damage":19,"enemies":"Shelled Parasite and Fungi","floor":25,"turns":7},{"damage":0,"enemies":"Snake Plant","floor":27,"turns":2},{"damage":20,"enemies":"Centurion and Healer","floor":29,"turns":6},{"damage":0,"enemies":"Snecko","floor":30,"turns":6},{"damage":39,"enemies":"Book of Stabbing","floor":31,"turns":5}],"seed_played":"5686778534739468430","potions_obtained":[{"floor":13,"key":"SkillPotion"},{"floor":16,"key":"Fire Potion"},{"floor":21,"key":"Fruit Juice"},{"floor":21,"key":"SteroidPotion"},{"floor":21,"key":"DuplicationPotion"},{"floor":22,"key":"StancePotion"},{"floor":25,"key":"Explosive Potion"},{"floor":27,"key":"AttackPotion"},{"floor":29,"key":"Block Potion"},{"floor":30,"key":"Ancient Potion"}],"is_trial":false,"path_per_floor":["M","?","?","?","?","E","$","T","T","M","$","R","M","M","R","B",null,"M","M","M","?","M","R","$","M","T","M","$","M","M","E"],"character_chosen":"WATCHER","items_purchased":["Devotion","Strawberry"],"campfire_rested":0,"item_purchase_floors":[7,24],"current_hp_per_floor":[65,62,62,62,49,49,49,63,63,63,63,63,63,54,54,37,79,69,57,48,48,43,43,50,31,31,36,36,26,31,0],"gold":45,"neow_bonus":"THREE_ENEMY_KILL","is_prod":false,"is_daily":false,"chose_seed":false,"campfire_upgraded":1,"win_rate":0.0,"timestamp":1568141713,"path_taken":["M","?","?","?","?","E","?","?","T","M","$","R","M","M","R","BOSS","M","M","M","?","M","R","$","?","T","M","$","M","M","E"],"build_version":"2019-09-09v2","purchased_purges":1,"victory":false,"max_hp_per_floor":[65,65,65,65,65,65,65,79,79,79,79,79,79,79,79,79,79,79,79,79,79,84,84,91,91,91,91,91,91,91,91],"card_choices":[{"not_picked":["CutThroughFate","Crescendo"],"picked":"BowlingBash","floor":1},{"not_picked":["EmptyMind","BowlingBash"],"picked":"ThirdEye","floor":6},{"not_picked":["SpiritShield","BowlingBash"],"picked":"CutThroughFate","floor":10},{"not_picked":["EmptyMind","EmptyBody"],"picked":"FollowUp","floor":13},{"not_picked":["Devotion","PathToVictory"],"picked":"Brilliance","floor":14},{"not_picked":["Omniscience","ReachHeaven"],"picked":"MasterReality","floor":16},{"not_picked":["JustLucky","Protect"],"picked":"ForeignInfluence","floor":18},{"not_picked":["InnerPeace","Tantrum+1","FlyingSleeves"],"picked":"SKIP","floor":19},{"not_picked":["InnerPeace","Evaluate"],"picked":"ClearTheMind","floor":20},{"not_picked":["EmptyFist","Evaluate"],"picked":"WreathOfFlame","floor":22},{"not_picked":["EmptyMind","CleanseEvil"],"picked":"FlurryOfBlows","floor":25},{"not_picked":["FollowUp","LessonLearned"],"picked":"EmptyBody+1","floor":27},{"not_picked":["Crescendo","CutThroughFate","Protect"],"picked":"SKIP","floor":29},{"not_picked":["SpiritShield+1","WindmillStrike"],"picked":"Consecrate+1","floor":30}],"player_experience":169753,"relics_obtained":[{"floor":6,"key":"Toy Ornithopter"},{"floor":8,"key":"Mango"},{"floor":9,"key":"Torii"},{"floor":12,"key":"Mummified Hand"},{"floor":23,"key":"Ginger"},{"floor":26,"key":"White Beast Statue"}],"event_choices":[{"damage_healed":0,"gold_gain":0,"player_choice":"Success","damage_taken":3,"relics_obtained":["Shovel"],"max_hp_gain":0,"max_hp_loss":0,"event_name":"Scrap Ooze","floor":2,"gold_loss":0},{"damage_healed":0,"gold_gain":0,"player_choice":"Box","damage_taken":0,"relics_obtained":["FossilizedHelix"],"max_hp_gain":0,"max_hp_loss":0,"event_name":"Big Fish","floor":3,"gold_loss":0,"cards_obtained":["Regret"]},{"damage_healed":0,"gold_gain":0,"player_choice":"Take Wound","damage_taken":0,"relics_obtained":["Golden Idol"],"max_hp_gain":0,"max_hp_loss":0,"event_name":"Golden Idol","floor":4,"gold_loss":0,"cards_obtained":["Injury"]},{"damage_healed":0,"gold_gain":0,"player_choice":"Entered Light","damage_taken":13,"max_hp_gain":0,"max_hp_loss":0,"event_name":"Shining Light","floor":5,"gold_loss":0,"cards_upgraded":["Defend_P","Defend_P"]},{"damage_healed":0,"gold_gain":0,"player_choice":"Got Potions","damage_taken":0,"max_hp_gain":0,"max_hp_loss":0,"event_name":"Lab","floor":21,"gold_loss":0}],"is_beta":true,"boss_relics":[{"not_picked":["Sozu","Coffee Dripper"],"picked":"Ectoplasm"}],"items_purged_floors":[7],"is_endless":false,"potions_floor_spawned":[13,16,22,25,27,29,30],"killed_by":"Book of Stabbing","ascension_level":0}