{"gold_per_floor":[216,216,227,238,163,189,252,252,325,358,358,358,368,382,382,483,483,496,109,109,127,145,145,145,9,9,9,35,35,63,75,75,175,175,187,199,34,48,64,92,92,125,176,190,190,202,202,112,112,112,112,112,85,112,112],"floor_reached":55,"playtime":4022,"items_purged":["Strike_B","Defend_B","Defend_B"],"score":825,"play_id":"ebbb4d95-24c3-4f5e-9ae8-81bed32a7793","local_time":"20190204005946","is_ascension_mode":false,"campfire_choices":[{"data":"Dualcast","floor":8,"key":"SMITH"},{"data":"Zap","floor":12,"key":"SMITH"},{"data":"Go for the Eyes","floor":15,"key":"SMITH"},{"data":"Strike_B","floor":23,"key":"PURGE"},{"data":"Defend_B","floor":27,"key":"PURGE"},{"data":"Defend_B","floor":29,"key":"PURGE"},{"data":"Strike_B","floor":32,"key":"PURGE"},{"floor":41,"key":"REST"},{"floor":45,"key":"RECALL"},{"floor":47,"key":"REST"},{"floor":49,"key":"REST"},{"data":"Darkness","floor":52,"key":"SMITH"}],"neow_cost":"NONE","seed_source_timestamp":570327468340544,"circlet_count":0,"master_deck":["Zap+1","Dualcast+1","Cold Snap","Steam","Reboot","Darkness+1","Go for the Eyes+1","Coolheaded+1","Hologram+1","Self Repair","Electrodynamics","Conserve Battery+1","Capacitor","Skim+1","Panacea+1","Conserve Battery+1","Redo+1","Ball Lightning+1","Conserve Battery+1","Core Surge+1","Defragment+1","Glacier+1","Double Energy+1","Redo+1","Chill+1","Redo+1","Shame","Stack+1","Redo+1","Leap+1","Leap+1"],"relics":["Cracked Core","Centennial Puzzle","Kunai","Toxic Egg 2","Oddly Smooth Stone","Cursed Key","Peace Pipe","Darkstone Periapt","Orichalcum","Sozu","Torii","Vajra","Boot"],"potions_floor_usage":[6,14,28,28,28,28,30,50],"damage_taken":[{"damage":0,"enemies":"Small Slimes","floor":1,"turns":3},{"damage":0,"enemies":"Cultist","floor":3,"turns":3},{"damage":0,"enemies":"2 Louse","floor":4,"turns":3},{"damage":19,"enemies":"3 Sentries","floor":6,"turns":10},{"damage":24,"enemies":"Gremlin Nob","floor":7,"turns":4},{"damage":6,"enemies":"Lagavulin","floor":10,"turns":6},{"damage":0,"enemies":"Exordium Thugs","floor":13,"turns":4},{"damage":4,"enemies":"Exordium Wildlife","floor":14,"turns":3},{"damage":0,"enemies":"The Guardian","floor":16,"turns":11},{"damage":3,"enemies":"Spheric Guardian","floor":18,"turns":4},{"damage":3,"enemies":"3 Byrds","floor":21,"turns":2},{"damage":8,"enemies":"Cultist and Chosen","floor":22,"turns":7},{"damage":0,"enemies":"Book of Stabbing","floor":28,"turns":5},{"damage":24,"enemies":"Gremlin Leader","floor":30,"turns":6},{"damage":0,"enemies":"Snecko","floor":31,"turns":4},{"damage":34,"enemies":"Champ","floor":33,"turns":13},{"damage":0,"enemies":"Orb Walker","floor":35,"turns":4},{"damage":0,"enemies":"3 Shapes","floor":36,"turns":2},{"damage":28,"enemies":"Jaw Worm Horde","floor":38,"turns":3},{"damage":2,"enemies":"Sphere and 2 Shapes","floor":39,"turns":4},{"damage":53,"enemies":"Reptomancer","floor":40,"turns":6},{"damage":15,"enemies":"Nemesis","floor":42,"turns":15},{"damage":1,"enemies":"Spire Growth","floor":44,"turns":5},{"damage":41,"enemies":"Transient","floor":46,"turns":5},{"damage":11,"enemies":"Donu and Deca","floor":50,"turns":9},{"damage":35,"enemies":"Shield and Spear","floor":54,"turns":9},{"damage":80,"enemies":"The Heart","floor":55,"turns":6}],"seed_played":"2395201800856246516","potions_obtained":[{"floor":2,"key":"AttackPotion"},{"floor":2,"key":"Weak Potion"},{"floor":2,"key":"EntropicBrew"},{"floor":7,"key":"Strength Potion"},{"floor":28,"key":"FearPotion"},{"floor":33,"key":"Poison Potion"}],"is_trial":false,"path_per_floor":["M","?","M","M","$","E","?","R","T","E","?","R","M","M","R","B",null,"M","$","?","M","M","R","?","$","T","R","E","R","E","M","R","B",null,"M","M","$","M","M","E","R","E","T","M","R","M","R","?","R","B",null,"R","$","E","B"],"character_chosen":"DEFECT","items_purchased":["Peace Pipe","Panacea+1","Conserve Battery+1","Glacier+1","Leap+1"],"campfire_rested":3,"item_purchase_floors":[19,25,25,37,53],"current_hp_per_floor":[75,75,75,75,75,56,32,32,32,26,51,51,51,47,47,54,75,75,75,75,72,71,71,57,57,57,57,64,64,47,54,54,27,80,80,80,80,59,64,18,42,34,40,46,46,12,37,37,62,58,86,86,86,58,0],"gold":112,"neow_bonus":"HUNDRED_GOLD","is_prod":false,"is_daily":false,"chose_seed":false,"campfire_upgraded":4,"win_rate":0,"timestamp":1549209586,"path_taken":["M","?","?","M","$","E","?","R","T","E","?","R","M","?","R","BOSS","M","$","?","M","M","R","?","$","T","R","E","R","E","M","R","BOSS","M","M","$","M","M","E","R","E","T","M","R","M","R","?","R","BOSS","R","$","E","BOSS"],"build_version":"2019-01-23","purchased_purges":3,"victory":false,"max_hp_per_floor":[75,75,75,75,75,75,75,75,75,75,75,75,75,75,75,75,75,75,75,75,75,75,75,80,80,80,80,80,80,80,80,80,80,80,80,80,80,80,80,80,80,80,86,86,86,86,86,86,86,86,86,86,86,86,86],"card_choices":[{"not_picked":["Compile Driver","Barrage"],"picked":"Cold Snap","floor":1},{"not_picked":["Hologram","Sweeping Beam"],"picked":"Steam","floor":3},{"not_picked":["Rebound","Barrage"],"picked":"Reboot","floor":4},{"not_picked":["Lockon","Sweeping Beam"],"picked":"Darkness","floor":6},{"not_picked":["Compile Driver","Streamline"],"picked":"Go for the Eyes","floor":7},{"not_picked":["Capacitor","Streamline"],"picked":"Coolheaded+1","floor":10},{"not_picked":["Rebound","Barrage"],"picked":"Hologram+1","floor":13},{"not_picked":["Redo+1","Go for the Eyes"],"picked":"Self Repair","floor":14},{"not_picked":["Reboot+1","Rainbow+1"],"picked":"Electrodynamics","floor":16},{"not_picked":["Hologram+1","Undo+1"],"picked":"Conserve Battery+1","floor":18},{"not_picked":["Gash","Reprogram+1"],"picked":"Capacitor","floor":21},{"not_picked":["Coolheaded+1","Rebound+1"],"picked":"Skim+1","floor":22},{"not_picked":["Beam Cell","Stack+1"],"picked":"Redo+1","floor":28},{"not_picked":["Beam Cell+1","Stack+1"],"picked":"Ball Lightning+1","floor":30},{"not_picked":["Skim+1","Reinforced Body+1"],"picked":"Conserve Battery+1","floor":31},{"not_picked":["Buffer","Rainbow+1"],"picked":"Core Surge","floor":33},{"not_picked":["Double Energy+1","Self Repair"],"picked":"Defragment+1","floor":35},{"not_picked":["Beam Cell","Rebound+1","Stack+1"],"picked":"SKIP","floor":36},{"not_picked":["Ball Lightning","Hello World+1"],"picked":"Double Energy+1","floor":38},{"not_picked":["Chill+1","Self Repair+1"],"picked":"Redo+1","floor":39},{"not_picked":["Gash","Hello World"],"picked":"Chill+1","floor":40},{"not_picked":["Double Energy+1","Sweeping Beam+1"],"picked":"Redo+1","floor":42},{"not_picked":["Barrage+1","Blizzard"],"picked":"Stack+1","floor":44},{"not_picked":["Force Field+1","Machine Learning"],"picked":"Redo+1","floor":46},{"not_picked":["Force Field+1","Coolheaded+1"],"picked":"Leap+1","floor":54}],"player_experience":119484,"relics_obtained":[{"floor":6,"key":"Centennial Puzzle"},{"floor":9,"key":"Toxic Egg 2"},{"floor":10,"key":"Oddly Smooth Stone"},{"floor":28,"key":"Darkstone Periapt"},{"floor":30,"key":"Orichalcum"},{"floor":40,"key":"Torii"},{"floor":42,"key":"Vajra"},{"floor":54,"key":"Boot"}],"event_choices":[{"damage_healed":0,"gold_gain":0,"player_choice":"Got Potions","damage_taken":0,"max_hp_gain":0,"max_hp_loss":0,"event_name":"Lab","floor":2,"gold_loss":0},{"damage_healed":0,"gold_gain":0,"player_choice":"Searched \u00272\u0027 times","damage_taken":0,"relics_obtained":["Kunai"],"max_hp_gain":0,"max_hp_loss":0,"event_name":"Dead Adventurer","floor":7,"gold_loss":0},{"damage_healed":25,"gold_gain":0,"player_choice":"Banana","damage_taken":0,"max_hp_gain":0,"max_hp_loss":0,"event_name":"Big Fish","floor":11,"gold_loss":0},{"damage_healed":0,"gold_gain":0,"player_choice":"Ignored","damage_taken":0,"max_hp_gain":0,"max_hp_loss":0,"event_name":"Ghosts","floor":20,"gold_loss":0},{"damage_healed":0,"gold_gain":0,"player_choice":"Shed Blood","damage_taken":19,"max_hp_gain":5,"max_hp_loss":0,"event_name":"Forgotten Altar","floor":24,"gold_loss":0},{"cards_removed":["Strike_B"],"damage_healed":0,"gold_gain":0,"player_choice":"Upgrade and Remove","damage_taken":0,"max_hp_gain":0,"max_hp_loss":0,"event_name":"Designer","floor":48,"gold_loss":90,"cards_upgraded":["Core Surge"]}],"is_beta":false,"boss_relics":[{"not_picked":["Fusion Hammer","Astrolabe"],"picked":"Cursed Key"},{"not_picked":["Runic Dome","Snecko Eye"],"picked":"Sozu"}],"items_purged_floors":[5,19,37],"is_endless":false,"potions_floor_spawned":[4,7,13,28,33,38,40,44],"killed_by":"The Heart","ascension_level":0}