{"gold_per_floor":[116,135,146,146,164,194,194,194,194,213,225,257,24,38,38,139,139,139,139,109,109,109,109,109,109,109,24,24,24,24,24,24,24],"floor_reached":33,"playtime":1764,"items_purged":["Regret"],"score":309,"play_id":"ef0a757f-d677-4bf5-806f-e9cf6d949b11","local_time":"20190602172135","is_ascension_mode":true,"campfire_choices":[{"floor":7,"key":"RECALL"},{"floor":15,"key":"REST"},{"floor":24,"key":"REST"},{"floor":32,"key":"REST"}],"neow_cost":"NONE","seed_source_timestamp":22443299082611,"circlet_count":0,"master_deck":["Strike_R","Strike_R","Strike_R","Strike_R","Strike_R","Defend_R","Defend_R","Defend_R","Defend_R","Bash","Havoc","True Grit","Headbutt","Clothesline","Anger","Warcry","Exhume","Bandage Up","Inflame","Offering","Rampage+1","Armaments","Rupture+1","Ghostly Armor","Feed","Metallicize+1"],"relics":["Fusion Hammer","PreservedInsect","Pear","Bag of Preparation","Anchor","Ectoplasm","Ancient Tea Set","Red Skull","Potion Belt"],"potions_floor_usage":[12,16,16,23,23,23,33,33],"damage_taken":[{"damage":5,"enemies":"Cultist","floor":1,"turns":4},{"damage":4,"enemies":"2 Louse","floor":2,"turns":3},{"damage":0,"enemies":"Jaw Worm","floor":3,"turns":3},{"damage":9,"enemies":"Large Slime","floor":5,"turns":6},{"damage":26,"enemies":"3 Sentries","floor":6,"turns":7},{"damage":25,"enemies":"Gremlin Gang","floor":10,"turns":5},{"damage":1,"enemies":"2 Fungi Beasts","floor":11,"turns":3},{"damage":4,"enemies":"Lagavulin","floor":12,"turns":5},{"damage":0,"enemies":"Blue Slaver","floor":14,"turns":3},{"damage":18,"enemies":"Hexaghost","floor":16,"turns":7},{"damage":21,"enemies":"3 Byrds","floor":18,"turns":5},{"damage":15,"enemies":"2 Thieves","floor":20,"turns":3},{"damage":23,"enemies":"Shelled Parasite and Fungi","floor":21,"turns":5},{"damage":37,"enemies":"Snake Plant","floor":22,"turns":4},{"damage":12,"enemies":"Slavers","floor":23,"turns":5},{"damage":11,"enemies":"Snecko","floor":28,"turns":4},{"damage":6,"enemies":"Shelled Parasite and Fungi","floor":31,"turns":5},{"damage":61,"enemies":"Automaton","floor":33,"turns":10}],"seed_played":"-4990746951925581490","potions_obtained":[{"floor":2,"key":"Weak Potion"},{"floor":3,"key":"EssenceOfSteel"},{"floor":12,"key":"PowerPotion"},{"floor":16,"key":"Energy Potion"},{"floor":18,"key":"EssenceOfSteel"},{"floor":20,"key":"Swift Potion"},{"floor":28,"key":"Explosive Potion"},{"floor":31,"key":"FearPotion"}],"is_trial":false,"path_per_floor":["M","M","M","?","M","E","R","?","T","M","M","E","$","M","R","B",null,"M","?","M","M","M","E","R","?","T","?","M","$","$","M","R","B"],"character_chosen":"IRONCLAD","items_purchased":["Bandage Up","Inflame"],"campfire_rested":3,"item_purchase_floors":[13,13],"current_hp_per_floor":[75,71,71,71,62,46,46,46,46,21,20,16,16,20,47,37,90,73,73,62,43,10,2,29,29,29,29,22,22,22,24,51,0],"gold":24,"neow_bonus":"BOSS_RELIC","is_prod":false,"is_daily":false,"chose_seed":false,"campfire_upgraded":0,"win_rate":0,"timestamp":1559510495,"path_taken":["M","M","?","?","M","E","R","?","T","M","M","E","?","M","R","BOSS","M","?","?","?","M","E","R","?","T","?","M","?","$","M","R","BOSS"],"build_version":"2019-01-23","purchased_purges":1,"victory":false,"max_hp_per_floor":[80,80,80,80,80,90,90,90,90,90,90,90,90,90,90,90,90,90,90,90,90,90,90,90,90,90,90,90,90,90,90,90,90],"card_choices":[{"not_picked":["Perfected Strike","Thunderclap"],"picked":"Havoc","floor":1},{"not_picked":["Sentinel","Anger"],"picked":"True Grit","floor":2},{"not_picked":["Iron Wave","Havoc"],"picked":"Headbutt","floor":3},{"not_picked":["Flex","Dropkick"],"picked":"Clothesline","floor":5},{"not_picked":["Berserk","Clash"],"picked":"Anger","floor":6},{"not_picked":["Body Slam","Twin Strike"],"picked":"Warcry","floor":10},{"not_picked":["Perfected Strike","Bloodletting","Clash"],"picked":"SKIP","floor":11},{"not_picked":["Wild Strike","Burning Pact"],"picked":"Exhume","floor":12},{"not_picked":["Sword Boomerang","Clash","Havoc"],"picked":"SKIP","floor":14},{"not_picked":["Reaper","Dark Embrace"],"picked":"Offering","floor":16},{"not_picked":["Shrug It Off","Headbutt"],"picked":"Rampage+1","floor":18},{"not_picked":["Iron Wave","Cleave"],"picked":"Armaments","floor":20},{"not_picked":["Second Wind+1","Carnage+1"],"picked":"Rupture+1","floor":21},{"not_picked":["Sword Boomerang","True Grit+1"],"picked":"Ghostly Armor","floor":22},{"not_picked":["Warcry+1","Battle Trance"],"picked":"Feed","floor":23},{"not_picked":["Clash","Inflame","True Grit"],"picked":"SKIP","floor":28},{"not_picked":["Wild Strike+1","Intimidate"],"picked":"Metallicize+1","floor":31}],"player_experience":84278,"relics_obtained":[{"floor":6,"key":"Pear"},{"floor":9,"key":"Bag of Preparation"},{"floor":12,"key":"Anchor"},{"floor":23,"key":"Ancient Tea Set"},{"floor":26,"key":"Red Skull"}],"event_choices":[{"damage_healed":0,"gold_gain":0,"player_choice":"Box","damage_taken":0,"relics_obtained":["PreservedInsect"],"max_hp_gain":0,"max_hp_loss":0,"event_name":"Big Fish","floor":4,"gold_loss":0,"cards_obtained":["Regret"]},{"damage_healed":0,"gold_gain":0,"player_choice":"Ignored","damage_taken":0,"max_hp_gain":0,"max_hp_loss":0,"event_name":"Liars Game","floor":8,"gold_loss":0},{"damage_healed":0,"gold_gain":100,"player_choice":"Pray","damage_taken":0,"max_hp_gain":0,"max_hp_loss":0,"event_name":"Golden Shrine","floor":19,"gold_loss":0},{"damage_healed":0,"gold_gain":0,"player_choice":"Ignored","damage_taken":0,"max_hp_gain":0,"max_hp_loss":0,"event_name":"Ghosts","floor":25,"gold_loss":0},{"damage_healed":0,"gold_gain":0,"player_choice":"Obtained Relic","damage_taken":0,"relics_obtained":["Potion Belt"],"max_hp_gain":0,"max_hp_loss":0,"event_name":"Addict","floor":27,"gold_loss":85}],"is_beta":false,"boss_relics":[{"not_picked":["Lizard Tail","Cursed Key"],"picked":"Ectoplasm"}],"items_purged_floors":[13],"is_endless":false,"potions_floor_spawned":[2,3,12,16,18,20,28,31],"killed_by":"Automaton","ascension_level":2}