{"gold_per_floor":[115,14,25,41,41,67,84,95,121,121,133,150,25,35,35,35],"floor_reached":16,"playtime":1003,"items_purged":["Strike_R","Defend_R"],"score":117,"play_id":"76fd750b-5d30-4531-aacb-36bab27f945b","local_time":"20190813162810","is_ascension_mode":true,"campfire_choices":[{"data":"Shrug It Off","floor":10,"key":"SMITH"},{"floor":15,"key":"REST"}],"neow_cost":"NONE","seed_source_timestamp":317040548907864,"circlet_count":0,"master_deck":["Strike_R","Strike_R","Strike_R","Strike_R","Defend_R","Defend_R","Defend_R","Bash","Hemokinesis","Clothesline+1","Shrug It Off+1","Pommel Strike","Shrug It Off","Corruption","Seeing Red","Reaper","Pummel","Whirlwind"],"relics":["Burning Blood","Smiling Mask","PreservedInsect","Bag of Marbles"],"potions_floor_usage":[8,14,16],"damage_taken":[{"damage":2,"enemies":"2 Louse","floor":1,"turns":5},{"damage":3,"enemies":"Cultist","floor":3,"turns":2},{"damage":5,"enemies":"Jaw Worm","floor":4,"turns":3},{"damage":29,"enemies":"Lagavulin","floor":6,"turns":5},{"damage":9,"enemies":"3 Louse","floor":7,"turns":4},{"damage":16,"enemies":"Exordium Wildlife","floor":8,"turns":7},{"damage":4,"enemies":"Red Slaver","floor":11,"turns":3},{"damage":3,"enemies":"Looter","floor":12,"turns":2},{"damage":24,"enemies":"Large Slime","floor":14,"turns":5},{"damage":82,"enemies":"The Guardian","floor":16,"turns":16}],"seed_played":"2411702890525248483","potions_obtained":[{"floor":6,"key":"BloodPotion"},{"floor":8,"key":"SpeedPotion"},{"floor":11,"key":"PowerPotion"},{"floor":14,"key":"Regen Potion"}],"is_trial":false,"path_per_floor":["M","$","M","M","?","E","M","M","T","R","M","M","$","M","R","B"],"character_chosen":"IRONCLAD","items_purchased":["Clothesline","Pummel"],"campfire_rested":1,"item_purchase_floors":[2,13],"current_hp_per_floor":[80,80,80,80,80,57,54,64,64,64,66,69,69,51,75,0],"gold":35,"neow_bonus":"RANDOM_COMMON_RELIC","is_prod":false,"is_daily":false,"chose_seed":false,"campfire_upgraded":1,"win_rate":0,"timestamp":1565728090,"path_taken":["M","$","M","M","?","E","M","M","T","R","M","M","$","M","R","BOSS"],"build_version":"2019-07-17","purchased_purges":2,"victory":false,"max_hp_per_floor":[80,80,80,80,80,80,80,80,80,80,80,80,80,80,80,80],"card_choices":[{"not_picked":["True Grit","Warcry"],"picked":"Hemokinesis","floor":1},{"not_picked":["Body Slam","Wild Strike","Flex"],"picked":"SKIP","floor":3},{"not_picked":["Battle Trance","Disarm"],"picked":"Shrug It Off","floor":4},{"not_picked":["Pummel","Iron Wave"],"picked":"Pommel Strike","floor":6},{"not_picked":["Blood for Blood","Intimidate"],"picked":"Shrug It Off","floor":7},{"not_picked":["Cleave","Body Slam"],"picked":"Corruption","floor":8},{"not_picked":["Headbutt","Anger"],"picked":"Seeing Red","floor":11},{"not_picked":["Body Slam","Headbutt"],"picked":"Reaper","floor":12},{"not_picked":["Power Through","Wild Strike"],"picked":"Whirlwind","floor":14}],"player_experience":106398,"relics_obtained":[{"floor":6,"key":"PreservedInsect"},{"floor":9,"key":"Bag of Marbles"}],"event_choices":[{"damage_healed":0,"gold_gain":0,"player_choice":"Forge","damage_taken":0,"max_hp_gain":0,"max_hp_loss":0,"event_name":"Accursed Blacksmith","floor":5,"gold_loss":0,"cards_upgraded":["Clothesline"]}],"is_beta":false,"boss_relics":[],"items_purged_floors":[2,13],"is_endless":false,"potions_floor_spawned":[6,8,11,14],"killed_by":"The Guardian","ascension_level":2}