{"gold_per_floor":[113,133,133,151,2,32,32,51,51,79,97,111,11,70,70,174,174,194,194,208,208,226,259,269,280,280,293,328,328,353,377,377,474,474,486,126,140,155,155,155,175,208,208,208,208,54,54,69,69,69],"floor_reached":51,"playtime":3257,"items_purged":["Strike_R","Strike_R","Defend_R"],"score":840,"play_id":"6643e138-de70-4049-8ea8-3f3c8e1edbfb","local_time":"20190609152639","is_ascension_mode":true,"campfire_choices":[{"floor":15,"key":"REST"},{"data":"Flame Barrier","floor":29,"key":"SMITH"},{"data":"1","floor":32,"key":"LIFT"},{"data":"2","floor":40,"key":"LIFT"},{"floor":47,"key":"REST"},{"floor":49,"key":"REST"}],"neow_cost":"TEN_PERCENT_HP_LOSS","seed_source_timestamp":19993617921688,"circlet_count":0,"master_deck":["Defend_R","Defend_R","Defend_R","Bash","Twin Strike+1","Blood for Blood","Shockwave","Reaper","Seeing Red","Rampage","Pommel Strike","Power Through","Disarm","Iron Wave+1","Flame Barrier+1","Offering","Carnage+1","Sever Soul+1","Sentinel+1","True Grit","Ghostly Armor+1","Headbutt+1","Fiend Fire","Dropkick+1","Bloodletting+1","Feel No Pain+1","Uppercut","Heavy Blade+1","Mind Blast","Feel No Pain","Juggernaut","Madness","Madness","Fire Breathing"],"relics":["Burning Blood","Gambling Chip","Question Card","Ice Cream","Pocketwatch","Dream Catcher","Tiny Chest","Snecko Eye","Enchiridion","Pen Nib","Whetstone","Girya","Smiling Mask","Astrolabe","Mummified Hand","Bottled Lightning","Ornamental Fan","Paper Frog","Red Skull"],"potions_floor_usage":[6,8,10,23,33,33,41,41,42,42,50],"damage_taken":[{"damage":6,"enemies":"Jaw Worm","floor":1,"turns":6},{"damage":0,"enemies":"Cultist","floor":2,"turns":2},{"damage":13,"enemies":"Small Slimes","floor":4,"turns":5},{"damage":40,"enemies":"Lagavulin","floor":6,"turns":6},{"damage":10,"enemies":"Gremlin Gang","floor":8,"turns":3},{"damage":16,"enemies":"Gremlin Nob","floor":10,"turns":3},{"damage":0,"enemies":"Blue Slaver","floor":11,"turns":4},{"damage":23,"enemies":"Lots of Slimes","floor":12,"turns":5},{"damage":18,"enemies":"3 Sentries","floor":14,"turns":8},{"damage":31,"enemies":"The Guardian","floor":16,"turns":10},{"damage":1,"enemies":"3 Byrds","floor":18,"turns":5},{"damage":17,"enemies":"Spheric Guardian","floor":20,"turns":3},{"damage":6,"enemies":"Snake Plant","floor":22,"turns":2},{"damage":22,"enemies":"Gremlin Leader","floor":23,"turns":7},{"damage":5,"enemies":"Centurion and Healer","floor":24,"turns":3},{"damage":12,"enemies":"Shelled Parasite and Fungi","floor":25,"turns":3},{"damage":0,"enemies":"Snake Plant","floor":27,"turns":2},{"damage":13,"enemies":"Slavers","floor":28,"turns":5},{"damage":21,"enemies":"Book of Stabbing","floor":30,"turns":4},{"damage":49,"enemies":"Collector","floor":33,"turns":10},{"damage":8,"enemies":"Orb Walker","floor":35,"turns":2},{"damage":20,"enemies":"3 Darklings","floor":37,"turns":4},{"damage":8,"enemies":"Spire Growth","floor":38,"turns":3},{"damage":18,"enemies":"Transient","floor":41,"turns":5},{"damage":59,"enemies":"Reptomancer","floor":42,"turns":6},{"damage":8,"enemies":"Sphere and 2 Shapes","floor":48,"turns":3},{"damage":43,"enemies":"Time Eater","floor":50,"turns":6}],"seed_played":"-8617386209208658912","potions_obtained":[{"floor":2,"key":"Regen Potion"},{"floor":6,"key":"Explosive Potion"},{"floor":8,"key":"FearPotion"},{"floor":20,"key":"GamblersBrew"},{"floor":22,"key":"FearPotion"},{"floor":28,"key":"Regen Potion"},{"floor":30,"key":"GamblersBrew"},{"floor":35,"key":"Regen Potion"},{"floor":38,"key":"Weak Potion"},{"floor":41,"key":"PowerPotion"},{"floor":42,"key":"Energy Potion"}],"is_trial":false,"path_per_floor":["M","M","?","M","$","E","?","M","T","E","M","M","$","E","R","B",null,"M","?","M","?","M","E","M","M","T","M","E","R","E","T","R","B",null,"M","$","M","M","?","R","M","E","T","?","T","$","R","M","R","B",null],"character_chosen":"IRONCLAD","items_purchased":["Rampage","Mummified Hand","PowerPotion","Red Skull"],"campfire_rested":3,"item_purchase_floors":[5,36,36,46],"current_hp_per_floor":[72,72,72,65,65,45,38,48,48,38,44,42,42,42,63,38,72,72,72,61,45,51,49,56,56,56,62,55,55,40,40,40,17,72,70,70,61,64,64,64,52,11,11,2,2,2,23,21,42,20],"gold":69,"neow_bonus":"ONE_RARE_RELIC","is_prod":false,"is_daily":false,"chose_seed":false,"campfire_upgraded":1,"win_rate":0,"timestamp":1560108399,"path_taken":["M","M","?","M","?","E","?","M","T","E","M","M","?","E","R","BOSS","M","?","?","?","M","E","M","M","T","M","E","R","E","?","R","BOSS","M","$","?","M","?","R","M","E","T","?","?","?","R","M","R","BOSS"],"build_version":"2019-01-23","purchased_purges":3,"victory":true,"max_hp_per_floor":[72,72,72,72,72,72,72,72,72,72,72,72,72,72,72,72,72,72,72,72,72,72,72,72,72,72,72,72,72,72,72,72,72,72,72,72,72,72,72,72,72,72,72,72,72,72,72,72,72,72],"card_choices":[{"not_picked":["Sword Boomerang","Perfected Strike"],"picked":"Twin Strike","floor":1},{"not_picked":["Thunderclap","Clash"],"picked":"Blood for Blood","floor":2},{"not_picked":["Pummel","Flex"],"picked":"Seeing Red","floor":4},{"not_picked":["Thunderclap","Corruption"],"picked":"Pommel Strike","floor":6},{"not_picked":["Seeing Red","Warcry","Twin Strike"],"picked":"Power Through","floor":8},{"not_picked":["Cleave","Headbutt","Sentinel"],"picked":"Disarm","floor":10},{"not_picked":["Body Slam","Twin Strike","Cleave"],"picked":"Iron Wave","floor":11},{"not_picked":["Headbutt","Thunderclap","Flex"],"picked":"Flame Barrier","floor":12},{"not_picked":["Reaper","Pummel","Intimidate","Thunderclap"],"picked":"SKIP","floor":14},{"not_picked":["Heavy Blade","Sword Boomerang","Twin Strike"],"picked":"Flex","floor":15},{"not_picked":["Feed","Fiend Fire","Bludgeon"],"picked":"Offering","floor":16},{"not_picked":["Dropkick","Anger+1","Body Slam+1"],"picked":"Carnage+1","floor":18},{"not_picked":["Thunderclap","Twin Strike","Bloodletting"],"picked":"Sever Soul+1","floor":20},{"not_picked":["Infernal Blade","Perfected Strike","Rampage"],"picked":"Sentinel+1","floor":22},{"not_picked":["Sword Boomerang","Clash","Twin Strike"],"picked":"True Grit","floor":23},{"not_picked":["Second Wind","Warcry","Flex","Cleave"],"picked":"SKIP","floor":24},{"not_picked":["Double Tap","Anger","Reckless Charge","Entrench+1"],"picked":"SKIP","floor":25},{"not_picked":["Shrug It Off","Disarm+1","Carnage"],"picked":"Ghostly Armor+1","floor":27},{"not_picked":["Twin Strike","Rupture","Havoc","Cleave"],"picked":"SKIP","floor":28},{"not_picked":["Intimidate","Berserk","Feel No Pain"],"picked":"Headbutt+1","floor":30},{"not_picked":["Reaper","Feed","Juggernaut"],"picked":"Fiend Fire","floor":33},{"not_picked":["Spot Weakness+1","Wild Strike+1","Feel No Pain"],"picked":"Uppercut","floor":35},{"not_picked":["Iron Wave+1","Warcry","Pommel Strike","Clash"],"picked":"SKIP","floor":37},{"not_picked":["Wild Strike","Infernal Blade","Cleave+1"],"picked":"Heavy Blade+1","floor":38},{"not_picked":["Purity","Flash of Steel","Swift Strike"],"picked":"Mind Blast","floor":39},{"not_picked":["Clash+1","Thunderclap+1","Rage+1"],"picked":"Feel No Pain","floor":41},{"not_picked":["Havoc","Sever Soul+1","Sword Boomerang+1"],"picked":"Juggernaut","floor":42},{"not_picked":["Warcry+1","Havoc","Pommel Strike+1","True Grit"],"picked":"SKIP","floor":48},{"not_picked":["Clothesline+1","Flex","Cleave+1"],"picked":"Fire Breathing","floor":49}],"player_experience":123624,"relics_obtained":[{"floor":6,"key":"Question Card"},{"floor":9,"key":"Pocketwatch"},{"floor":10,"key":"Dream Catcher"},{"floor":14,"key":"Tiny Chest"},{"floor":21,"key":"Enchiridion"},{"floor":23,"key":"Pen Nib"},{"floor":28,"key":"Whetstone"},{"floor":30,"key":"Girya"},{"floor":31,"key":"Smiling Mask"},{"floor":42,"key":"Bottled Lightning"},{"floor":43,"key":"Ornamental Fan"},{"floor":45,"key":"Paper Frog"}],"event_choices":[{"damage_healed":0,"gold_gain":0,"player_choice":"2 cards matched","damage_taken":0,"max_hp_gain":0,"max_hp_loss":0,"event_name":"Match and Keep!","floor":3,"gold_loss":0,"cards_obtained":["Shockwave","Reaper"]},{"damage_healed":0,"gold_gain":0,"player_choice":"Success","damage_taken":7,"relics_obtained":["Ice Cream"],"max_hp_gain":0,"max_hp_loss":0,"event_name":"Scrap Ooze","floor":7,"gold_loss":0},{"cards_removed":["Strike_R"],"damage_healed":0,"gold_gain":0,"player_choice":"Offered Basic","damage_taken":0,"max_hp_gain":0,"max_hp_loss":0,"event_name":"Bonfire Elementals","floor":19,"gold_loss":0},{"damage_healed":0,"gold_gain":0,"player_choice":"Obtained Book","damage_taken":16,"max_hp_gain":0,"max_hp_loss":0,"event_name":"Cursed Tome","floor":21,"gold_loss":0},{"damage_healed":0,"gold_gain":0,"player_choice":"Memory 1","damage_taken":0,"max_hp_gain":0,"max_hp_loss":0,"event_name":"SensoryStone","floor":39,"gold_loss":0},{"damage_healed":0,"gold_gain":0,"player_choice":"Embrace Madness","damage_taken":9,"max_hp_gain":0,"max_hp_loss":0,"event_name":"Winding Halls","floor":44,"gold_loss":0,"cards_obtained":["Madness","Madness"]}],"is_beta":false,"boss_relics":[{"not_picked":["Cursed Key","Mark of Pain"],"picked":"Snecko Eye"},{"not_picked":["Empty Cage","Coffee Dripper"],"picked":"Astrolabe"}],"items_purged_floors":[5,13,36],"is_endless":false,"potions_floor_spawned":[2,6,8,20,22,28,30,35,38,41,42],"ascension_level":3}