{"gold_per_floor":[115,129,129,54,4,35,35,78,78,78,98,116,116,116,116,246,246,260,283,308,308,357,357,388,388,412,432,432,357,378,411,411,532,532,552,302,317,317,333,372,393,393,393,449,449,449,102,102,102,102,102,102,102,138,138],"floor_reached":56,"playtime":2652,"items_purged":["Defend_R","Strike_R+1"],"score":1499,"play_id":"9bbc5096-78fc-4542-a6e4-72e9d59dcde0","local_time":"20190213092615","is_ascension_mode":true,"campfire_choices":[{"data":"Rage","floor":7.0,"key":"SMITH"},{"data":"Shrug It Off","floor":10.0,"key":"SMITH"},{"data":"Twin Strike","floor":13.0,"key":"SMITH"},{"data":"Bash","floor":15.0,"key":"SMITH"},{"data":"Barricade","floor":23.0,"key":"SMITH"},{"data":"Corruption","floor":25.0,"key":"SMITH"},{"data":"Body Slam","floor":32.0,"key":"SMITH"},{"data":"Double Tap","floor":42.0,"key":"SMITH"},{"data":"Entrench","floor":46.0,"key":"SMITH"},{"floor":49.0,"key":"RECALL"},{"data":"Entrench","floor":52.0,"key":"SMITH"}],"neow_cost":"NONE","seed_source_timestamp":0,"circlet_count":0,"master_deck":["Strike_R+1","Strike_R+1","Defend_R+1","Defend_R+1","Defend_R+1","Bash+1","Shrug It Off+1","Rage+1","Spot Weakness","Twin Strike+1","Barricade+1","Body Slam+1","Clothesline+1","Corruption+1","Entrench+1","Necronomicurse","Whirlwind+1","Double Tap+1","Entrench+1","Madness","Madness"],"special_seed":0,"relics":["Burning Blood","NeowsBlessing","Golden Idol","Dead Branch","Singing Bowl","Kunai","Thread and Needle","Coffee Dripper","Orichalcum","Blood Vial","Centennial Puzzle","Necronomicon","Pantograph","Sozu","Whetstone","Torii","Peace Pipe","Happy Flower","Toolbox","Pen Nib"],"potions_floor_usage":[55,55],"damage_taken":[{"damage":0.0,"enemies":"Small Slimes","floor":1.0,"turns":1.0},{"damage":0.0,"enemies":"Jaw Worm","floor":2.0,"turns":1.0},{"damage":0.0,"enemies":"Gremlin Nob","floor":6.0,"turns":1.0},{"damage":16.0,"enemies":"Lagavulin","floor":8.0,"turns":8.0},{"damage":1.0,"enemies":"Cultist","floor":11.0,"turns":3.0},{"damage":0.0,"enemies":"Blue Slaver","floor":12.0,"turns":3.0},{"damage":59.0,"enemies":"Hexaghost","floor":16.0,"turns":10.0},{"damage":2.0,"enemies":"3 Byrds","floor":18.0,"turns":5.0},{"damage":5.0,"enemies":"Shell Parasite","floor":19.0,"turns":5.0},{"damage":0.0,"enemies":"Centurion and Healer","floor":20.0,"turns":8.0},{"damage":14.0,"enemies":"Slavers","floor":24.0,"turns":4.0},{"damage":1.0,"enemies":"3 Cultists","floor":27.0,"turns":5.0},{"damage":0.0,"enemies":"Shelled Parasite and Fungi","floor":30.0,"turns":5.0},{"damage":0.0,"enemies":"Gremlin Leader","floor":31.0,"turns":4.0},{"damage":3.0,"enemies":"Champ","floor":33.0,"turns":5.0},{"damage":1.0,"enemies":"Orb Walker","floor":35.0,"turns":3.0},{"damage":0.0,"enemies":"3 Darklings","floor":37.0,"turns":2.0},{"damage":26.0,"enemies":"4 Shapes","floor":39.0,"turns":5.0},{"damage":0.0,"enemies":"Giant Head","floor":40.0,"turns":5.0},{"damage":0.0,"enemies":"Transient","floor":41.0,"turns":5.0},{"damage":17.0,"enemies":"2 Orb Walkers","floor":44.0,"turns":3.0},{"damage":7.0,"enemies":"Time Eater","floor":50.0,"turns":7.0},{"damage":49.0,"enemies":"Shield and Spear","floor":54.0,"turns":4.0},{"damage":32,"enemies":"The Heart","floor":55,"turns":6}],"seed_played":"-7482909991606430063","potions_obtained":[{"floor":2.0,"key":"Swift Potion"},{"floor":6.0,"key":"Ancient Potion"},{"floor":16.0,"key":"GamblersBrew"},{"floor":33.0,"key":"SteroidPotion"}],"is_trial":false,"path_per_floor":["M","M","?","$","?","E","R","E","T","R","M","M","R","T","R","B",null,"M","M","M","?","T","R","E","R","T","M","?","?","M","E","R","B",null,"M","$","M","?","M","E","M","R","T","?","?","R","$","$","R","B",null,"R","$","E","B",null],"character_chosen":"IRONCLAD","items_purchased":["Whetstone","Happy Flower","Toolbox"],"campfire_rested":0,"item_purchase_floors":[36,47,47],"current_hp_per_floor":[80,80,60,60,60,66,66,56,56,56,61,69,69,69,69,16,82,82,82,82,82,82,82,74,74,74,83,67,67,77,85,85,86,86,88,88,88,88,70,80,90,90,90,83,71,71,71,71,71,95,96,96,96,55,56],"gold":138,"neow_bonus":"THREE_ENEMY_KILL","is_prod":false,"is_daily":false,"chose_seed":false,"campfire_upgraded":10,"win_rate":0,"timestamp":1550017575,"path_taken":["M","M","?","$","?","E","R","E","T","R","?","M","R","?","R","BOSS","M","M","?","?","?","R","E","R","T","M","?","?","M","E","R","BOSS","M","$","M","?","M","E","M","R","T","?","?","R","?","$","R","BOSS","R","$","E","BOSS"],"build_version":"2019-01-23","purchased_purges":2,"victory":true,"max_hp_per_floor":[80,80,80,80,80,80,80,80,80,80,80,82,82,82,82,82,82,82,82,82,82,82,82,82,82,82,84,84,84,86,86,86,86,86,88,88,88,88,90,92,94,94,94,96,96,96,96,96,96,96,96,96,96,98,98],"card_choices":[{"not_picked":["Headbutt","Power Through","Shockwave"],"picked":"SKIP","floor":1.0},{"not_picked":["Body Slam","Thunderclap"],"picked":"Shrug It Off","floor":2.0},{"not_picked":["Wild Strike","Thunderclap"],"picked":"Rage","floor":6.0},{"not_picked":["Inflame","Hemokinesis"],"picked":"Spot Weakness","floor":8.0},{"not_picked":["Reckless Charge","Power Through"],"picked":"Twin Strike","floor":11.0},{"not_picked":["Headbutt","Shockwave","Reckless Charge"],"picked":"Singing Bowl","floor":12.0},{"not_picked":["Limit Break","Bludgeon"],"picked":"Barricade","floor":16.0},{"not_picked":["Rage","Iron Wave"],"picked":"Body Slam","floor":18.0},{"not_picked":["Intimidate","Rage"],"picked":"Clothesline","floor":19.0},{"not_picked":["Havoc","Wild Strike"],"picked":"Corruption","floor":20.0},{"not_picked":["Pommel Strike","Clash+1"],"picked":"Entrench","floor":24.0},{"not_picked":["Second Wind","Feel No Pain","Spot Weakness"],"picked":"Singing Bowl","floor":27.0},{"not_picked":["Cleave+1","Warcry","Ghostly Armor"],"picked":"Singing Bowl","floor":30.0},{"not_picked":["Power Through","Shockwave"],"picked":"Whirlwind","floor":31.0},{"not_picked":["Dark Embrace","Barricade"],"picked":"Double Tap","floor":33.0},{"not_picked":["Flex","Intimidate","Perfected Strike+1"],"picked":"Singing Bowl","floor":35.0},{"not_picked":["Havoc+1","True Grit+1"],"picked":"Entrench","floor":37.0},{"not_picked":["Sentinel+1","Pommel Strike","Heavy Blade+1"],"picked":"Singing Bowl","floor":39.0},{"not_picked":["Inflame+1","Body Slam","Carnage"],"picked":"Singing Bowl","floor":40.0},{"not_picked":["Flex","Rampage+1","Havoc+1"],"picked":"Singing Bowl","floor":41.0},{"not_picked":["Clash+1","Iron Wave","Heavy Blade+1"],"picked":"Singing Bowl","floor":44.0},{"not_picked":["Demon Form","Clothesline+1","Cleave+1"],"picked":"Singing Bowl","floor":54.0}],"player_experience":223900,"relics_obtained":[{"floor":6.0,"key":"Dead Branch"},{"floor":8.0,"key":"Singing Bowl"},{"floor":9.0,"key":"Kunai"},{"floor":14.0,"key":"Thread and Needle"},{"floor":22.0,"key":"Orichalcum"},{"floor":24.0,"key":"Blood Vial"},{"floor":26.0,"key":"Centennial Puzzle"},{"floor":28.0,"key":"Necronomicon"},{"floor":31.0,"key":"Pantograph"},{"floor":40.0,"key":"Torii"},{"floor":44.0,"key":"Peace Pipe"},{"floor":54.0,"key":"Pen Nib"}],"event_choices":[{"damage_healed":0.0,"max_hp_gain":0.0,"max_hp_loss":0.0,"gold_gain":0.0,"event_name":"Golden Idol","player_choice":"Take Damage","floor":3.0,"gold_loss":0.0,"damage_taken":20.0,"relics_obtained":["Golden Idol"]},{"cards_removed":["Strike_R"],"damage_healed":0.0,"max_hp_gain":0.0,"max_hp_loss":0.0,"gold_gain":0.0,"event_name":"The Cleric","player_choice":"Card Removal","floor":5.0,"gold_loss":50.0,"damage_taken":0.0},{"damage_healed":0.0,"max_hp_gain":0.0,"max_hp_loss":0.0,"gold_gain":0.0,"event_name":"Back to Basics","player_choice":"Simplicity","floor":21.0,"gold_loss":0.0,"damage_taken":0.0,"cards_upgraded":["Strike_R","Strike_R","Strike_R","Strike_R","Defend_R","Defend_R","Defend_R"]},{"damage_healed":0.0,"max_hp_gain":0.0,"max_hp_loss":0.0,"gold_gain":0.0,"event_name":"Cursed Tome","player_choice":"Obtained Book","floor":28.0,"gold_loss":0.0,"damage_taken":16.0},{"cards_removed":["Strike_R"],"damage_healed":0.0,"max_hp_gain":0.0,"max_hp_loss":0.0,"gold_gain":0.0,"event_name":"Beggar","player_choice":"Gave Gold","floor":29.0,"gold_loss":75.0,"damage_taken":0.0},{"damage_healed":0.0,"max_hp_gain":0.0,"max_hp_loss":0.0,"gold_gain":0.0,"event_name":"Tomb of Lord Red Mask","player_choice":"Ignored","floor":38.0,"gold_loss":0.0,"damage_taken":0.0},{"damage_healed":0.0,"max_hp_gain":0.0,"max_hp_loss":0.0,"gold_gain":0.0,"event_name":"Mysterious Sphere","player_choice":"Fight","floor":44.0,"gold_loss":0.0,"damage_taken":0.0},{"damage_healed":0.0,"max_hp_gain":0.0,"max_hp_loss":0.0,"gold_gain":0.0,"event_name":"Winding Halls","player_choice":"Embrace Madness","floor":45.0,"gold_loss":0.0,"damage_taken":12.0,"cards_obtained":["Madness","Madness"]}],"is_beta":false,"boss_relics":[{"not_picked":["Snecko Eye","Velvet Choker"],"picked":"Coffee Dripper"},{"not_picked":["Fusion Hammer","Busted Crown"],"picked":"Sozu"}],"items_purged_floors":[4,36],"is_endless":false,"potions_floor_spawned":[2,6,16,19,20,27,33,40,41],"ascension_level":3}