{"gold_per_floor":[111,126,58,58,58,90,100,100,100,116,116,145,157,107,107,210,210,225,242,242,46,61,86,86,113,138,138,151,151],"floor_reached":29,"playtime":1834,"items_purged":[],"score":413,"play_id":"c226d152-e397-4545-9f4a-424e4e4fa4b9","local_time":"20190701125353","is_ascension_mode":true,"campfire_choices":[{"data":"animator:AcuraShin","floor":8,"key":"SMITH"},{"data":"animator:AcuraAkari","floor":11,"key":"SMITH"},{"data":"animator:Hitei","floor":15,"key":"SMITH"},{"floor":24,"key":"REST"},{"floor":27,"key":"REST"}],"neow_cost":"NONE","seed_source_timestamp":1428621941012580,"circlet_count":0,"master_deck":["animator:Strike_HitsugiNoChaika","animator:Defend_HitsugiNoChaika","animator:Strike","animator:Defend","animator:Defend","animator:Defend","animator:AcuraAkari+1","animator:Gillette","animator:Hitei+1","animator:Guy","animator:AcuraShin+1","animator:Viivi","animator:Biyorigo","animator:ChaikaBohdan","animator:MumenRider+1","Violence","animator:Fredrika","animator:Souei"],"relics":["animator:LivingPicture","animator:PurgingStone_Cards","animator:TheMissingPiece","animator:OldCoffin","Blue Candle","Pantograph","Eternal Feather","animator:ShionDessert","Kunai"],"potions_floor_usage":[10,19,22,23,23,29],"damage_taken":[{"damage":0,"enemies":"Small Slimes","floor":1,"turns":2},{"damage":5,"enemies":"2 Louse","floor":2,"turns":4},{"damage":21,"enemies":"3 Sentries","floor":6,"turns":5},{"damage":0,"enemies":"Cultist","floor":7,"turns":3},{"damage":0,"enemies":"Exordium Wildlife","floor":10,"turns":3},{"damage":10,"enemies":"Lagavulin","floor":12,"turns":4},{"damage":0,"enemies":"Looter","floor":13,"turns":3},{"damage":0,"enemies":"Slime Boss","floor":16,"turns":5},{"damage":13,"enemies":"3 Byrds","floor":18,"turns":3},{"damage":35,"enemies":"2 Thieves","floor":19,"turns":4},{"damage":0,"enemies":"Snecko","floor":22,"turns":3},{"damage":24,"enemies":"Slavers","floor":23,"turns":4},{"damage":36,"enemies":"Gremlin Leader","floor":25,"turns":5},{"damage":32,"enemies":"Snake Plant","floor":28,"turns":4},{"damage":13,"enemies":"Slavers","floor":29,"turns":1}],"seed_played":"6407091603225681658","potions_obtained":[{"floor":2,"key":"Ancient Potion"},{"floor":7,"key":"Energy Potion"},{"floor":10,"key":"Dexterity Potion"},{"floor":16,"key":"Regen Potion"},{"floor":19,"key":"Explosive Potion"},{"floor":22,"key":"SteroidPotion"},{"floor":28,"key":"Energy Potion"}],"is_trial":false,"path_per_floor":["M","M","$","?","?","E","M","R","T","M","R","E","M","?","R","B",null,"M","M","?","$","M","E","R","E","T","R","M","E"],"character_chosen":"THE_ANIMATOR","items_purchased":["animator:Guy","Violence"],"campfire_rested":2,"item_purchase_floors":[3,21],"current_hp_per_floor":[78,73,73,78,78,57,57,57,57,57,57,47,47,47,47,72,83,70,47,31,31,31,7,42,6,6,41,9,0],"gold":151,"neow_bonus":"TEN_PERCENT_HP_BONUS","is_prod":false,"is_daily":false,"chose_seed":false,"campfire_upgraded":3,"win_rate":0,"timestamp":1562010833,"path_taken":["M","M","$","?","?","E","M","R","T","?","R","E","M","?","R","BOSS","M","M","?","$","M","E","R","E","T","R","M","E"],"build_version":"2019-01-23","purchased_purges":0,"victory":false,"max_hp_per_floor":[78,78,78,83,83,83,83,83,83,83,83,83,83,83,83,83,83,83,83,88,88,88,88,88,88,88,88,88,88],"card_choices":[{"not_picked":["animator:Darkness","animator:ElricEdward"],"picked":"animator:Hitei","floor":1},{"not_picked":["animator:Melzalgald","animator:Raven","animator:MumenRider"],"picked":"SKIP","floor":2},{"not_picked":["animator:YaoHaDucy","animator:DolaRiku","animator:Benimaru"],"picked":"SKIP","floor":6},{"not_picked":["animator:Gillette","animator:AcuraAkari"],"picked":"animator:Viivi","floor":7},{"not_picked":["animator:Shinoa","animator:Add","animator:Azekura"],"picked":"SKIP","floor":10},{"not_picked":["animator:ElricAlphonse","animator:Illya","animator:Sonic"],"picked":"SKIP","floor":12},{"not_picked":["animator:AcuraAkari","animator:PandorasActor","animator:CrowleyEusford"],"picked":"SKIP","floor":13},{"not_picked":["animator:FeridBathory","animator:Saber"],"picked":"animator:Biyorigo","floor":16},{"not_picked":["animator:Guy","animator:Layla"],"picked":"animator:ChaikaBohdan","floor":16},{"not_picked":["animator:Berserker+1","animator:Aqua"],"picked":"animator:MumenRider+1","floor":18},{"not_picked":["animator:Benimaru","animator:EmiyaShirou+1","animator:Shinoa"],"picked":"SKIP","floor":19},{"not_picked":["animator:Vesta","animator:Demiurge","animator:Hitei"],"picked":"SKIP","floor":22},{"not_picked":["animator:Viivi","animator:ChaikaBohdan"],"picked":"animator:Fredrika","floor":23},{"not_picked":["animator:Sora","animator:DolaRiku"],"picked":"animator:Souei","floor":25},{"not_picked":["animator:Shinoa","animator:Spearman","animator:Geryuganshoop"],"picked":"SKIP","floor":28}],"player_experience":587686,"relics_obtained":[{"floor":6,"key":"animator:OldCoffin"},{"floor":9,"key":"Blue Candle"},{"floor":12,"key":"Pantograph"},{"floor":23,"key":"animator:ShionDessert"},{"floor":25,"key":"Kunai"}],"event_choices":[{"damage_healed":0,"gold_gain":0,"player_choice":"Donut","damage_taken":0,"max_hp_gain":5,"max_hp_loss":0,"event_name":"Big Fish","floor":4,"gold_loss":0},{"damage_healed":0,"gold_gain":0,"cards_transformed":["animator:Strike"],"player_choice":"Transformed","damage_taken":0,"max_hp_gain":0,"max_hp_loss":0,"event_name":"Transmorgrifier","floor":5,"gold_loss":0,"cards_obtained":["animator:AcuraShin"]},{"cards_removed":["animator:Strike"],"damage_healed":0,"gold_gain":0,"player_choice":"Card Removal","damage_taken":0,"max_hp_gain":0,"max_hp_loss":0,"event_name":"The Cleric","floor":14,"gold_loss":50},{"damage_healed":0,"gold_gain":0,"player_choice":"Shed Blood","damage_taken":21,"max_hp_gain":5,"max_hp_loss":0,"event_name":"Forgotten Altar","floor":20,"gold_loss":0}],"is_beta":false,"boss_relics":[{"not_picked":["Ectoplasm","Tiny House"],"picked":"Eternal Feather"}],"items_purged_floors":[],"is_endless":false,"potions_floor_spawned":[2,7,10,16,19,22,28],"killed_by":"Slavers","ascension_level":4}