{"gold_per_floor":[118,118,43,63,13,13,42,142,142,142,154,154,183,200,200,200],"floor_reached":16,"playtime":657,"items_purged":["Strike_R"],"score":135,"play_id":"f75d0d8d-adae-4954-af01-7f8e269745dd","local_time":"20190907225922","is_ascension_mode":true,"campfire_choices":[{"data":"Bash","floor":6,"key":"SMITH"},{"data":"Body Slam","floor":10,"key":"SMITH"},{"data":"Carnage","floor":12,"key":"SMITH"},{"data":"Shrug It Off","floor":15,"key":"SMITH"}],"neow_cost":"NONE","seed_source_timestamp":42740895257500,"circlet_count":0,"master_deck":["Strike_R","Strike_R","Strike_R","Defend_R","Defend_R","Defend_R","Defend_R","Bash+1","Carnage+1","Battle Trance","Body Slam+1","Headbutt","Rampage","Shrug It Off+1"],"relics":["Burning Blood","GremlinMask","Prayer Wheel","Orichalcum","Art of War"],"potions_floor_usage":[7,7],"damage_taken":[{"damage":4,"enemies":"2 Louse","floor":1,"turns":3},{"damage":1,"enemies":"Cultist","floor":4,"turns":3},{"damage":19,"enemies":"3 Sentries","floor":7,"turns":8},{"damage":9,"enemies":"Jaw Worm","floor":11,"turns":4},{"damage":33,"enemies":"Lagavulin","floor":13,"turns":7},{"damage":6,"enemies":"Looter","floor":14,"turns":3},{"damage":37,"enemies":"The Guardian","floor":16,"turns":9}],"seed_played":"6763276540581221397","potions_obtained":[{"floor":0,"key":"Weak Potion"},{"floor":0,"key":"Strength Potion"},{"floor":0,"key":"SneckoOil"},{"floor":1,"key":"SkillPotion"},{"floor":14,"key":"Weak Potion"}],"is_trial":false,"path_per_floor":["M","?","$","M","?","R","E","?","T","R","M","R","E","M","R","B"],"character_chosen":"IRONCLAD","items_purchased":[],"campfire_rested":0,"item_purchase_floors":[],"current_hp_per_floor":[80,80,80,80,80,80,67,67,67,67,64,64,37,37,37,0],"gold":200,"neow_bonus":"THREE_SMALL_POTIONS","is_prod":false,"is_daily":false,"chose_seed":false,"campfire_upgraded":4,"win_rate":0,"timestamp":1567864762,"path_taken":["M","?","$","?","?","R","E","?","T","R","?","R","E","M","R","BOSS"],"build_version":"2019-07-17","purchased_purges":1,"victory":false,"max_hp_per_floor":[80,80,80,80,80,80,80,80,80,80,80,80,80,80,80,80],"card_choices":[{"not_picked":["Clash","Anger"],"picked":"Carnage","floor":1},{"not_picked":["Headbutt","Warcry"],"picked":"Battle Trance","floor":4},{"not_picked":["True Grit","Spot Weakness"],"picked":"Body Slam","floor":7},{"not_picked":["Thunderclap","Body Slam"],"picked":"Headbutt","floor":11},{"not_picked":["True Grit","Heavy Blade","Thunderclap"],"picked":"SKIP","floor":11},{"not_picked":["Power Through","Dual Wield"],"picked":"Rampage","floor":13},{"not_picked":["Second Wind","Uppercut"],"picked":"Shrug It Off","floor":14},{"not_picked":["Clothesline","Limit Break","Carnage"],"picked":"SKIP","floor":14}],"player_experience":359326,"relics_obtained":[{"floor":7,"key":"Prayer Wheel"},{"floor":9,"key":"Orichalcum"},{"floor":13,"key":"Art of War"}],"event_choices":[{"damage_healed":0,"gold_gain":0,"player_choice":"Trade","damage_taken":0,"relics_obtained":["GremlinMask"],"max_hp_gain":0,"max_hp_loss":0,"event_name":"FaceTrader","floor":2,"gold_loss":0},{"cards_removed":["Strike_R"],"damage_healed":0,"gold_gain":0,"player_choice":"Card Removal","damage_taken":0,"max_hp_gain":0,"max_hp_loss":0,"event_name":"The Cleric","floor":5,"gold_loss":50},{"damage_healed":0,"gold_gain":100,"player_choice":"Gold","damage_taken":0,"max_hp_gain":0,"max_hp_loss":0,"event_name":"Wheel of Change","floor":8,"gold_loss":0}],"is_beta":false,"boss_relics":[],"items_purged_floors":[3],"is_endless":false,"potions_floor_spawned":[1,4,14],"killed_by":"The Guardian","ascension_level":5}