{"gold_per_floor":[109,128,147,147,159,159,169,169,218,247,259,286,286,306,306,401,401,414,207,226,241,256,256,269,359,359,378,32,60,79,90,90,90],"floor_reached":33,"playtime":3275,"items_purged":[],"score":310,"play_id":"a372581b-9dc0-476d-929f-1f44afbd2241","local_time":"20190621020511","is_ascension_mode":false,"campfire_choices":[{"data":"animator:Shichika","floor":6,"key":"SMITH"},{"data":"animator:ZankiKiguchi","floor":8,"key":"SMITH"},{"data":"animator:Souei","floor":15,"key":"SMITH"},{"data":"animator:Hitei","floor":23,"key":"SMITH"},{"floor":32,"key":"REST"}],"neow_cost":"NONE","seed_source_timestamp":989540721376249,"circlet_count":0,"master_deck":["animator:Strike_Katanagatari","animator:Defend_Katanagatari","animator:Defend+1","animator:Azekura+1","animator:Emonzaemon","animator:Shichika+1","animator:ZankiKiguchi+1","animator:Konayuki","animator:MetalKnight","animator:Nanami","animator:CowGirl","animator:Souei+1","animator:AcuraShin","animator:Shichika","animator:Azekura","animator:Hitei+1","animator:Mitsurugi+1","animator:Azekura+1","animator:Souei+1","animator:YunYun","Impatience","Dramatic Entrance","animator:Togame+1","Master of Strategy","animator:Saitama","animator:Witch","animator:Hakurou"],"relics":["animator:LivingPicture","animator:PurgingStone_Cards","animator:TheMissingPiece","Tingsha","War Paint","Orichalcum","Gambling Chip","animator:RacePiece","Sling","Bag of Marbles","Oddly Smooth Stone","Dream Catcher"],"potions_floor_usage":[18,27,29,29,30,31,33,33,33],"damage_taken":[{"damage":0,"enemies":"Small Slimes","floor":1,"turns":3},{"damage":5,"enemies":"2 Louse","floor":2,"turns":3},{"damage":0,"enemies":"Cultist","floor":3,"turns":3},{"damage":5,"enemies":"Blue Slaver","floor":5,"turns":5},{"damage":11,"enemies":"Lots of Slimes","floor":7,"turns":5},{"damage":7,"enemies":"3 Sentries","floor":10,"turns":9},{"damage":1,"enemies":"Large Slime","floor":11,"turns":7},{"damage":0,"enemies":"Lagavulin","floor":12,"turns":6},{"damage":1,"enemies":"Exordium Thugs","floor":14,"turns":4},{"damage":3,"enemies":"Hexaghost","floor":16,"turns":8},{"damage":11,"enemies":"2 Thieves","floor":18,"turns":3},{"damage":3,"enemies":"Shell Parasite","floor":20,"turns":5},{"damage":0,"enemies":"Centurion and Healer","floor":21,"turns":8},{"damage":0,"enemies":"Snake Plant","floor":22,"turns":4},{"damage":5,"enemies":"3 Cultists","floor":24,"turns":4},{"damage":19,"enemies":"Shelled Parasite and Fungi","floor":27,"turns":5},{"damage":5,"enemies":"Book of Stabbing","floor":29,"turns":7},{"damage":0,"enemies":"Chosen and Byrds","floor":30,"turns":6},{"damage":0,"enemies":"3 Cultists","floor":31,"turns":4},{"damage":33,"enemies":"Automaton","floor":33,"turns":6}],"seed_played":"-5756823356043702522","potions_obtained":[{"floor":5,"key":"PowerPotion"},{"floor":10,"key":"PowerPotion"},{"floor":11,"key":"Energy Potion"},{"floor":18,"key":"SmokeBomb"},{"floor":21,"key":"EntropicBrew"},{"floor":27,"key":"animator:FalseLifePotion"},{"floor":29,"key":"GamblersBrew"},{"floor":30,"key":"Energy Potion"}],"is_trial":false,"path_per_floor":["M","M","M","?","M","R","M","R","T","E","M","E","?","M","R","B",null,"M","$","M","M","M","R","M","?","T","M","$","E","M","M","R","B"],"character_chosen":"THE_ANIMATOR","items_purchased":["Sling","Oddly Smooth Stone","Master of Strategy"],"campfire_rested":1,"item_purchase_floors":[19,28,28],"current_hp_per_floor":[79,74,74,67,62,62,51,51,51,44,43,43,43,42,42,39,79,68,68,65,65,65,65,60,32,32,13,13,8,8,8,31,0],"gold":90,"neow_bonus":"TEN_PERCENT_HP_BONUS","is_prod":false,"is_daily":false,"chose_seed":false,"campfire_upgraded":4,"win_rate":0.0,"timestamp":1561097111,"path_taken":["M","M","M","?","M","R","M","R","T","E","M","E","?","?","R","BOSS","M","$","M","M","M","R","M","?","T","M","$","E","M","?","R","BOSS"],"build_version":"2019-01-23","purchased_purges":0,"victory":false,"max_hp_per_floor":[79,79,79,79,79,79,79,79,79,79,79,79,79,79,79,79,79,79,79,79,79,79,79,79,79,79,79,79,79,79,79,79,79],"card_choices":[{"not_picked":["animator:MaesHughes","animator:Lancer"],"picked":"animator:Shichika","floor":1},{"not_picked":["animator:Archer","animator:MetalKnight","animator:Vanir"],"picked":"SKIP","floor":2},{"not_picked":["animator:LizardPriest","animator:Souei"],"picked":"animator:ZankiKiguchi","floor":3},{"not_picked":["animator:Emonzaemon","animator:Azekura"],"picked":"animator:Konayuki","floor":5},{"not_picked":["animator:DolaRiku","animator:Kazuma","animator:DolaSchwi"],"picked":"SKIP","floor":7},{"not_picked":["animator:Sora","animator:AcuraAkari","animator:KrulTepes"],"picked":"SKIP","floor":10},{"not_picked":["animator:Lancer","animator:PandorasActor"],"picked":"animator:MetalKnight","floor":11},{"not_picked":["animator:Konayuki","animator:Emonzaemon"],"picked":"animator:Nanami","floor":12},{"not_picked":["animator:Guy","animator:LizardPriest"],"picked":"animator:Souei","floor":14},{"not_picked":["animator:Elesis","animator:Guren"],"picked":"animator:AcuraShin","floor":16},{"not_picked":["animator:Spearman","animator:Chung+1"],"picked":"animator:Mitsurugi+1","floor":18},{"not_picked":["animator:ZankiKiguchi","animator:Emonzaemon"],"picked":"animator:Azekura+1","floor":20},{"not_picked":["animator:Scar","animator:Gillette"],"picked":"animator:Souei+1","floor":21},{"not_picked":["animator:Spearman","animator:MaesHughes"],"picked":"animator:YunYun","floor":22},{"not_picked":["animator:Arpeggio","animator:Archer","animator:MaesHughes"],"picked":"SKIP","floor":24},{"not_picked":["animator:Konayuki","animator:Emonzaemon+1"],"picked":"animator:Togame+1","floor":27},{"not_picked":["animator:Hakurou","animator:Gluttony"],"picked":"animator:Saitama","floor":29},{"not_picked":["animator:ZankiKiguchi","animator:Tyuule"],"picked":"animator:Witch","floor":30},{"not_picked":["animator:YaoHaDucy","animator:Gillette","animator:MumenRider"],"picked":"SKIP","floor":31},{"not_picked":["animator:Shalltear+1","animator:MumenRider"],"picked":"animator:Hakurou","floor":32}],"player_experience":503993,"relics_obtained":[{"floor":3,"key":"Tingsha"},{"floor":9,"key":"War Paint"},{"floor":10,"key":"Orichalcum"},{"floor":12,"key":"Gambling Chip"},{"floor":26,"key":"Bag of Marbles"},{"floor":29,"key":"Dream Catcher"}],"event_choices":[{"cards_removed":["animator:Strike"],"damage_healed":0,"gold_gain":0,"player_choice":"Card Removal","damage_taken":7,"max_hp_gain":0,"max_hp_loss":0,"event_name":"Golden Wing","floor":4,"gold_loss":0},{"damage_healed":0,"gold_gain":0,"cards_transformed":["animator:Strike"],"player_choice":"Transformed","damage_taken":0,"max_hp_gain":0,"max_hp_loss":0,"event_name":"Transmorgrifier","floor":13,"gold_loss":0,"cards_obtained":["animator:CowGirl"]},{"damage_healed":0,"gold_gain":90,"player_choice":"CARD CARD GOLD ","damage_taken":28,"max_hp_gain":0,"max_hp_loss":0,"event_name":"Knowing Skull","floor":25,"potions_obtained":[],"gold_loss":0,"cards_obtained":["Impatience","Dramatic Entrance"]}],"is_beta":false,"boss_relics":[{"not_picked":["Orrery","Black Star"],"picked":"animator:RacePiece"}],"items_purged_floors":[],"is_endless":false,"potions_floor_spawned":[5,10,11,12,16,18,21,27,29,30],"killed_by":"Automaton","ascension_level":0}