{"gold_per_floor":[216,72,85,103,120,120,84,115,115,115,115,115,139,94,94,217,217,236,61,79,79,98,98,141,141,141,68,93,124,148,148],"floor_reached":31,"playtime":3265,"items_purged":["Injury"],"score":303,"play_id":"f6a54a99-5907-4aeb-a1bc-945eceb843b0","local_time":"20190910131211","is_ascension_mode":true,"campfire_choices":[{"data":"Bash","floor":6,"key":"SMITH"},{"data":"Disarm","floor":12,"key":"SMITH"},{"data":"Battle Trance","floor":15,"key":"SMITH"},{"floor":23,"key":"REST"},{"floor":25,"key":"REST"}],"neow_cost":"NONE","seed_source_timestamp":514018364277100,"circlet_count":0,"master_deck":["Strike_R","Strike_R","Strike_R","Strike_R","Strike_R","Defend_R","Defend_R","Defend_R","Defend_R","Bash+1","Battle Trance+1","Rampage","Heavy Blade","Shrug It Off","Carnage","Disarm+1","Corruption","Demon Form","Pummel+1","Disarm","Warcry+1"],"relics":["Burning Blood","PreservedInsect","Ornamental Fan","Golden Idol","Philosopher\u0027s Stone","Sundial","Pantograph","Oddly Smooth Stone"],"potions_floor_usage":[8,16,18,20,20,22,24,29,29],"damage_taken":[{"damage":8,"enemies":"Jaw Worm","floor":1,"turns":4},{"damage":7,"enemies":"Small Slimes","floor":3,"turns":5},{"damage":6,"enemies":"Cultist","floor":4,"turns":3},{"damage":9,"enemies":"Red Slaver","floor":5,"turns":4},{"damage":10,"enemies":"Gremlin Nob","floor":8,"turns":4},{"damage":7,"enemies":"2 Fungi Beasts","floor":13,"turns":3},{"damage":7,"enemies":"Looter","floor":14,"turns":5},{"damage":37,"enemies":"The Guardian","floor":16,"turns":12},{"damage":20,"enemies":"3 Byrds","floor":18,"turns":7},{"damage":4,"enemies":"2 Thieves","floor":20,"turns":3},{"damage":37,"enemies":"Sentry and Sphere","floor":22,"turns":5},{"damage":51,"enemies":"Slavers","floor":24,"turns":8},{"damage":18,"enemies":"Snecko","floor":28,"turns":5},{"damage":17,"enemies":"Gremlin Leader","floor":29,"turns":5},{"damage":22,"enemies":"Centurion and Healer","floor":30,"turns":7},{"damage":42,"enemies":"Shelled Parasite and Fungi","floor":31,"turns":4}],"seed_played":"5730210398997051280","potions_obtained":[{"floor":4,"key":"SteroidPotion"},{"floor":5,"key":"LiquidBronze"},{"floor":8,"key":"Regen Potion"},{"floor":18,"key":"SkillPotion"},{"floor":22,"key":"Regen Potion"},{"floor":28,"key":"AttackPotion"}],"is_trial":false,"path_per_floor":["M","$","M","M","M","R","$","E","T","?","?","R","M","M","R","B",null,"M","$","M","?","M","R","E","R","T","$","M","E","M","M"],"character_chosen":"IRONCLAD","items_purchased":["Rampage","Heavy Blade","Shrug It Off","Disarm","Block Potion","AttackPotion","EssenceOfSteel"],"campfire_rested":2,"item_purchase_floors":[2,2,2,7,19,19,27],"current_hp_per_floor":[78,78,77,77,74,74,74,70,70,80,80,80,79,78,78,47,80,80,80,80,77,46,69,39,62,62,62,50,39,23,0],"gold":148,"neow_bonus":"HUNDRED_GOLD","is_prod":false,"is_daily":false,"chose_seed":false,"campfire_upgraded":3,"win_rate":0,"timestamp":1568135531,"path_taken":["M","$","M","M","M","R","$","E","T","?","?","R","M","M","R","BOSS","M","$","M","?","?","R","E","R","T","?","M","E","M","M"],"build_version":"2019-07-17","purchased_purges":1,"victory":false,"max_hp_per_floor":[80,80,80,80,80,80,80,80,80,80,80,80,80,80,80,80,80,80,80,80,77,77,77,77,77,77,77,77,77,77,77],"card_choices":[{"not_picked":["Havoc","Armaments"],"picked":"Battle Trance","floor":1},{"not_picked":["Thunderclap","Iron Wave","Armaments"],"picked":"SKIP","floor":3},{"not_picked":["Rupture","True Grit"],"picked":"Carnage","floor":4},{"not_picked":["Exhume","Havoc","Armaments"],"picked":"SKIP","floor":5},{"not_picked":["Flex","Sword Boomerang","Fire Breathing"],"picked":"SKIP","floor":8},{"not_picked":["Thunderclap","Evolve"],"picked":"Corruption","floor":13},{"not_picked":["Sword Boomerang","Dual Wield","Searing Blow"],"picked":"SKIP","floor":14},{"not_picked":["Impervious","Dark Embrace"],"picked":"Demon Form","floor":16},{"not_picked":["Body Slam","Ghostly Armor+1","Shrug It Off"],"picked":"SKIP","floor":18},{"not_picked":["Armaments","Spot Weakness","Inflame"],"picked":"SKIP","floor":20},{"not_picked":["Ghostly Armor","True Grit"],"picked":"Pummel+1","floor":22},{"not_picked":["Cleave","Flex"],"picked":"Disarm","floor":24},{"not_picked":["Havoc","Cleave"],"picked":"Warcry+1","floor":28},{"not_picked":["Wild Strike","Power Through","Berserk"],"picked":"SKIP","floor":29},{"not_picked":["Heavy Blade","Warcry","Pommel Strike"],"picked":"SKIP","floor":30}],"player_experience":119941,"relics_obtained":[{"floor":8,"key":"PreservedInsect"},{"floor":9,"key":"Ornamental Fan"},{"floor":24,"key":"Sundial"},{"floor":26,"key":"Pantograph"},{"floor":29,"key":"Oddly Smooth Stone"}],"event_choices":[{"damage_healed":20,"gold_gain":0,"player_choice":"Healed and dodged fight","damage_taken":0,"max_hp_gain":0,"max_hp_loss":0,"event_name":"Mushrooms","floor":10,"gold_loss":0,"cards_obtained":["Parasite"]},{"damage_healed":0,"gold_gain":0,"player_choice":"Take Wound","damage_taken":0,"relics_obtained":["Golden Idol"],"max_hp_gain":0,"max_hp_loss":0,"event_name":"Golden Idol","floor":11,"gold_loss":0,"cards_obtained":["Injury"]},{"cards_removed":["Parasite"],"damage_healed":0,"gold_gain":0,"player_choice":"Removed Curses","damage_taken":0,"max_hp_gain":0,"max_hp_loss":0,"event_name":"Fountain of Cleansing","floor":21,"gold_loss":0}],"is_beta":false,"boss_relics":[{"not_picked":["Eternal Feather","Calling Bell"],"picked":"Philosopher\u0027s Stone"}],"items_purged_floors":[19],"is_endless":false,"potions_floor_spawned":[4,5,8,18,22,28],"killed_by":"Shelled Parasite and Fungi","ascension_level":2}