{"gold_per_floor":[111,126,126,136,151,151],"floor_reached":6,"playtime":379,"items_purged":[],"score":40,"play_id":"f6dda5aa-5cfa-4d60-9890-c5fb956b8bf5","local_time":"20190623201018","is_ascension_mode":true,"campfire_choices":[],"neow_cost":"NONE","seed_source_timestamp":1099980410788659,"circlet_count":0,"master_deck":["animator:Strike_Konosuba","animator:Defend_Konosuba","animator:Strike","animator:Strike","animator:Strike","animator:Defend","animator:Defend","animator:Defend","animator:Kazuma","animator:Aqua+1","animator:Saitama","animator:Aqua"],"relics":["animator:LivingPicture","animator:PurgingStone_Cards","animator:TheMissingPiece"],"potions_floor_usage":[6],"damage_taken":[{"damage":2,"enemies":"2 Louse","floor":1,"turns":2},{"damage":16,"enemies":"Cultist","floor":2,"turns":6},{"damage":11,"enemies":"Jaw Worm","floor":4,"turns":3},{"damage":13,"enemies":"3 Louse","floor":5,"turns":5},{"damage":72,"enemies":"Gremlin Nob","floor":6,"turns":5}],"seed_played":"2169773914823257321","potions_obtained":[{"floor":2,"key":"Strength Potion"}],"is_trial":false,"path_per_floor":["M","M","?","M","M","E"],"character_chosen":"THE_ANIMATOR","items_purchased":[],"campfire_rested":0,"item_purchase_floors":[],"current_hp_per_floor":[72,62,62,60,59,0],"gold":151,"neow_bonus":"ONE_RANDOM_RARE_CARD","is_prod":false,"is_daily":false,"chose_seed":false,"campfire_upgraded":0,"win_rate":0,"timestamp":1561335018,"path_taken":["M","M","?","M","M","E"],"build_version":"2019-01-23","purchased_purges":0,"victory":false,"max_hp_per_floor":[72,72,72,72,72,72],"card_choices":[{"not_picked":["animator:Gillette","animator:Entoma","animator:RoyMustang"],"picked":"SKIP","floor":1},{"not_picked":["animator:Gluttony","animator:GuildGirl","animator:Priestess"],"picked":"SKIP","floor":2},{"not_picked":["animator:Gluttony","animator:GuildGirl","animator:Priestess"],"picked":"SKIP","floor":2},{"not_picked":["animator:Arpeggio","animator:DolaRiku","animator:AcuraTooru"],"picked":"SKIP","floor":4},{"not_picked":["animator:Vanir","animator:Kazuma"],"picked":"animator:Aqua","floor":5}],"player_experience":552188,"relics_obtained":[],"event_choices":[{"damage_healed":0,"gold_gain":0,"player_choice":"Forge","damage_taken":0,"max_hp_gain":0,"max_hp_loss":0,"event_name":"Accursed Blacksmith","floor":3,"gold_loss":0,"cards_upgraded":["animator:Aqua"]}],"is_beta":false,"boss_relics":[],"items_purged_floors":[],"is_endless":false,"potions_floor_spawned":[2],"killed_by":"Gremlin Nob","ascension_level":1}