{"gold_per_floor":[113,188,205,223,29,63,73,87,387,387,74,100,131,148,148,250,250,269,287,41,41,56,84,84,183,208,208,237,237,40,54,54,153,153,167,14,14,27,41,41,71,71,71,96,116,116,116,36,36,36],"floor_reached":51,"playtime":2415,"items_purged":["Strike_G"],"score":853,"play_id":"1478546d-a285-45f2-ad23-513c6d4dbac8","local_time":"20181206094232","is_ascension_mode":false,"campfire_choices":[{"floor":10,"key":"REST"},{"data":"Choke","floor":15,"key":"SMITH"},{"data":"PiercingWail","floor":24,"key":"SMITH"},{"floor":27,"key":"REST"},{"floor":32,"key":"REST"},{"data":"Mayhem","floor":40,"key":"SMITH"},{"data":"Footwork","floor":42,"key":"SMITH"},{"data":"Well Laid Plans","floor":49,"key":"SMITH"}],"neow_cost":"NONE","seed_source_timestamp":65552529704704,"circlet_count":0,"master_deck":["Defend_G+1","Defend_G+1","Defend_G+1","Defend_G+1","Defend_G+1","Strike_G+1","Strike_G+1","Strike_G+1","Strike_G+1","Survivor+1","Neutralize+1","Poisoned Stab+1","Choke+1","Terror+1","Bouncing Flask+1","PiercingWail+1","Cloak And Dagger+1","Deadly Poison+1","Deflect+1","Cloak And Dagger+1","Die Die Die+1","Dodge and Roll+1","Prepared+1","Dodge and Roll+1","Cloak And Dagger+1","Backstab+1","Mayhem+1","Cloak And Dagger+1","Malaise+1","Footwork+1","Cloak And Dagger+1","Dodge and Roll+1","Sucker Punch+1","Poisoned Stab+1","Catalyst+1","Well Laid Plans+1"],"relics":["Ring of the Snake","NeowsBlessing","TwistedFunnel","Lantern","Old Coin","Tough Bandages","Odd Mushroom","Darkstone Periapt","Black Star","Kunai","The Specimen","Art of War","Omamori","Centennial Puzzle","Dodecahedron","Eternal Feather","Oddly Smooth Stone","Ancient Tea Set","Pantograph","Bronze Scales","PreservedInsect","Mark of the Bloom"],"potions_floor_usage":[7,16,16,33,33,50,50],"damage_taken":[{"damage":0,"enemies":"2 Louse","floor":1,"turns":1},{"damage":0,"enemies":"Small Slimes","floor":3,"turns":1},{"damage":0,"enemies":"Jaw Worm","floor":4,"turns":1},{"damage":39,"enemies":"3 Sentries","floor":6,"turns":17},{"damage":0,"enemies":"3 Louse","floor":7,"turns":2},{"damage":1,"enemies":"Blue Slaver","floor":8,"turns":2},{"damage":0,"enemies":"The Mushroom Lair","floor":12,"turns":4},{"damage":6,"enemies":"Gremlin Nob","floor":13,"turns":3},{"damage":3,"enemies":"Lots of Slimes","floor":14,"turns":3},{"damage":28,"enemies":"Slime Boss","floor":16,"turns":12},{"damage":10,"enemies":"3 Byrds","floor":18,"turns":4},{"damage":4,"enemies":"2 Thieves","floor":19,"turns":3},{"damage":3,"enemies":"Snecko","floor":22,"turns":5},{"damage":20,"enemies":"Book of Stabbing","floor":23,"turns":8},{"damage":37,"enemies":"Gremlin Leader","floor":28,"turns":6},{"damage":18,"enemies":"Shelled Parasite and Fungi","floor":31,"turns":6},{"damage":22,"enemies":"Collector","floor":33,"turns":10},{"damage":0,"enemies":"Orb Walker","floor":35,"turns":3},{"damage":8,"enemies":"3 Shapes","floor":38,"turns":5},{"damage":13,"enemies":"Transient","floor":39,"turns":5},{"damage":12,"enemies":"Nemesis","floor":41,"turns":9},{"damage":17,"enemies":"Reptomancer","floor":44,"turns":9},{"damage":2,"enemies":"4 Shapes","floor":45,"turns":4},{"damage":30,"enemies":"Awakened One","floor":50,"turns":13}],"seed_played":"5055320697773562329","potions_obtained":[{"floor":3,"key":"SpeedPotion"},{"floor":6,"key":"SteroidPotion"},{"floor":14,"key":"FearPotion"},{"floor":28,"key":"LiquidBronze"},{"floor":31,"key":"AttackPotion"},{"floor":41,"key":"Fire Potion"},{"floor":45,"key":"Dexterity Potion"}],"is_trial":false,"path_per_floor":["M","?","M","M","$","E","M","M","T","R","$","?","E","M","R","B",null,"M","M","$","?","M","E","R","?","T","R","E","?","$","M","R","B",null,"M","$","?","M","M","R","E","R","T","E","M","?","$","$","R","B",null],"character_chosen":"THE_SILENT","items_purchased":["TwistedFunnel","Tough Bandages","Kunai","Mayhem","Footwork","Well Laid Plans"],"campfire_rested":3,"item_purchase_floors":[5,11,20,30,36,48],"current_hp_per_floor":[70,59,59,59,59,20,20,19,19,40,40,40,34,31,31,3,70,60,56,56,56,53,33,33,33,33,54,17,40,40,22,43,21,70,70,70,70,62,49,67,55,70,70,53,51,51,51,51,51,21],"gold":36,"neow_bonus":"THREE_ENEMY_KILL","is_prod":false,"is_daily":false,"chose_seed":false,"campfire_upgraded":5,"win_rate":0,"timestamp":1544110952,"path_taken":["M","?","M","M","$","E","M","M","T","R","$","?","E","M","R","BOSS","M","M","$","?","M","E","R","?","T","R","E","?","?","M","R","BOSS","M","?","?","?","M","R","E","R","T","E","M","?","?","$","R","BOSS"],"build_version":"2018-12-06","purchased_purges":1,"victory":true,"max_hp_per_floor":[70,70,70,70,70,70,70,70,70,70,70,70,70,70,70,70,70,70,70,70,70,70,70,70,70,70,70,70,70,70,70,70,70,70,70,70,70,70,70,70,70,70,70,70,70,70,70,70,70,70],"card_choices":[{"not_picked":["Blade Dance","Prepared"],"picked":"Poisoned Stab","floor":1},{"not_picked":["All Out Attack","Blade Dance"],"picked":"Choke","floor":3},{"not_picked":["Acrobatics","Expertise"],"picked":"Terror","floor":4},{"not_picked":["Deflect","Underhanded Strike"],"picked":"Bouncing Flask","floor":6},{"not_picked":["Underhanded Strike","Blade Dance"],"picked":"PiercingWail","floor":7},{"not_picked":["Prepared","Dodge and Roll"],"picked":"Cloak And Dagger","floor":8},{"not_picked":["Quick Slash","Night Terror"],"picked":"Deadly Poison","floor":12},{"not_picked":["Setup","Terror"],"picked":"Deflect","floor":13},{"not_picked":["Underhanded Strike","Well Laid Plans"],"picked":"Cloak And Dagger","floor":14},{"not_picked":["Storm of Steel","Unload"],"picked":"Die Die Die","floor":16},{"not_picked":["Deadly Poison","Flying Knee"],"picked":"Dodge and Roll+1","floor":18},{"not_picked":["Terror","Dagger Throw"],"picked":"Prepared+1","floor":19},{"not_picked":["Flying Knee","All Out Attack"],"picked":"Dodge and Roll+1","floor":22},{"not_picked":["Underhanded Strike","Endless Agony+1"],"picked":"Cloak And Dagger","floor":23},{"not_picked":["Acrobatics","Flying Knee"],"picked":"Backstab+1","floor":28},{"not_picked":["Dodge and Roll","Eviscerate"],"picked":"Cloak And Dagger+1","floor":31},{"not_picked":["Night Terror","A Thousand Cuts"],"picked":"Malaise","floor":33},{"not_picked":["Deflect","Prepared","Poisoned Stab"],"picked":"SKIP","floor":35},{"not_picked":["All Out Attack","Riddle With Holes+1"],"picked":"Dodge and Roll+1","floor":38},{"not_picked":["Sucker Punch","Dodge and Roll","Skewer+1"],"picked":"SKIP","floor":39},{"not_picked":["Footwork","Burst"],"picked":"Sucker Punch+1","floor":41},{"not_picked":["Dodge and Roll+1","Dagger Spray"],"picked":"Poisoned Stab+1","floor":44},{"not_picked":["Leg Sweep","Footwork"],"picked":"Catalyst","floor":45}],"player_experience":358092,"relics_obtained":[{"floor":6,"key":"Lantern"},{"floor":9,"key":"Old Coin"},{"floor":12,"key":"Odd Mushroom"},{"floor":13,"key":"Darkstone Periapt"},{"floor":23,"key":"The Specimen"},{"floor":23,"key":"Art of War"},{"floor":26,"key":"Omamori"},{"floor":28,"key":"Centennial Puzzle"},{"floor":28,"key":"Dodecahedron"},{"floor":41,"key":"Oddly Smooth Stone"},{"floor":41,"key":"Ancient Tea Set"},{"floor":43,"key":"Pantograph"},{"floor":44,"key":"Bronze Scales"},{"floor":44,"key":"PreservedInsect"}],"event_choices":[{"damage_healed":0,"gold_gain":75,"player_choice":"Gather Gold","damage_taken":11,"max_hp_gain":0,"max_hp_loss":0,"event_name":"World of Goop","floor":2,"gold_loss":0},{"damage_healed":0,"gold_gain":0,"player_choice":"Fought Mushrooms","damage_taken":0,"max_hp_gain":0,"max_hp_loss":0,"event_name":"Mushrooms","floor":12,"gold_loss":0},{"damage_healed":0,"gold_gain":99,"player_choice":"Stole From Cult","damage_taken":0,"max_hp_gain":0,"max_hp_loss":0,"event_name":"Nest","floor":25,"gold_loss":0},{"damage_healed":23,"gold_gain":0,"player_choice":"Heal","damage_taken":0,"max_hp_gain":0,"max_hp_loss":0,"event_name":"The Library","floor":29,"gold_loss":0},{"damage_healed":0,"gold_gain":0,"player_choice":"Copied","damage_taken":0,"max_hp_gain":0,"max_hp_loss":0,"event_name":"Duplicator","floor":37,"gold_loss":0,"cards_obtained":["Cloak And Dagger"]},{"damage_healed":0,"gold_gain":0,"player_choice":"Upgrade","damage_taken":0,"relics_obtained":["Mark of the Bloom"],"max_hp_gain":0,"max_hp_loss":0,"event_name":"MindBloom","floor":46,"gold_loss":0,"cards_upgraded":["Defend_G","Defend_G","Defend_G","Defend_G","Defend_G","Strike_G","Strike_G","Strike_G","Strike_G","Survivor","Neutralize","Poisoned Stab","Terror","Bouncing Flask","Cloak And Dagger","Deadly Poison","Deflect","Cloak And Dagger","Die Die Die","Cloak And Dagger","Malaise","Catalyst"]}],"is_beta":true,"boss_relics":[{"not_picked":["Busted Crown","HoveringKite"],"picked":"Black Star"},{"not_picked":["Orrery","WristBlade"],"picked":"Eternal Feather"}],"items_purged_floors":[36],"is_endless":false,"potions_floor_spawned":[3,6,14,28,31,41,45],"ascension_level":0}