{"path_per_floor":["M","$","?","?","M","E","R","M","T","M","$","M","R","$","R","B",null,"M","?","M","M","$"],"character_chosen":"IRONCLAD","items_purchased":["Sever Soul","Flex","Clash","Flex"],"gold_per_floor":[118,4,4,4,14,46,46,57,57,76,76,95,95,46,46,143,143,159,159,176,195,14,14],"floor_reached":23,"campfire_rested":0,"playtime":1268,"current_hp_per_floor":[80,80,64,64,65,61,61,65,65,69,69,75,75,75,75,8,80,75,75,63,42,42,0],"items_purged":["Strike_R","Strike_R"],"gold":14,"score":191,"play_id":"ceeee861-2b11-471c-bb32-87674699e7a3","local_time":"20180504233357","is_prod":false,"is_daily":false,"chose_seed":false,"is_ascension_mode":false,"campfire_upgraded":0,"timestamp":1525469637,"path_taken":["M","$","?","?","M","E","R","M","T","M","?","M","R","$","R","BOSS","M","?","?","M","$","E"],"build_version":"2018-05-03","seed_source_timestamp":19419664922657,"purchased_purges":2,"victory":false,"master_deck":["Strike_R","Strike_R","Strike_R","Defend_R","Defend_R+1","Defend_R","Defend_R","Bash+1","True Grit+1","Sever Soul+1","Thunderclap","True Grit","Sever Soul","Flex","Immolate","Clash","Clash","Flex"],"max_hp_per_floor":[80,80,80,80,80,80,80,80,80,80,80,80,80,80,80,80,80,80,80,80,80,80,80],"relics":["Burning Blood","Girya","Calipers","Lizard Tail"],"card_choices":[{"not_picked":["Evolve","Blood for Blood"],"picked":"True Grit","floor":1},{"not_picked":["Feel No Pain","Burning Pact"],"picked":"Thunderclap","floor":5},{"not_picked":["Fire Breathing","Entrench"],"picked":"True Grit","floor":6},{"not_picked":["Twin Strike","Ghostly Armor"],"picked":"Sever Soul","floor":8},{"not_picked":["Juggernaut","Brutality"],"picked":"Immolate","floor":16},{"not_picked":["Seeing Red","Anger"],"picked":"Clash","floor":20}],"player_experience":33227,"potions_floor_usage":[],"damage_taken":[{"damage":1,"enemies":"Cultist","floor":1,"turns":3},{"damage":5,"enemies":"Small Slimes","floor":5,"turns":3},{"damage":10,"enemies":"Lagavulin","floor":6,"turns":5},{"damage":2,"enemies":"Jaw Worm","floor":8,"turns":3},{"damage":2,"enemies":"Exordium Wildlife","floor":10,"turns":5},{"damage":0,"enemies":"Large Slime","floor":12,"turns":6},{"damage":73,"enemies":"Hexaghost","floor":16,"turns":12},{"damage":11,"enemies":"3 Byrds","floor":18,"turns":4},{"damage":18,"enemies":"2 Thieves","floor":20,"turns":3},{"damage":27,"enemies":"3 Cultists","floor":21,"turns":5},{"damage":97,"enemies":"Gremlin Leader","floor":23,"turns":5}],"event_choices":[{"event_name":"Shining Light","player_choice":"Entered Light","floor":3,"damage_taken":0},{"event_name":"Upgrade Shrine","player_choice":"Upgraded","floor":4,"damage_taken":0},{"event_name":"Ghosts","player_choice":"Ignored","floor":19,"damage_taken":0}],"boss_relics":[{"not_picked":["Cursed Key","White Beast Statue"],"picked":"Lizard Tail"}],"potions_floor_spawned":[1,12,16,18,21],"seed_played":"-6781882216541079479","killed_by":"Gremlin Leader","ascension_level":0,"is_trial":false}