{"gold_per_floor":[110,110,126,126,145,145,169,169,169,203,173,173,173,173,173,173],"floor_reached":16,"playtime":733,"items_purged":[],"score":108,"play_id":"2a69622f-d88b-412f-bfbb-47a4c473e0fc","local_time":"20190910163641","is_ascension_mode":true,"campfire_choices":[{"data":"ThirdEye","floor":6,"key":"SMITH"},{"data":"Nirvana","floor":8,"key":"SMITH"},{"floor":12,"key":"REST"},{"data":"Protect","floor":15,"key":"SMITH"}],"neow_cost":"NONE","seed_source_timestamp":531732880328999,"circlet_count":0,"master_deck":["Strike_P","Strike_P","Strike_P","Strike_P","Defend_P","Defend_P","Defend_P","Defend_P","Eruption","Vigilance","Weave","ThirdEye+1","Pain","Nirvana+1","Sanctity","Protect+1","Wireheading"],"relics":["PureWater","Anchor","Golden Idol","WarpedTongs","Shuriken","Akabeko","Darkstone Periapt","SsserpentHead"],"potions_floor_usage":[10,10],"damage_taken":[{"damage":0,"enemies":"Small Slimes","floor":1,"turns":3},{"damage":3,"enemies":"2 Louse","floor":3,"turns":3},{"damage":2,"enemies":"Cultist","floor":5,"turns":3},{"damage":4,"enemies":"Exordium Thugs","floor":7,"turns":4},{"damage":13,"enemies":"Gremlin Nob","floor":10,"turns":4},{"damage":4,"enemies":"Looter","floor":11,"turns":4},{"damage":48,"enemies":"Hexaghost","floor":16,"turns":16}],"seed_played":"-7128518336931371599","potions_obtained":[{"floor":3,"key":"Block Potion"},{"floor":7,"key":"EssenceOfSteel"}],"is_trial":false,"path_per_floor":["M","?","M","?","M","R","M","R","T","E","M","R","T","?","R","B"],"character_chosen":"WATCHER","items_purchased":[],"campfire_rested":1,"item_purchase_floors":[],"current_hp_per_floor":[65,49,46,46,44,44,40,40,40,27,23,42,42,42,42,0],"gold":173,"neow_bonus":"RANDOM_COMMON_RELIC","is_prod":false,"is_daily":false,"chose_seed":false,"campfire_upgraded":3,"win_rate":0,"timestamp":1568147801,"path_taken":["M","?","M","?","M","R","M","R","T","E","?","R","?","?","R","BOSS"],"build_version":"2019-09-09v2","purchased_purges":0,"victory":false,"max_hp_per_floor":[65,65,65,65,65,65,65,65,65,65,65,65,65,65,65,65],"card_choices":[{"not_picked":["CrushJoints","EmptyBody"],"picked":"Weave","floor":1},{"not_picked":["ClearTheMind","JustLucky"],"picked":"ThirdEye","floor":3},{"not_picked":["ThirdEye","JustLucky"],"picked":"Nirvana","floor":5},{"not_picked":["ClearTheMind","ForeignInfluence"],"picked":"Sanctity","floor":7},{"not_picked":["FlyingSleeves","ClearTheMind"],"picked":"Protect","floor":10},{"not_picked":["ThirdEye","PathToVictory"],"picked":"Wireheading","floor":11}],"player_experience":1929358,"relics_obtained":[{"floor":9,"key":"Shuriken"},{"floor":10,"key":"Akabeko"},{"floor":13,"key":"Darkstone Periapt"}],"event_choices":[{"damage_healed":0,"gold_gain":0,"player_choice":"Take Damage","damage_taken":16,"relics_obtained":["Golden Idol"],"max_hp_gain":0,"max_hp_loss":0,"event_name":"Golden Idol","floor":2,"gold_loss":0},{"damage_healed":0,"gold_gain":0,"player_choice":"Rummage","damage_taken":0,"relics_obtained":["WarpedTongs"],"max_hp_gain":0,"max_hp_loss":0,"event_name":"Accursed Blacksmith","floor":4,"gold_loss":0,"cards_obtained":["Pain"]},{"damage_healed":0,"gold_gain":0,"player_choice":"Trade","damage_taken":0,"relics_obtained":["SsserpentHead"],"max_hp_gain":0,"max_hp_loss":0,"event_name":"FaceTrader","floor":14,"gold_loss":0}],"is_beta":true,"boss_relics":[],"items_purged_floors":[],"is_endless":false,"potions_floor_spawned":[3,7],"killed_by":"Hexaghost","ascension_level":2}