{"gold_per_floor":[159,170,186,204,218,246,246,21,21,21,53,53,31,61,61,165,165,175,158,175,7,0,0],"floor_reached":23,"playtime":1157,"items_purged":["Strike_G","Shame"],"score":273,"play_id":"27a09c76-1cae-4f1f-bfd8-d93f43fd2a0a","local_time":"20190605191401","is_ascension_mode":true,"campfire_choices":[{"data":"Infinite Blades","floor":7,"key":"SMITH"},{"data":"Distraction","floor":12,"key":"SMITH"},{"floor":15,"key":"REST"}],"neow_cost":"NONE","seed_source_timestamp":1792828025283,"circlet_count":0,"master_deck":["Defend_G","Defend_G","Defend_G+1","Defend_G","Defend_G","Strike_G","Strike_G","Strike_G","Strike_G","Survivor","Neutralize","Infinite Blades+1","Sucker Punch","Poisoned Stab","Flying Knee","Distraction+1","Flying Knee","Backflip","PiercingWail","Corpse Explosion","Doubt","Doubt","Dagger Throw","Deadly Poison+1","Concentrate+1","Noxious Fumes"],"relics":["Tiny House","Tingsha","Art of War","Snake Skull","GremlinMask","Bag of Preparation","Pear","Calling Bell","Boot","Matryoshka","Mango"],"potions_floor_usage":[6,11,11,16,23],"damage_taken":[{"damage":0,"enemies":"Cultist","floor":1,"turns":4},{"damage":2,"enemies":"2 Louse","floor":2,"turns":3},{"damage":0,"enemies":"Small Slimes","floor":3,"turns":3},{"damage":4,"enemies":"Blue Slaver","floor":4,"turns":4},{"damage":6,"enemies":"Large Slime","floor":5,"turns":6},{"damage":16,"enemies":"3 Sentries","floor":6,"turns":3},{"damage":14,"enemies":"Gremlin Nob","floor":11,"turns":4},{"damage":21,"enemies":"Lagavulin","floor":14,"turns":6},{"damage":55,"enemies":"The Guardian","floor":16,"turns":13},{"damage":35,"enemies":"Spheric Guardian","floor":18,"turns":8},{"damage":15,"enemies":"2 Thieves","floor":19,"turns":4},{"damage":15,"enemies":"Centurion and Healer","floor":20,"turns":5},{"damage":38,"enemies":"Book of Stabbing","floor":23,"turns":5}],"seed_played":"-5861173968152609480","potions_obtained":[{"floor":0,"key":"SmokeBomb"},{"floor":2,"key":"Weak Potion"},{"floor":3,"key":"Regen Potion"},{"floor":4,"key":"Regen Potion"},{"floor":6,"key":"Poison Potion"},{"floor":19,"key":"Ancient Potion"},{"floor":20,"key":"Swift Potion"}],"is_trial":false,"path_per_floor":["M","M","M","M","M","E","R","$","T","?","E","R","$","E","R","B",null,"M","M","M","$","?","E"],"character_chosen":"THE_SILENT","items_purchased":["Art of War","Backflip","Noxious Fumes"],"campfire_rested":1,"item_purchase_floors":[8,13,21],"current_hp_per_floor":[75,73,73,69,63,59,59,59,59,59,54,54,54,43,68,13,99,64,49,34,34,34,0],"gold":0,"neow_bonus":"BOSS_RELIC","is_prod":false,"is_daily":false,"chose_seed":false,"campfire_upgraded":2,"win_rate":0,"timestamp":1559776441,"path_taken":["M","M","?","M","M","E","R","$","T","?","E","R","$","E","R","BOSS","M","?","M","$","?","E"],"build_version":"2019-01-23","purchased_purges":2,"victory":false,"max_hp_per_floor":[75,75,75,75,75,75,75,75,75,75,75,75,75,85,85,85,99,99,99,99,99,99,99],"card_choices":[{"not_picked":["Dodge and Roll","Concentrate"],"picked":"Infinite Blades","floor":0},{"not_picked":["Slice","Prepared","Endless Agony"],"picked":"SKIP","floor":1},{"not_picked":["Outmaneuver","Cloak And Dagger"],"picked":"Sucker Punch","floor":2},{"not_picked":["Flechettes","Blade Dance"],"picked":"Poisoned Stab","floor":3},{"not_picked":["Slice","Dagger Throw"],"picked":"Flying Knee","floor":4},{"not_picked":["Endless Agony","Poisoned Stab"],"picked":"Distraction","floor":5},{"not_picked":["Dagger Spray","Underhanded Strike"],"picked":"Flying Knee","floor":6},{"not_picked":["Eviscerate","Reflex","Concentrate"],"picked":"SKIP","floor":11},{"not_picked":["Riddle With Holes","Concentrate"],"picked":"PiercingWail","floor":14},{"not_picked":["Venomology","Phantasmal Killer"],"picked":"Corpse Explosion","floor":16},{"not_picked":["Prepared","Blade Dance"],"picked":"Dagger Throw","floor":18},{"not_picked":["Dagger Throw","Dagger Spray"],"picked":"Deadly Poison+1","floor":19},{"not_picked":["Tactician","Bane"],"picked":"Concentrate+1","floor":20}],"player_experience":107306,"relics_obtained":[{"floor":6,"key":"Tingsha"},{"floor":9,"key":"Snake Skull"},{"floor":11,"key":"Bag of Preparation"},{"floor":14,"key":"Pear"},{"floor":17,"key":"Boot"},{"floor":17,"key":"Matryoshka"},{"floor":17,"key":"Mango"}],"event_choices":[{"damage_healed":0,"gold_gain":0,"player_choice":"Trade","damage_taken":0,"relics_obtained":["GremlinMask"],"max_hp_gain":0,"max_hp_loss":0,"event_name":"FaceTrader","floor":10,"gold_loss":0},{"damage_healed":0,"gold_gain":0,"player_choice":"Paid Fearfully","damage_taken":0,"max_hp_gain":0,"max_hp_loss":0,"event_name":"Masked Bandits","floor":22,"gold_loss":7}],"is_beta":false,"boss_relics":[{"not_picked":["Velvet Choker","Eternal Feather"],"picked":"Calling Bell"}],"items_purged_floors":[8,21],"is_endless":false,"potions_floor_spawned":[2,3,4,6,19,20],"killed_by":"Book of Stabbing","ascension_level":1}