{"path_per_floor":["M","$","?","M","?","R","E","R","T","M","E","R","?","M","R","B",null,"M","M","M","?","M","R","E","$","T","?","M","?","R","M","R","B",null,"M","$","M","?","M","E","R","?","T","R","?","$","R","M","R","B"],"character_chosen":"IRONCLAD","items_purchased":["Pummel","Anchor","Spot Weakness","Oddly Smooth Stone","Pummel","Strawberry","Pantograph"],"gold_per_floor":[111,32,32,47,47,47,86,86,86,109,153,153,153,173,173,293,293,313,327,327,327,341,341,377,80,80,180,199,199,199,220,220,344,344,368,123,138,471,484,514,514,563,589,589,589,25,25,40,40,40],"floor_reached":51,"campfire_rested":0,"playtime":3067,"item_purchase_floors":[2,25,25,36,46,46,46],"current_hp_per_floor":[80,80,64,70,50,50,56,56,56,62,52,52,52,57,57,21,80,75,80,80,80,78,78,67,67,67,67,54,54,54,66,66,15,80,80,80,80,80,80,80,80,80,80,80,80,87,87,87,87,23],"items_purged":["Strike_R","Strike_R","Defend_R"],"gold":40,"score":1071,"play_id":"4bcbe73e-d4b5-480b-885b-b5c7a28ddf8b","local_time":"20180605140805","is_prod":false,"is_daily":false,"chose_seed":false,"is_ascension_mode":true,"campfire_upgraded":11,"win_rate":0,"timestamp":1528200485,"campfire_choices":[{"data":"Flex","floor":6,"key":"SMITH"},{"data":"Shockwave","floor":8,"key":"SMITH"},{"data":"Flex","floor":12,"key":"SMITH"},{"data":"Inflame","floor":15,"key":"SMITH"},{"data":"Pummel","floor":23,"key":"SMITH"},{"data":"Fiend Fire","floor":30,"key":"SMITH"},{"data":"Immolate","floor":32,"key":"SMITH"},{"data":"Exhume","floor":41,"key":"SMITH"},{"data":"Spot Weakness","floor":44,"key":"SMITH"},{"data":"Pummel","floor":47,"key":"SMITH"},{"data":"Double Tap","floor":49,"key":"SMITH"}],"path_taken":["M","$","?","M","?","R","E","R","T","M","E","R","?","?","R","BOSS","M","M","M","?","M","R","E","$","T","?","M","?","R","M","R","BOSS","M","?","?","?","M","E","R","?","T","R","?","$","R","M","R","BOSS"],"build_version":"2018-06-04v2","seed_source_timestamp":6608797750144,"purchased_purges":3,"victory":true,"master_deck":["Strike_R+1","Strike_R+1","Defend_R","Defend_R","Defend_R","Bash","Flex+1","Pummel+1","Inflame+1","Shockwave+1","Immolate+1","Flex+1","Headbutt","Reaper","Whirlwind+1","Pummel+1","True Grit+1","Anger","Spot Weakness+1","Cleave+1","Fiend Fire+1","Exhume+1","Cleave","Pummel+1","Double Tap+1"],"max_hp_per_floor":[80,80,80,80,80,80,80,80,80,80,80,80,80,80,80,80,80,80,80,80,80,80,80,80,80,80,80,80,80,80,80,80,80,80,80,80,80,80,80,80,80,80,80,80,80,87,87,87,87,87],"relics":["Burning Blood","NeowsBlessing","Boot","Question Card","Bronze Scales","Runic Pyramid","Lantern","Anchor","Bottled Lightning","Velvet Choker","Oddly Smooth Stone","Juzu Bracelet","Charon\u0027s Ashes","Bag of Marbles","Red Skull","Strawberry","Pantograph"],"card_choices":[{"not_picked":["Armaments","Perfected Strike"],"picked":"Flex","floor":1},{"not_picked":["Combust","Pommel Strike"],"picked":"Inflame","floor":4},{"not_picked":["Infernal Blade","Flame Barrier"],"picked":"Shockwave","floor":7},{"not_picked":["Thunderclap","Sentinel","Clothesline"],"picked":"Immolate","floor":10},{"not_picked":["Dropkick","Dual Wield","Disarm"],"picked":"Flex","floor":11},{"not_picked":["Warcry","Twin Strike","Havoc"],"picked":"Headbutt","floor":14},{"not_picked":["Bludgeon","Juggernaut","Demon Form"],"picked":"Reaper","floor":16},{"not_picked":["Clash","Perfected Strike","Sword Boomerang"],"picked":"Whirlwind+1","floor":18},{"not_picked":["Metallicize","Pommel Strike+1","Seeing Red"],"picked":"Pummel","floor":19},{"not_picked":["Uppercut","Pommel Strike+1","Blood for Blood"],"picked":"True Grit+1","floor":22},{"not_picked":["Flex+1","Perfected Strike+1","Sever Soul"],"picked":"Anger","floor":24},{"not_picked":["Havoc+1","Perfected Strike","Sword Boomerang"],"picked":"Cleave+1","floor":28},{"not_picked":["Anger","Bloodletting","Spot Weakness+1","Havoc"],"picked":"SKIP","floor":31},{"not_picked":["Feed","Reaper","Brutality"],"picked":"Exhume","floor":33},{"not_picked":["Wild Strike+1","Ghostly Armor+1","Sword Boomerang","Shockwave+1"],"picked":"SKIP","floor":35},{"not_picked":["Thunderclap+1","Burning Pact+1","True Grit","Sword Boomerang+1"],"picked":"SKIP","floor":37},{"not_picked":["Twin Strike","Warcry","Body Slam+1"],"picked":"Cleave","floor":39},{"not_picked":["Metallicize+1","Cleave+1","Body Slam","Clothesline+1"],"picked":"SKIP","floor":40},{"not_picked":["Thunderclap","Wild Strike+1","Heavy Blade"],"picked":"Double Tap","floor":48}],"player_experience":130046,"potions_floor_usage":[18,20,22,22,22,24,33,33,40,50],"damage_taken":[{"damage":0,"enemies":"Small Slimes","floor":1,"turns":1},{"damage":0,"enemies":"2 Louse","floor":4,"turns":1},{"damage":0,"enemies":"Gremlin Nob","floor":7,"turns":1},{"damage":0,"enemies":"Cultist","floor":10,"turns":3},{"damage":16,"enemies":"3 Sentries","floor":11,"turns":3},{"damage":1,"enemies":"3 Louse","floor":14,"turns":2},{"damage":42,"enemies":"The Guardian","floor":16,"turns":8},{"damage":11,"enemies":"2 Thieves","floor":18,"turns":2},{"damage":0,"enemies":"3 Byrds","floor":19,"turns":2},{"damage":0,"enemies":"Snecko","floor":20,"turns":2},{"damage":18,"enemies":"Cultist and Chosen","floor":22,"turns":5},{"damage":17,"enemies":"Slavers","floor":24,"turns":2},{"damage":25,"enemies":"Sentry and Sphere","floor":28,"turns":4},{"damage":0,"enemies":"Snake Plant","floor":31,"turns":3},{"damage":73,"enemies":"Automaton","floor":33,"turns":10},{"damage":11,"enemies":"Flame Bruiser 1 Orb","floor":35,"turns":4},{"damage":0,"enemies":"3 Shapes","floor":37,"turns":3},{"damage":0,"enemies":"Flame Bruiser 2 Orb","floor":39,"turns":2},{"damage":9,"enemies":"Giant Head","floor":40,"turns":5},{"damage":5,"floor":42,"turns":2},{"damage":0,"floor":45,"turns":3},{"damage":0,"enemies":"Transient","floor":48,"turns":5},{"damage":70,"enemies":"Time Eater","floor":50,"turns":8}],"relics_obtained":[{"floor":7,"key":"Boot"},{"floor":9,"key":"Question Card"},{"floor":11,"key":"Bronze Scales"},{"floor":24,"key":"Lantern"},{"floor":26,"key":"Bottled Lightning"},{"floor":40,"key":"Juzu Bracelet"},{"floor":42,"key":"Charon\u0027s Ashes"},{"floor":43,"key":"Bag of Marbles"},{"floor":45,"key":"Red Skull"}],"event_choices":[{"event_name":"Shining Light","player_choice":"Entered Light","floor":3,"damage_taken":0},{"event_name":"Golden Idol","player_choice":"Take Damage","floor":5,"damage_taken":0},{"event_name":"Accursed Blacksmith","player_choice":"Forge","floor":13,"damage_taken":0},{"event_name":"Ghosts","player_choice":"Ignored","floor":21,"damage_taken":0},{"event_name":"Golden Shrine","player_choice":"Pray","floor":27,"damage_taken":0},{"event_name":"Transmorgrifier","player_choice":"Transform","floor":29,"damage_taken":0},{"event_name":"The Moai Head","player_choice":"Gave Idol","floor":38,"damage_taken":0},{"event_name":"Mysterious Sphere","player_choice":"Fight","floor":42,"damage_taken":0},{"event_name":"MindBloom","player_choice":"Fight","floor":45,"damage_taken":0}],"boss_relics":[{"not_picked":["Runic Cube","Pandora\u0027s Box"],"picked":"Runic Pyramid"},{"not_picked":["Orrery","White Beast Statue"],"picked":"Velvet Choker"}],"items_purged_floors":[25,36,46],"potions_floor_spawned":[4,11,14,18,22,31,33,39,48],"seed_played":"-2931434396199994731","ascension_level":2,"potions_obtained":[{"floor":4,"key":"SmokeBomb"},{"floor":11,"key":"Energy Potion"},{"floor":14,"key":"EntropicBrew"},{"floor":18,"key":"Fire Potion"},{"floor":22,"key":"SneckoOil"},{"floor":31,"key":"SkillPotion"},{"floor":33,"key":"AttackPotion"},{"floor":39,"key":"Explosive Potion"},{"floor":48,"key":"LiquidBronze"}],"is_trial":false}