{"gold_per_floor":[116,129,129,143,163,194,194,194,266,279,279,235,254,286,286,286],"floor_reached":16,"playtime":1438,"items_purged":[],"score":112,"play_id":"407a9b63-6da4-4a8b-994b-faf9eba1a62d","local_time":"20190911134902","is_ascension_mode":false,"campfire_choices":[{"floor":7,"key":"REST"},{"floor":11,"key":"REST"},{"floor":15,"key":"REST"}],"neow_cost":"NONE","seed_source_timestamp":71673018180439,"circlet_count":0,"master_deck":["Strike_P","Strike_P","Strike_P+1","Defend_P","Defend_P","Defend_P","Defend_P","Eruption","Vigilance","EmptyMind","CrushJoints+1","ClearTheMind","Crescendo","BowlingBash","WaveOfTheHand","Tantrum"],"relics":["PureWater","Shovel","Dodecahedron","Centennial Puzzle"],"potions_floor_usage":[6,14,14],"damage_taken":[{"damage":0,"enemies":"Cultist","floor":1,"turns":2},{"damage":9,"enemies":"Small Slimes","floor":2,"turns":2},{"damage":1,"enemies":"Jaw Worm","floor":4,"turns":2},{"damage":5,"enemies":"Looter","floor":5,"turns":3},{"damage":34,"enemies":"Lagavulin","floor":6,"turns":6},{"damage":11,"enemies":"2 Fungi Beasts","floor":10,"turns":3},{"damage":4,"enemies":"Gremlin Gang","floor":13,"turns":3},{"damage":9,"enemies":"3 Sentries","floor":14,"turns":4},{"damage":47,"enemies":"Hexaghost","floor":16,"turns":5}],"seed_played":"-6603310589835242","potions_obtained":[{"floor":0,"key":"Swift Potion"},{"floor":0,"key":"SkillPotion"},{"floor":0,"key":"SmokeBomb"},{"floor":6,"key":"EssenceOfSteel"}],"is_trial":false,"path_per_floor":["M","M","?","M","M","E","R","?","T","M","R","?","M","E","R","B"],"character_chosen":"WATCHER","items_purchased":[],"campfire_rested":3,"item_purchase_floors":[],"current_hp_per_floor":[65,56,56,55,50,16,35,22,22,11,30,30,26,17,36,0],"gold":286,"neow_bonus":"THREE_SMALL_POTIONS","is_prod":false,"is_daily":false,"chose_seed":false,"campfire_upgraded":0,"win_rate":0.0,"timestamp":1568224142,"path_taken":["M","?","?","M","M","E","R","?","T","M","R","?","M","E","R","BOSS"],"build_version":"2019-09-10","purchased_purges":0,"victory":false,"max_hp_per_floor":[65,65,65,65,65,65,65,65,65,65,65,65,65,65,65,65],"card_choices":[{"not_picked":["EmptyBody","Meditate"],"picked":"EmptyMind","floor":1},{"not_picked":["CleanseEvil","ThirdEye"],"picked":"CrushJoints","floor":2},{"not_picked":["Fasting","Weave"],"picked":"ClearTheMind","floor":4},{"not_picked":["CrushJoints","CarveReality"],"picked":"Crescendo","floor":5},{"not_picked":["EmptyBody","ThirdEye"],"picked":"BowlingBash","floor":6},{"not_picked":["Unraveling","ClearTheMind","InnerPeace"],"picked":"SKIP","floor":10},{"not_picked":["BowlingBash","Halt"],"picked":"WaveOfTheHand","floor":13},{"not_picked":["EmptyMind","Halt"],"picked":"Tantrum","floor":14}],"player_experience":153781,"relics_obtained":[{"floor":6,"key":"Shovel"},{"floor":9,"key":"Dodecahedron"},{"floor":14,"key":"Centennial Puzzle"}],"event_choices":[{"cards_removed":["Strike_P"],"damage_healed":0,"gold_gain":0,"player_choice":"Forget","damage_taken":0,"max_hp_gain":0,"max_hp_loss":0,"event_name":"Living Wall","floor":3,"gold_loss":0},{"damage_healed":0,"gold_gain":0,"player_choice":"Entered Light","damage_taken":13,"max_hp_gain":0,"max_hp_loss":0,"event_name":"Shining Light","floor":8,"gold_loss":0,"cards_upgraded":["CrushJoints","Strike_P"]},{"damage_healed":0,"gold_gain":0,"player_choice":"Left Gold","damage_taken":0,"max_hp_gain":0,"max_hp_loss":0,"event_name":"World of Goop","floor":12,"gold_loss":44}],"is_beta":true,"boss_relics":[],"items_purged_floors":[],"is_endless":false,"potions_floor_spawned":[5,6,10,13],"killed_by":"Hexaghost","ascension_level":0}