{"gold_per_floor":[115,115,29,49,60,93,93,105,130,160,160,160,173,208,208,313,313,333,333,29,45,45,45,78,78,78,29,29,29,42,53,53,149,149,162,162,17,29,46,46,46,46],"floor_reached":42,"playtime":1658,"items_purged":["Strike_R"],"score":521,"play_id":"114bb19a-8d58-438a-b074-6c3a7dd35d2a","local_time":"20190604190718","is_ascension_mode":true,"campfire_choices":[{"data":"Combust","floor":7,"key":"SMITH"},{"floor":12,"key":"REST"},{"floor":15,"key":"REST"},{"floor":23,"key":"RECALL"},{"floor":25,"key":"REST"},{"data":"Demon Form","floor":28,"key":"SMITH"},{"floor":32,"key":"REST"},{"floor":40,"key":"REST"}],"neow_cost":"NONE","seed_source_timestamp":4562237197009,"circlet_count":0,"master_deck":["Bash","True Grit+1","Combust+1","Inflame","Metallicize","Headbutt","Havoc","Power Through","Demon Form+1","Heavy Blade+1","Hemokinesis","Sword Boomerang+1","Twin Strike","Flex","Rage","Shrug It Off","Fiend Fire","Feel No Pain","Hemokinesis","Bloodletting+1","Reckless Charge","Blood for Blood","Combust","Bludgeon","Rage","Armaments+1","Havoc","Madness","Madness"],"relics":["Lizard Tail","Orichalcum","Question Card","Pen Nib","Omamori","Paper Frog","Busted Crown","Blood Vial","Red Skull","Bag of Marbles","Nloth\u0027s Gift","Pandora\u0027s Box","War Paint"],"potions_floor_usage":[6,6,24,33,33,42],"damage_taken":[{"damage":0,"enemies":"Small Slimes","floor":1,"turns":3},{"damage":0,"enemies":"2 Louse","floor":4,"turns":3},{"damage":2,"enemies":"Cultist","floor":5,"turns":3},{"damage":39,"enemies":"Lagavulin","floor":6,"turns":8},{"damage":7,"enemies":"Large Slime","floor":8,"turns":7},{"damage":20,"enemies":"3 Louse","floor":13,"turns":4},{"damage":3,"enemies":"Gremlin Nob","floor":14,"turns":4},{"damage":49,"enemies":"Slime Boss","floor":16,"turns":12},{"damage":17,"enemies":"Shell Parasite","floor":18,"turns":7},{"damage":10,"enemies":"Chosen","floor":21,"turns":3},{"damage":45,"enemies":"Gremlin Leader","floor":24,"turns":7},{"damage":16,"enemies":"Snake Plant","floor":30,"turns":3},{"damage":9,"enemies":"Sentry and Sphere","floor":31,"turns":3},{"damage":18,"enemies":"Champ","floor":33,"turns":8},{"damage":54,"enemies":"3 Shapes","floor":35,"turns":3},{"damage":11,"enemies":"Orb Walker","floor":38,"turns":2},{"damage":29,"enemies":"Writhing Mass","floor":39,"turns":4},{"damage":58,"enemies":"Giant Head","floor":42,"turns":7}],"seed_played":"4420939566699204751","potions_obtained":[{"floor":1,"key":"SkillPotion"},{"floor":5,"key":"Regen Potion"},{"floor":18,"key":"SneckoOil"},{"floor":24,"key":"Weak Potion"},{"floor":31,"key":"Ancient Potion"},{"floor":39,"key":"Fire Potion"}],"is_trial":false,"path_per_floor":["M","?","?","M","M","E","R","M","T","?","?","R","M","E","R","B",null,"M","?","$","M","$","R","E","R","T","$","R","?","M","M","R","B",null,"M","?","$","M","M","R","?","E"],"character_chosen":"IRONCLAD","items_purchased":["Red Skull","Hemokinesis","Flex","War Paint"],"campfire_rested":5,"item_purchase_floors":[20,20,27,37],"current_hp_per_floor":[80,73,73,73,71,44,44,37,37,37,37,61,41,38,62,13,80,63,63,63,55,55,55,12,36,36,36,36,36,22,15,39,23,80,26,26,26,17,34,58,48,0],"gold":46,"neow_bonus":"BOSS_RELIC","is_prod":false,"is_daily":false,"chose_seed":false,"campfire_upgraded":2,"win_rate":0,"timestamp":1559689638,"path_taken":["M","?","?","M","?","E","R","M","T","?","?","R","M","E","R","BOSS","M","?","$","M","$","R","E","R","T","?","R","?","?","M","R","BOSS","M","?","?","M","?","R","?","E"],"build_version":"2019-01-23","purchased_purges":1,"victory":false,"max_hp_per_floor":[80,80,80,80,80,80,80,80,80,80,80,80,80,80,80,80,80,80,80,80,80,80,80,80,80,80,80,80,80,80,80,80,80,80,80,80,80,80,80,80,80,80],"card_choices":[{"not_picked":["Intimidate","Warcry"],"picked":"True Grit","floor":1},{"not_picked":["Bloodletting","Pommel Strike"],"picked":"Combust","floor":4},{"not_picked":["Uppercut","Headbutt"],"picked":"Inflame","floor":5},{"not_picked":["Perfected Strike","Reckless Charge"],"picked":"Metallicize","floor":6},{"not_picked":["Second Wind","Havoc","Shrug It Off"],"picked":"Headbutt","floor":8},{"not_picked":["Seeing Red","Warcry","Headbutt"],"picked":"Havoc","floor":13},{"not_picked":["Body Slam","Anger","Intimidate"],"picked":"Power Through","floor":14},{"not_picked":["Dark Embrace","Fiend Fire","Bludgeon"],"picked":"Demon Form","floor":16},{"not_picked":["Pummel"],"picked":"Heavy Blade+1","floor":18},{"not_picked":["Combust"],"picked":"Sword Boomerang+1","floor":21},{"not_picked":["Sword Boomerang"],"picked":"Twin Strike","floor":24},{"not_picked":["Spot Weakness"],"picked":"Rage","floor":30},{"not_picked":["Sword Boomerang"],"picked":"Shrug It Off","floor":31},{"not_picked":["Barricade"],"picked":"Fiend Fire","floor":33},{"not_picked":["Shockwave+1"],"picked":"Armaments+1","floor":35},{"not_picked":["Searing Blow+1","Twin Strike+1"],"picked":"SKIP","floor":38},{"not_picked":["Sever Soul","Thunderclap"],"picked":"SKIP","floor":39}],"player_experience":94221,"relics_obtained":[{"floor":6,"key":"Question Card"},{"floor":9,"key":"Pen Nib"},{"floor":14,"key":"Paper Frog"},{"floor":19,"key":"Blood Vial"},{"floor":24,"key":"Bag of Marbles"}],"event_choices":[{"damage_healed":0,"gold_gain":0,"player_choice":"Success","damage_taken":7,"relics_obtained":["Orichalcum"],"max_hp_gain":0,"max_hp_loss":0,"event_name":"Scrap Ooze","floor":2,"gold_loss":0},{"damage_healed":0,"gold_gain":0,"player_choice":"Paid Gold","damage_taken":0,"relics_obtained":["Potion Belt"],"max_hp_gain":0,"max_hp_loss":0,"event_name":"WeMeetAgain","floor":3,"gold_loss":86},{"damage_healed":0,"gold_gain":30,"player_choice":"Searched \u00273\u0027 times","damage_taken":0,"relics_obtained":["Omamori"],"max_hp_gain":0,"max_hp_loss":0,"event_name":"Dead Adventurer","floor":10,"gold_loss":0},{"damage_healed":0,"gold_gain":0,"player_choice":"Ignored","damage_taken":0,"max_hp_gain":0,"max_hp_loss":0,"event_name":"Liars Game","floor":11,"gold_loss":0},{"damage_healed":0,"gold_gain":0,"player_choice":"Relic","damage_taken":0,"max_hp_gain":0,"max_hp_loss":0,"event_name":"Wheel of Change","floor":19,"gold_loss":0},{"damage_healed":0,"gold_gain":0,"player_choice":"Traded Relic","damage_taken":0,"relics_obtained":["Nloth\u0027s Gift"],"max_hp_gain":0,"max_hp_loss":0,"event_name":"N\u0027loth","floor":29,"relics_lost":["Potion Belt"],"gold_loss":0},{"damage_healed":0,"gold_gain":0,"player_choice":"Copied","damage_taken":0,"max_hp_gain":0,"max_hp_loss":0,"event_name":"Duplicator","floor":36,"gold_loss":0,"cards_obtained":["Havoc"]},{"damage_healed":0,"gold_gain":0,"player_choice":"Embrace Madness","damage_taken":10,"max_hp_gain":0,"max_hp_loss":0,"event_name":"Winding Halls","floor":41,"gold_loss":0,"cards_obtained":["Madness","Madness"]}],"is_beta":false,"boss_relics":[{"not_picked":["White Beast Statue","Coffee Dripper"],"picked":"Busted Crown"},{"not_picked":["Tiny House","Sozu"],"picked":"Pandora\u0027s Box"}],"items_purged_floors":[20],"is_endless":false,"potions_floor_spawned":[1,5,18,24,31,39],"killed_by":"Giant Head","ascension_level":2}