{"gold_per_floor":[115,129,129,139,157,157,174,174,201,201,213,213,213,223,223,324,324,341,440,458,230,230,230,265,265,265,283,27,27,62,94,106,222,234,264,376,260,284,34,59,71,88,112,112,112,112,112,132,132,132],"floor_reached":50,"playtime":2580,"items_purged":["Doubt","Strike_B","Defend_B"],"score":532,"play_id":"fa7de0ba-1397-4af6-9238-2833c4796291","local_time":"20190907174633","is_ascension_mode":false,"campfire_choices":[{"data":"Zap","floor":6,"key":"SMITH"},{"data":"Dualcast","floor":8,"key":"SMITH"},{"data":"Rainbow","floor":13,"key":"SMITH"},{"data":"Glacier","floor":15,"key":"SMITH"},{"data":"Fusion","floor":23,"key":"SMITH"},{"data":"Lockon","floor":25,"key":"SMITH"},{"data":"Conserve Battery","floor":32,"key":"SMITH"},{"data":"Creative AI","floor":46,"key":"SMITH"},{"floor":49,"key":"RECALL"}],"neow_cost":"NONE","seed_source_timestamp":22045494440700,"circlet_count":0,"master_deck":["Strike_B","Strike_B","Defend_B","Defend_B","Zap+1","Dualcast+1","Go for the Eyes","Ball Lightning","Conserve Battery+1","Rainbow+1","Glacier+1","Biased Cognition","Conserve Battery","Fusion+1","Lockon+1","Ball Lightning","Coolheaded+1","Self Repair","Creative AI+1","Cold Snap+1","Force Field+1","Double Energy+1","Reboot+1","Amplify+1","Undo+1","Jack Of All Trades+1","Madness+1","Madness+1","BootSequence+1"],"relics":["Cracked Core","Happy Flower","WarpedTongs","Vajra","Dodecahedron","Eternal Feather","PreservedInsect","Red Mask","Toxic Egg 2","Bronze Scales","MawBank","Coffee Dripper","Pocketwatch","Art of War","StoneCalendar"],"potions_floor_usage":[16,24,33,40,41,50],"damage_taken":[{"damage":0,"enemies":"Cultist","floor":1,"turns":4},{"damage":0,"enemies":"2 Louse","floor":2,"turns":2},{"damage":3,"enemies":"Jaw Worm","floor":4,"turns":3},{"damage":0,"enemies":"Looter","floor":5,"turns":2},{"damage":12,"enemies":"Exordium Thugs","floor":7,"turns":4},{"damage":0,"enemies":"2 Fungi Beasts","floor":11,"turns":2},{"damage":0,"enemies":"Looter","floor":14,"turns":2},{"damage":18,"enemies":"Slime Boss","floor":16,"turns":11},{"damage":24,"enemies":"2 Thieves","floor":18,"turns":4},{"damage":5,"enemies":"3 Byrds","floor":20,"turns":4},{"damage":6,"enemies":"Masked Bandits","floor":24,"turns":4},{"damage":0,"enemies":"3 Cultists","floor":27,"turns":5},{"damage":7,"enemies":"Gremlin Leader","floor":30,"turns":4},{"damage":13,"enemies":"Snecko","floor":31,"turns":4},{"damage":13,"enemies":"Collector","floor":33,"turns":9},{"damage":14,"enemies":"3 Darklings","floor":35,"turns":4},{"damage":0,"enemies":"Mind Bloom Boss Battle","floor":36,"turns":5},{"damage":0,"enemies":"3 Shapes","floor":38,"turns":3},{"damage":1,"enemies":"Giant Head","floor":40,"turns":6},{"damage":12,"enemies":"Spire Growth","floor":41,"turns":4},{"damage":0,"enemies":"4 Shapes","floor":42,"turns":6},{"damage":5,"enemies":"Writhing Mass","floor":48,"turns":5},{"damage":87,"enemies":"Awakened One","floor":50,"turns":12}],"seed_played":"-1648278112469875761","potions_obtained":[{"floor":2,"key":"Strength Potion"},{"floor":5,"key":"Strength Potion"},{"floor":11,"key":"FocusPotion"},{"floor":24,"key":"Weak Potion"},{"floor":30,"key":"Swift Potion"},{"floor":33,"key":"Strength Potion"},{"floor":36,"key":"Swift Potion"},{"floor":40,"key":"SteroidPotion"},{"floor":41,"key":"AttackPotion"}],"is_trial":false,"path_per_floor":["M","M","?","M","M","R","M","R","T","T","M","?","R","M","R","B",null,"M","?","M","$","?","R","?","R","T","M","$","$","E","M","R","B",null,"M","?","?","M","$","E","M","M","T","$","?","R","?","M","R","B"],"character_chosen":"DEFECT","items_purchased":["PreservedInsect","Bronze Scales","Reboot+1"],"campfire_rested":0,"item_purchase_floors":[21,28,39],"current_hp_per_floor":[75,75,75,72,72,72,60,60,60,60,60,60,60,60,60,42,75,51,51,46,46,46,55,49,58,58,58,58,58,51,48,57,54,75,71,75,75,75,75,75,73,75,75,75,75,75,66,71,75,0],"gold":132,"neow_bonus":"RANDOM_COMMON_RELIC","is_prod":false,"is_daily":false,"chose_seed":false,"campfire_upgraded":8,"win_rate":0,"timestamp":1567845993,"path_taken":["M","?","?","?","M","R","M","R","T","?","M","?","R","M","R","BOSS","M","?","M","$","?","R","?","R","T","M","?","$","E","?","R","BOSS","M","?","?","M","$","E","M","?","T","$","?","R","?","M","R","BOSS"],"build_version":"2019-07-17","purchased_purges":3,"victory":false,"max_hp_per_floor":[75,75,75,75,75,75,75,75,75,75,75,75,75,75,75,75,75,75,75,75,75,75,75,75,75,75,75,75,75,75,75,75,75,75,75,75,75,75,75,75,75,75,75,75,75,75,75,75,75,75],"card_choices":[{"not_picked":["Hologram","Turbo"],"picked":"Go for the Eyes","floor":1},{"not_picked":["Cold Snap","Go for the Eyes"],"picked":"Ball Lightning","floor":2},{"not_picked":["Compile Driver","Leap"],"picked":"Conserve Battery","floor":4},{"not_picked":["Redo","Ball Lightning","Streamline"],"picked":"SKIP","floor":5},{"not_picked":["Steam","Auto Shields"],"picked":"Rainbow","floor":7},{"not_picked":["Undo","Streamline","Hologram"],"picked":"SKIP","floor":11},{"not_picked":["Chill","Go for the Eyes"],"picked":"Glacier","floor":14},{"not_picked":["Reboot","Fission"],"picked":"Biased Cognition","floor":16},{"not_picked":["Rip and Tear","Reprogram","Go for the Eyes"],"picked":"SKIP","floor":18},{"not_picked":["Heatsinks","Beam Cell"],"picked":"Conserve Battery","floor":20},{"not_picked":["Beam Cell","Gash"],"picked":"Ball Lightning","floor":24},{"not_picked":["Fusion+1","Gash"],"picked":"Coolheaded+1","floor":27},{"not_picked":["Beam Cell","BootSequence+1"],"picked":"Self Repair","floor":30},{"not_picked":["Hello World","Stack+1","Streamline"],"picked":"SKIP","floor":31},{"not_picked":["Thunder Strike","Echo Form"],"picked":"Creative AI","floor":33},{"not_picked":["Leap+1","Rebound"],"picked":"Cold Snap+1","floor":35},{"not_picked":["Go for the Eyes+1","Compile Driver+1"],"picked":"Force Field+1","floor":36},{"not_picked":["Turbo+1","Sweeping Beam"],"picked":"Double Energy+1","floor":38},{"not_picked":["Lockon+1","Stack+1"],"picked":"Amplify+1","floor":40},{"not_picked":["Doom and Gloom","Stack+1"],"picked":"Undo+1","floor":41},{"not_picked":["Ball Lightning","Chaos+1","Stack+1"],"picked":"SKIP","floor":42},{"not_picked":["Secret Weapon+1","Flash of Steel"],"picked":"Jack Of All Trades+1","floor":45},{"not_picked":["Compile Driver+1","Glacier+1"],"picked":"BootSequence+1","floor":48}],"player_experience":345854,"relics_obtained":[{"floor":9,"key":"Vajra"},{"floor":10,"key":"Dodecahedron"},{"floor":24,"key":"Red Mask"},{"floor":26,"key":"Toxic Egg 2"},{"floor":30,"key":"MawBank"},{"floor":36,"key":"Pocketwatch"},{"floor":40,"key":"StoneCalendar"}],"event_choices":[{"damage_healed":0,"gold_gain":0,"player_choice":"Rummage","damage_taken":0,"relics_obtained":["WarpedTongs"],"max_hp_gain":0,"max_hp_loss":0,"event_name":"Accursed Blacksmith","floor":3,"gold_loss":0,"cards_obtained":["Pain"]},{"damage_healed":0,"gold_gain":0,"cards_transformed":["Pain"],"player_choice":"Transformed","damage_taken":0,"max_hp_gain":0,"max_hp_loss":0,"event_name":"Transmorgrifier","floor":12,"gold_loss":0,"cards_obtained":["Doubt"]},{"damage_healed":0,"gold_gain":99,"player_choice":"Stole From Cult","damage_taken":0,"max_hp_gain":0,"max_hp_loss":0,"event_name":"Nest","floor":19,"gold_loss":0},{"damage_healed":0,"gold_gain":0,"cards_transformed":["Strike_B","Defend_B"],"player_choice":"Became Test Subject","damage_taken":0,"max_hp_gain":0,"max_hp_loss":0,"event_name":"Drug Dealer","floor":22,"gold_loss":0,"cards_obtained":["Fusion","Lockon"]},{"damage_healed":0,"gold_gain":0,"player_choice":"Fought Bandits","damage_taken":0,"max_hp_gain":0,"max_hp_loss":0,"event_name":"Masked Bandits","floor":24,"gold_loss":0},{"damage_healed":0,"gold_gain":0,"player_choice":"Fight","damage_taken":0,"max_hp_gain":0,"max_hp_loss":0,"event_name":"MindBloom","floor":36,"gold_loss":0},{"damage_healed":0,"gold_gain":0,"player_choice":"Paid Gold","damage_taken":0,"relics_obtained":["Art of War"],"max_hp_gain":0,"max_hp_loss":0,"event_name":"WeMeetAgain","floor":37,"gold_loss":128},{"damage_healed":0,"gold_gain":0,"player_choice":"Memory 1","damage_taken":0,"max_hp_gain":0,"max_hp_loss":0,"event_name":"SensoryStone","floor":45,"gold_loss":0},{"damage_healed":0,"gold_gain":0,"player_choice":"Embrace Madness","damage_taken":9,"max_hp_gain":0,"max_hp_loss":0,"event_name":"Winding Halls","floor":47,"gold_loss":0,"cards_obtained":["Madness","Madness"]}],"is_beta":false,"boss_relics":[{"not_picked":["Calling Bell","White Beast Statue"],"picked":"Eternal Feather"},{"not_picked":["Fusion Hammer","Snecko Eye"],"picked":"Coffee Dripper"}],"items_purged_floors":[21,28,39],"is_endless":false,"potions_floor_spawned":[2,5,11,14,24,30,31,33,36,40,41],"killed_by":"Awakened One","ascension_level":0}