{"gold_per_floor":[118,129,129,79,95,95,95,95,95,170,135,55,67,102,102,202,202,217,230,500,92,104,104,138,138,138,150,124,124,124,135,135,234,234,245,1244,969,969,1069,1069,1079,1079,1133,1133],"floor_reached":44,"playtime":6136,"items_purged":[],"score":499,"play_id":"b94ff1cb-a17d-40dd-9106-b09940cd6a5c","local_time":"20190909213634","is_ascension_mode":false,"campfire_choices":[{"floor":6,"key":"REST"},{"floor":15,"key":"REST"},{"floor":23,"key":"REST"},{"floor":25,"key":"REST"},{"floor":32,"key":"REST"},{"data":"Defragment","floor":40,"key":"SMITH"}],"neow_cost":"NONE","seed_source_timestamp":21739368522094,"circlet_count":0,"master_deck":["Strike_B+1","Strike_B","Strike_B","Strike_B","Defend_B","Defend_B","Defend_B","Defend_B","Zap","Dualcast","Redo","Gash","Redo","Glacier","Capacitor","Reinforced Body+1","Undo+1","Reboot+1","Undo+1","Defragment+1","Redo+1","Auto Shields+1","Go for the Eyes","Loop","Redo+1","Capacitor","Gash","Consume+1","Barrage+1","Auto Shields+1","Glacier+1","Conserve Battery+1","Turbo+1","Echo Form","Ball Lightning","Normality","Normality","Skim+1","Steam+1","Core Surge+1","Glacier+1","Mayhem"],"relics":["Cracked Core","Ancient Tea Set","Matryoshka","Toxic Egg 2","Kunai","Meat on the Bone","Orrery","ClockworkSouvenir","Juzu Bracelet","Dodecahedron","Oddly Smooth Stone","Enchiridion","Runic Pyramid","Whetstone"],"potions_floor_usage":[16,29],"damage_taken":[{"damage":16,"enemies":"Jaw Worm","floor":1,"turns":7},{"damage":6,"enemies":"Cultist","floor":2,"turns":5},{"damage":4,"enemies":"2 Louse","floor":5,"turns":4},{"damage":10,"enemies":"2 Fungi Beasts","floor":13,"turns":3},{"damage":31,"enemies":"Lagavulin","floor":14,"turns":11},{"damage":52,"enemies":"Slime Boss","floor":16,"turns":22},{"damage":9,"enemies":"Chosen","floor":18,"turns":11},{"damage":7,"enemies":"Shell Parasite","floor":19,"turns":13},{"damage":11,"enemies":"Cultist and Chosen","floor":22,"turns":8},{"damage":38,"enemies":"Book of Stabbing","floor":24,"turns":8},{"damage":5,"enemies":"Chosen and Byrds","floor":27,"turns":7},{"damage":0,"enemies":"Centurion and Healer","floor":29,"turns":1},{"damage":22,"enemies":"Snecko","floor":31,"turns":5},{"damage":45,"enemies":"Collector","floor":33,"turns":35},{"damage":6,"enemies":"3 Darklings","floor":35,"turns":9},{"damage":25,"enemies":"3 Shapes","floor":41,"turns":5},{"damage":50,"enemies":"Giant Head","floor":44,"turns":19}],"seed_played":"8840459681231278651","potions_obtained":[{"floor":13,"key":"Weak Potion"},{"floor":18,"key":"Swift Potion"},{"floor":19,"key":"SmokeBomb"},{"floor":35,"key":"Block Potion"}],"is_trial":false,"path_per_floor":["M","M","?","$","M","R","?","?","T","?","?","$","M","E","R","B",null,"M","M","?","$","M","R","E","R","T","M","$","M","?","M","R","B",null,"M","?","$","?","?","R","M","?","T","E"],"character_chosen":"DEFECT","items_purchased":["Redo","Capacitor","Capacitor","Gash","Consume+1","ClockworkSouvenir","Block Potion","Conserve Battery+1","Skim+1","Steam+1","Core Surge"],"campfire_rested":5,"item_purchase_floors":[4,12,21,21,21,21,21,28,37,37,37],"current_hp_per_floor":[59,53,53,53,49,71,76,73,73,62,80,80,70,39,63,23,80,71,64,32,32,33,57,31,55,55,50,50,50,34,24,48,15,80,74,74,74,74,74,74,49,49,49,0],"gold":1133,"neow_bonus":"ONE_RANDOM_RARE_CARD","is_prod":false,"is_daily":false,"chose_seed":false,"campfire_upgraded":1,"win_rate":0.0,"timestamp":1568075794,"path_taken":["M","M","?","$","?","R","?","?","T","?","?","?","M","E","R","BOSS","M","M","?","$","M","R","E","R","T","M","?","M","?","M","R","BOSS","M","?","$","?","?","R","M","?","T","E"],"build_version":"2019-07-17","purchased_purges":0,"victory":false,"max_hp_per_floor":[75,75,75,75,75,75,80,80,80,80,80,80,80,80,80,80,80,80,80,80,80,80,80,80,80,80,80,80,80,80,80,80,80,80,80,80,80,80,80,80,80,80,80,80],"card_choices":[{"not_picked":["Rip and Tear","Beam Cell"],"picked":"Redo","floor":1},{"not_picked":["Conserve Battery","Ball Lightning"],"picked":"Gash","floor":2},{"not_picked":["Leap","Go for the Eyes"],"picked":"Glacier","floor":5},{"not_picked":["Blizzard","Hologram+1"],"picked":"Reinforced Body+1","floor":13},{"not_picked":["Self Repair","All For One"],"picked":"Undo+1","floor":14},{"not_picked":["Hyperbeam","Meteor Strike"],"picked":"Reboot+1","floor":16},{"not_picked":["Go for the Eyes","Stack+1"],"picked":"Undo+1","floor":17},{"not_picked":["Recycle+1","Doom and Gloom"],"picked":"Defragment","floor":17},{"not_picked":["Sweeping Beam","Reprogram+1"],"picked":"Redo+1","floor":17},{"not_picked":["Compile Driver","Stack+1"],"picked":"Auto Shields+1","floor":17},{"not_picked":["Beam Cell","Tempest+1"],"picked":"Go for the Eyes","floor":17},{"not_picked":["Sunder","Compile Driver+1"],"picked":"Loop","floor":18},{"not_picked":["Turbo+1","Beam Cell"],"picked":"Redo+1","floor":19},{"not_picked":["Multi-Cast+1","Gash"],"picked":"Barrage+1","floor":22},{"not_picked":["Darkness+1","Ball Lightning"],"picked":"Auto Shields+1","floor":24},{"not_picked":["Streamline+1","Double Energy+1"],"picked":"Glacier+1","floor":27},{"not_picked":["Steam Power+1","All For One"],"picked":"Turbo+1","floor":31},{"not_picked":["Seek+1","Multi-Cast+1"],"picked":"Echo Form","floor":33},{"not_picked":["Scrape+1","Self Repair"],"picked":"Ball Lightning","floor":35},{"not_picked":["Barrage+1","Aggregate+1"],"picked":"Glacier+1","floor":41},{"not_picked":["PanicButton+1","HandOfGreed"],"picked":"Mayhem","floor":42}],"player_experience":50476,"relics_obtained":[{"floor":9,"key":"Toxic Egg 2"},{"floor":9,"key":"Kunai"},{"floor":14,"key":"Meat on the Bone"},{"floor":24,"key":"Juzu Bracelet"},{"floor":26,"key":"Dodecahedron"},{"floor":26,"key":"Oddly Smooth Stone"},{"floor":30,"key":"Enchiridion"},{"floor":43,"key":"Whetstone"}],"event_choices":[{"cards_removed":["Creative AI"],"damage_healed":0,"gold_gain":0,"player_choice":"Gave Card","damage_taken":0,"relics_obtained":["Ancient Tea Set"],"max_hp_gain":0,"max_hp_loss":0,"event_name":"WeMeetAgain","floor":3,"gold_loss":0},{"damage_healed":0,"gold_gain":0,"player_choice":"Donut","damage_taken":0,"max_hp_gain":5,"max_hp_loss":0,"event_name":"Big Fish","floor":7,"gold_loss":0},{"damage_healed":0,"gold_gain":0,"player_choice":"Success","damage_taken":3,"relics_obtained":["Matryoshka"],"max_hp_gain":0,"max_hp_loss":0,"event_name":"Scrap Ooze","floor":8,"gold_loss":0},{"damage_healed":0,"gold_gain":75,"player_choice":"Gather Gold","damage_taken":11,"max_hp_gain":0,"max_hp_loss":0,"event_name":"World of Goop","floor":10,"gold_loss":0},{"damage_healed":20,"gold_gain":0,"player_choice":"Healed","damage_taken":0,"max_hp_gain":0,"max_hp_loss":0,"event_name":"The Cleric","floor":11,"gold_loss":35},{"damage_healed":0,"gold_gain":270,"player_choice":"GOLD GOLD GOLD ","damage_taken":32,"max_hp_gain":0,"max_hp_loss":0,"event_name":"Knowing Skull","floor":20,"potions_obtained":[],"gold_loss":0,"cards_obtained":[]},{"damage_healed":0,"gold_gain":0,"player_choice":"Obtained Book","damage_taken":16,"max_hp_gain":0,"max_hp_loss":0,"event_name":"Cursed Tome","floor":30,"gold_loss":0},{"damage_healed":0,"gold_gain":999,"player_choice":"Gold","damage_taken":0,"max_hp_gain":0,"max_hp_loss":0,"event_name":"MindBloom","floor":36,"gold_loss":0,"cards_obtained":["Normality","Normality"]},{"damage_healed":0,"gold_gain":0,"player_choice":"Ignored","damage_taken":0,"max_hp_gain":0,"max_hp_loss":0,"event_name":"Mysterious Sphere","floor":38,"gold_loss":0},{"damage_healed":0,"gold_gain":100,"player_choice":"Pray","damage_taken":0,"max_hp_gain":0,"max_hp_loss":0,"event_name":"Golden Shrine","floor":39,"gold_loss":0},{"damage_healed":0,"gold_gain":0,"player_choice":"Memory 1","damage_taken":0,"max_hp_gain":0,"max_hp_loss":0,"event_name":"SensoryStone","floor":42,"gold_loss":0}],"is_beta":false,"boss_relics":[{"not_picked":["Ectoplasm","Eternal Feather"],"picked":"Orrery"},{"not_picked":["Tiny House","Sozu"],"picked":"Runic Pyramid"}],"items_purged_floors":[],"is_endless":false,"potions_floor_spawned":[13,18,19,27,29,35,41],"killed_by":"Giant Head","ascension_level":0}