{"gold_per_floor":[115,129,204,44,63,93,44,44,44,121,121,121,200,227,227,1062,1062,1077,310,328,328],"floor_reached":21,"playtime":1529,"items_purged":["theDuelist:BasicInsect"],"score":239,"play_id":"952a530b-c46f-4d26-b831-5efff9f614e5","local_time":"20190311073418","is_ascension_mode":false,"campfire_choices":[{"data":"theDuelist:OjamaGreen","floor":8,"key":"SMITH"},{"data":"theDuelist:Ojamagic","floor":11,"key":"SMITH"},{"data":"theDuelist:OjamaYellow","floor":15,"key":"SMITH"}],"neow_cost":"NONE","seed_source_timestamp":637742749217127,"circlet_count":0,"master_deck":["theDuelist:SevenColoredFish","theDuelist:SevenColoredFish","theDuelist:CastleWalls","theDuelist:CastleWalls","theDuelist:GiantSoldier","theDuelist:GiantSoldier","theDuelist:Ookazi","theDuelist:Ookazi","theDuelist:ScrapFactory","theDuelist:SummonedSkull","theDuelist:BlacklandFireDragon","theDuelist:OjamaGreen+1","theDuelist:RedEyesZombie","theDuelist:LabyrinthWall","theDuelist:JamBreeding","theDuelist:TimeWizard","theDuelist:RevivalJam","theDuelist:Ojamagic+1","theDuelist:TimeWizard","theDuelist:OjamaYellow+1","theDuelist:WingedDragonRa","theDuelist:DragonCaptureJar","theDuelist:Gandora","theDuelist:HarpieFeather","theDuelist:PredaplantChlamydosundew","theDuelist:SnowdustDragon","theDuelist:RedEyes","theDuelist:IslandTurtle"],"relics":["theDuelist:MillenniumPuzzle","NeowsBlessing","Ancient Tea Set","theDuelist:MillenniumCoin","Strawberry","Orrery","ClockworkSouvenir","Dream Catcher"],"potions_floor_usage":[6,16,18,20,20,20],"damage_taken":[{"damage":0,"enemies":"Cultist","floor":1,"turns":1},{"damage":0,"enemies":"Small Slimes","floor":2,"turns":1},{"damage":0,"enemies":"2 Louse","floor":5,"turns":1},{"damage":6,"enemies":"Gremlin Nob","floor":6,"turns":4},{"damage":14,"enemies":"Lagavulin","floor":10,"turns":7},{"damage":10,"enemies":"Lots of Slimes","floor":13,"turns":6},{"damage":6,"enemies":"Red Slaver","floor":14,"turns":4},{"damage":37,"enemies":"Hexaghost","floor":16,"turns":7},{"damage":57,"enemies":"2 Thieves","floor":18,"turns":5},{"damage":12,"enemies":"Shell Parasite","floor":20,"turns":3},{"damage":36,"enemies":"Colosseum Slavers","floor":21,"turns":5}],"seed_played":"-7997267159196746426","potions_obtained":[{"floor":1,"key":"Block Potion"},{"floor":5,"key":"Regen Potion"},{"floor":14,"key":"theDuelist:SealedPackB"},{"floor":18,"key":"theDuelist:MillenniumElixir"}],"is_trial":false,"path_per_floor":["M","M","?","$","M","E","$","R","T","E","R","?","M","M","R","B",null,"M","$","M","?"],"character_chosen":"THE_DUELIST","items_purchased":["theDuelist:RedEyesZombie","theDuelist:LabyrinthWall","theDuelist:JamBreeding","theDuelist:RevivalJam","theDuelist:SnowdustDragon","theDuelist:RedEyes","theDuelist:IslandTurtle","ClockworkSouvenir","Dream Catcher","Fire Potion","SpeedPotion","Fire Potion"],"campfire_rested":0,"item_purchase_floors":[4,4,4,7,19,19,19,19,19,19,19,19],"current_hp_per_floor":[80,80,69,69,69,63,63,63,63,70,70,75,75,69,69,42,92,47,47,35,0],"gold":328,"neow_bonus":"THREE_ENEMY_KILL","is_prod":false,"is_daily":false,"chose_seed":false,"campfire_upgraded":3,"win_rate":0.0,"timestamp":1552307658,"path_taken":["M","M","?","$","M","E","$","R","T","E","R","?","M","M","R","BOSS","M","$","M","?"],"build_version":"2019-02-06","purchased_purges":1,"victory":false,"max_hp_per_floor":[80,80,80,80,80,80,80,80,80,87,87,92,92,92,92,92,92,92,92,92,92],"card_choices":[{"not_picked":["theDuelist:DragonCaptureJar","theDuelist:DianKeto"],"picked":"theDuelist:BlacklandFireDragon","floor":1},{"not_picked":["theDuelist:SuperSolarNutrient","theDuelist:GeminiElf"],"picked":"theDuelist:OjamaGreen","floor":2},{"not_picked":["theDuelist:ExodiaRL","theDuelist:TokenVacuum"],"picked":"theDuelist:BasicInsect","floor":5},{"not_picked":["theDuelist:SuperancientDinobeast","theDuelist:SuperheavyBenkei"],"picked":"theDuelist:TimeWizard","floor":6},{"not_picked":["theDuelist:SuperheavyMagnet","theDuelist:RevivalJam"],"picked":"theDuelist:Ojamagic","floor":10},{"not_picked":["theDuelist:BetaMagnet","theDuelist:BusterBlader"],"picked":"theDuelist:TimeWizard","floor":13},{"not_picked":["theDuelist:StormingMirrorForce","theDuelist:CurseDragon"],"picked":"theDuelist:OjamaYellow","floor":14},{"not_picked":["theDuelist:Scapegoat","theDuelist:MonsterReborn"],"picked":"theDuelist:WingedDragonRa","floor":16},{"not_picked":["theDuelist:Jinzo","theDuelist:AlphaMagnet"],"picked":"theDuelist:DragonCaptureJar","floor":17},{"not_picked":["theDuelist:ManEaterBug","theDuelist:BasicInsect"],"picked":"theDuelist:Gandora","floor":17},{"not_picked":["theDuelist:InjectionFairy","theDuelist:CastleDarkIllusions"],"picked":"theDuelist:HarpieFeather","floor":17},{"not_picked":["theDuelist:GravityAxe","theDuelist:LordD"],"picked":"theDuelist:PredaplantChlamydosundew","floor":17},{"not_picked":["theDuelist:Predaponics","theDuelist:SuperheavySwordsman","theDuelist:CheerfulCoffin+1"],"picked":"SKIP","floor":18},{"not_picked":["theDuelist:ExodiaRA","theDuelist:ManEaterBug","theDuelist:PredaplantDrosophyllum+1"],"picked":"SKIP","floor":20}],"player_experience":518091,"relics_obtained":[{"floor":6,"key":"Ancient Tea Set"},{"floor":9,"key":"theDuelist:MillenniumCoin"},{"floor":10,"key":"Strawberry"}],"event_choices":[{"damage_healed":0,"gold_gain":75,"player_choice":"Gather Gold","damage_taken":11,"max_hp_gain":0,"max_hp_loss":0,"event_name":"World of Goop","floor":3,"gold_loss":0},{"damage_healed":0,"gold_gain":0,"player_choice":"Donut","damage_taken":0,"max_hp_gain":5,"max_hp_loss":0,"event_name":"Big Fish","floor":12,"gold_loss":0},{"damage_healed":0,"gold_gain":0,"player_choice":"Fight","damage_taken":0,"max_hp_gain":0,"max_hp_loss":0,"event_name":"Colosseum","floor":21,"gold_loss":0}],"is_beta":true,"boss_relics":[{"not_picked":["White Beast Statue","Busted Crown"],"picked":"Orrery"}],"items_purged_floors":[19],"is_endless":false,"potions_floor_spawned":[1,5,14,18],"killed_by":"Colosseum Slavers","ascension_level":0}