{"gold_per_floor":[113,124,52,63,63,63,95,108,108,108,39,4,18,31,31,135,135,155,0,0,17,17],"floor_reached":22,"playtime":1526,"items_purged":[],"score":188,"play_id":"baa8d0da-2752-4392-b880-17fbc75bc761","local_time":"20190909054931","is_ascension_mode":false,"campfire_choices":[{"floor":6,"key":"REST"},{"floor":10,"key":"REST"},{"floor":15,"key":"REST"}],"neow_cost":"NONE","seed_source_timestamp":52963739907171,"circlet_count":0,"master_deck":["Strike_B","Strike_B","Strike_B","Strike_B","Defend_B","Defend_B","Defend_B","Defend_B","Zap","Dualcast","Sweeping Beam","Coolheaded","Static Discharge","Blizzard","Electrodynamics","Streamline","Tempest","Auto Shields","FTL","Creative AI","Auto Shields+1","Defragment"],"relics":["Cracked Core","NeowsBlessing","Gambling Chip","Shuriken","Fusion Hammer","Meat on the Bone"],"potions_floor_usage":[],"damage_taken":[{"damage":0,"enemies":"2 Louse","floor":1,"turns":1},{"damage":0,"enemies":"Small Slimes","floor":2,"turns":1},{"damage":0,"enemies":"Jaw Worm","floor":4,"turns":1},{"damage":14,"enemies":"Gremlin Gang","floor":5,"turns":6},{"damage":35,"enemies":"Gremlin Nob","floor":7,"turns":5},{"damage":7,"enemies":"Exordium Wildlife","floor":8,"turns":3},{"damage":9,"enemies":"Blue Slaver","floor":13,"turns":4},{"damage":14,"enemies":"Large Slime","floor":14,"turns":7},{"damage":44,"enemies":"Slime Boss","floor":16,"turns":7},{"damage":33,"enemies":"Spheric Guardian","floor":18,"turns":6},{"damage":19,"enemies":"2 Thieves","floor":21,"turns":4},{"damage":41,"enemies":"Shelled Parasite and Fungi","floor":22,"turns":7}],"seed_played":"1148305101937816396","potions_obtained":[{"floor":1,"key":"Energy Potion"},{"floor":8,"key":"Poison Potion"},{"floor":14,"key":"Strength Potion"}],"is_trial":false,"path_per_floor":["M","M","$","M","M","R","E","M","T","R","$","?","M","M","R","B",null,"M","?","T","M","M"],"character_chosen":"DEFECT","items_purchased":["Static Discharge","Tempest"],"campfire_rested":3,"item_purchase_floors":[3,11],"current_hp_per_floor":[75,75,75,75,61,75,40,33,33,55,55,73,64,50,72,28,75,42,42,42,35,0],"gold":17,"neow_bonus":"THREE_ENEMY_KILL","is_prod":false,"is_daily":false,"chose_seed":false,"campfire_upgraded":0,"win_rate":0.0,"timestamp":1568018971,"path_taken":["M","M","$","M","M","R","E","M","T","R","$","?","M","M","R","BOSS","M","?","?","?","M"],"build_version":"2019-07-17","purchased_purges":0,"victory":false,"max_hp_per_floor":[75,75,75,75,75,75,75,75,75,75,75,75,75,75,75,75,75,75,75,75,75,75],"card_choices":[{"not_picked":["Steam Power","Rebound"],"picked":"Sweeping Beam","floor":1},{"not_picked":["Conserve Battery","Steam"],"picked":"Coolheaded","floor":2},{"not_picked":["Sweeping Beam","Barrage"],"picked":"Blizzard","floor":4},{"not_picked":["Blizzard","Redo","Doom and Gloom"],"picked":"SKIP","floor":5},{"not_picked":["Go for the Eyes","Rebound"],"picked":"Electrodynamics","floor":7},{"not_picked":["Steam","Heatsinks"],"picked":"Streamline","floor":8},{"not_picked":["White Noise","Stack"],"picked":"Auto Shields","floor":13},{"not_picked":["Leap","Blizzard"],"picked":"FTL","floor":14},{"not_picked":["Multi-Cast","Meteor Strike"],"picked":"Creative AI","floor":16},{"not_picked":["Ball Lightning+1","Conserve Battery"],"picked":"Auto Shields+1","floor":18},{"not_picked":["Barrage","Cold Snap+1"],"picked":"Defragment","floor":21}],"player_experience":33305,"relics_obtained":[{"floor":7,"key":"Gambling Chip"},{"floor":9,"key":"Shuriken"},{"floor":20,"key":"Meat on the Bone"}],"event_choices":[{"damage_healed":18,"gold_gain":0,"player_choice":"Healed","damage_taken":0,"max_hp_gain":0,"max_hp_loss":0,"event_name":"The Cleric","floor":12,"gold_loss":35},{"damage_healed":0,"gold_gain":0,"player_choice":"Paid Fearfully","damage_taken":0,"max_hp_gain":0,"max_hp_loss":0,"event_name":"Masked Bandits","floor":19,"gold_loss":155}],"is_beta":false,"boss_relics":[{"not_picked":["Cursed Key","Coffee Dripper"],"picked":"Fusion Hammer"}],"items_purged_floors":[],"is_endless":false,"potions_floor_spawned":[1,8,14,16,21],"killed_by":"Shelled Parasite and Fungi","ascension_level":0}