{"gold_per_floor":[117,117,117,137,137,137,162,162,162,180,180,105,105,125,125,251,251,274,373,396,419,163,163,163,163,163,187,210,231,275,288,288,407,407,430,430,478,491,491,529,529,543,543,557,578,426,442,463,463,463,463,463,93,132,132],"floor_reached":56,"playtime":1372,"items_purged":["Zap+1","Beam Cell"],"score":1676,"play_id":"4b8d04de-c85e-4dbd-a367-7b6f477a61c8","local_time":"20190329232232","is_ascension_mode":false,"campfire_choices":[{"floor":6,"key":"RECALL"},{"data":"Gash","floor":8,"key":"SMITH"},{"floor":11,"key":"REST"},{"floor":15,"key":"REST"},{"floor":23,"key":"REST"},{"floor":32,"key":"REST"},{"floor":41,"key":"REST"},{"floor":49,"key":"REST"},{"floor":52,"key":"REST"}],"neow_cost":"NONE","seed_source_timestamp":0,"circlet_count":0,"master_deck":["Gash+1"],"relics":["Pandora\u0027s Box","Unceasing Top","Blood Vial","Shuriken","Golden Idol","Nuclear Battery","Medical Kit","Strawberry","Runic Dome","Ancient Tea Set","Omamori","Centennial Puzzle","DataDisk","HandDrill","Whetstone"],"potions_floor_usage":[25,25,38,50,54,55,55],"damage_taken":[{"damage":11,"enemies":"2 Louse","floor":1,"turns":3},{"damage":6,"enemies":"Cultist","floor":4,"turns":3},{"damage":0,"enemies":"Gremlin Nob","floor":7,"turns":1},{"damage":0,"enemies":"Small Slimes","floor":10,"turns":1},{"damage":0,"enemies":"3 Louse","floor":14,"turns":1},{"damage":0,"enemies":"Hexaghost","floor":16,"turns":1},{"damage":0,"enemies":"Chosen","floor":18,"turns":1},{"damage":0,"enemies":"Spheric Guardian","floor":20,"turns":1},{"damage":0,"enemies":"Centurion and Healer","floor":21,"turns":1},{"damage":0,"enemies":"Chosen and Byrds","floor":27,"turns":1},{"damage":0,"enemies":"Snake Plant","floor":28,"turns":1},{"damage":0,"enemies":"Snecko","floor":29,"turns":1},{"damage":0,"enemies":"Slavers","floor":30,"turns":1},{"damage":0,"enemies":"Sentry and Sphere","floor":31,"turns":1},{"damage":0,"enemies":"Automaton","floor":33,"turns":1},{"damage":9,"enemies":"3 Shapes","floor":35,"turns":1},{"damage":0,"enemies":"Orb Walker","floor":38,"turns":1},{"damage":0,"enemies":"Reptomancer","floor":40,"turns":1},{"damage":0,"enemies":"Transient","floor":42,"turns":1},{"damage":6,"enemies":"4 Shapes","floor":44,"turns":1},{"damage":0,"enemies":"Writhing Mass","floor":45,"turns":1},{"damage":9,"enemies":"Sphere and 2 Shapes","floor":47,"turns":1},{"damage":0,"enemies":"Jaw Worm Horde","floor":48,"turns":1},{"damage":0,"enemies":"Donu and Deca","floor":50,"turns":1},{"damage":0,"enemies":"Shield and Spear","floor":54,"turns":1},{"damage":89,"enemies":"The Heart","floor":55,"turns":3}],"seed_played":"14385","potions_obtained":[{"floor":7,"key":"SpeedPotion"},{"floor":10,"key":"Poison Potion"},{"floor":21,"key":"Weak Potion"},{"floor":28,"key":"Explosive Potion"},{"floor":29,"key":"GamblersBrew"},{"floor":33,"key":"Regen Potion"},{"floor":35,"key":"Explosive Potion"},{"floor":44,"key":"Fire Potion"},{"floor":45,"key":"Weak Potion"},{"floor":48,"key":"SteroidPotion"}],"is_trial":false,"path_per_floor":["M","?","?","M","?","R","E","R","T","M","R","$","?","M","R","B",null,"M","?","M","M","$","R","?","?","T","M","M","M","E","M","R","B",null,"M","?","T","M","?","E","R","M","T","M","M","$","M","M","R","B",null,"R","$","E","B",null],"character_chosen":"DEFECT","items_purchased":["Medical Kit","AttackPotion","DataDisk","HandDrill","SkillPotion","Beam Cell"],"campfire_rested":7,"item_purchase_floors":[22,22,46,53,53,53],"current_hp_per_floor":[64,52,52,46,46,46,46,46,46,48,70,70,52,54,75,75,75,75,75,75,75,75,75,75,1,1,3,5,7,16,18,45,47,92,83,83,83,85,85,87,92,92,92,86,88,88,81,83,92,92,92,92,92,92,3],"gold":132,"neow_bonus":"BOSS_RELIC","is_prod":false,"is_daily":false,"chose_seed":true,"campfire_upgraded":1,"win_rate":0,"timestamp":1553919752,"path_taken":["M","?","?","?","?","R","E","R","T","M","R","$","?","M","R","BOSS","M","?","M","M","$","R","?","?","T","M","M","M","E","?","R","BOSS","M","?","?","M","?","E","R","M","T","?","M","$","M","M","R","BOSS","R","$","E","BOSS"],"build_version":"2019-03-15","purchased_purges":2,"victory":true,"max_hp_per_floor":[75,75,75,75,75,75,75,75,75,75,75,75,75,75,75,75,75,75,75,75,75,75,75,75,85,85,85,85,85,92,92,92,92,92,92,92,92,92,92,92,92,92,92,92,92,92,92,92,92,92,92,92,92,92,92],"card_choices":[{"not_picked":["Sweeping Beam","Beam Cell","Compile Driver"],"picked":"SKIP","floor":1},{"not_picked":["Glacier","Hologram","Blizzard"],"picked":"SKIP","floor":4},{"not_picked":["Sweeping Beam","Undo"],"picked":"Gash","floor":7},{"not_picked":["Auto Shields","Ball Lightning","Streamline"],"picked":"SKIP","floor":10},{"not_picked":["Redo","Coolheaded","Force Field"],"picked":"SKIP","floor":14},{"not_picked":["Reprogram","White Noise","Hologram"],"picked":"SKIP","floor":18},{"not_picked":["Recycle","Lockon","Conserve Battery"],"picked":"SKIP","floor":20},{"not_picked":["Coolheaded","Chaos","Melter"],"picked":"SKIP","floor":21},{"not_picked":["Leap+1","Steam Power","Coolheaded"],"picked":"SKIP","floor":27},{"not_picked":["Redo","Static Discharge","Capacitor+1"],"picked":"SKIP","floor":28},{"not_picked":["Ball Lightning","Barrage","Consume"],"picked":"SKIP","floor":29},{"not_picked":["Tempest","Seek","Blizzard"],"picked":"SKIP","floor":30},{"not_picked":["Rebound","Turbo","Steam Power"],"picked":"SKIP","floor":31},{"not_picked":["Gash","Tempest","Conserve Battery+1"],"picked":"SKIP","floor":35},{"not_picked":["Turbo","Coolheaded","Seek"],"picked":"SKIP","floor":38},{"not_picked":["Aggregate","Static Discharge","Ball Lightning"],"picked":"SKIP","floor":40},{"not_picked":["Ball Lightning","Beam Cell+1","Double Energy+1"],"picked":"SKIP","floor":42},{"not_picked":["Beam Cell","Steam+1","Defragment"],"picked":"SKIP","floor":44},{"not_picked":["Rip and Tear","Coolheaded","Sunder"],"picked":"SKIP","floor":45},{"not_picked":["Coolheaded","Cold Snap","Redo"],"picked":"SKIP","floor":47},{"not_picked":["Scrape+1","Turbo+1","BootSequence"],"picked":"SKIP","floor":48},{"not_picked":["Go for the Eyes+1","Lockon","Sunder"],"picked":"SKIP","floor":54}],"player_experience":478382,"relics_obtained":[{"floor":7,"key":"Blood Vial"},{"floor":9,"key":"Shuriken"},{"floor":30,"key":"Strawberry"},{"floor":37,"key":"Ancient Tea Set"},{"floor":40,"key":"Omamori"},{"floor":43,"key":"Centennial Puzzle"},{"floor":54,"key":"Whetstone"}],"event_choices":[{"damage_healed":0,"gold_gain":0,"player_choice":"Success","damage_taken":12,"relics_obtained":["Unceasing Top"],"max_hp_gain":0,"max_hp_loss":0,"event_name":"Scrap Ooze","floor":2,"gold_loss":0},{"cards_removed":["Dualcast"],"damage_healed":0,"gold_gain":0,"player_choice":"Card Removal","damage_taken":0,"max_hp_gain":0,"max_hp_loss":0,"event_name":"Wheel of Change","floor":3,"gold_loss":0},{"damage_healed":0,"gold_gain":0,"player_choice":"Grow","damage_taken":0,"max_hp_gain":0,"max_hp_loss":0,"event_name":"Living Wall","floor":5,"gold_loss":0,"cards_upgraded":["Zap"]},{"damage_healed":0,"gold_gain":0,"player_choice":"Take Damage","damage_taken":18,"relics_obtained":["Golden Idol"],"max_hp_gain":0,"max_hp_loss":0,"event_name":"Golden Idol","floor":13,"gold_loss":0},{"damage_healed":0,"gold_gain":99,"player_choice":"Stole From Cult","damage_taken":0,"max_hp_gain":0,"max_hp_loss":0,"event_name":"Nest","floor":19,"gold_loss":0},{"damage_healed":0,"gold_gain":0,"player_choice":"Simplicity","damage_taken":0,"max_hp_gain":0,"max_hp_loss":0,"event_name":"Back to Basics","floor":24,"gold_loss":0,"cards_upgraded":[]},{"damage_healed":0,"gold_gain":0,"player_choice":"POTION POTION POTION POTION POTION POTION POTION POTION POTION POTION POTION ","damage_taken":84,"max_hp_gain":0,"max_hp_loss":0,"event_name":"Knowing Skull","floor":25,"potions_obtained":["Strength Potion","PowerPotion","Swift Potion","Explosive Potion","Fruit Juice","Fruit Juice","SneckoOil","Poison Potion","Dexterity Potion","SteroidPotion","Block Potion"],"gold_loss":0,"cards_obtained":[]},{"damage_healed":0,"gold_gain":0,"player_choice":"Memory 1","damage_taken":0,"max_hp_gain":0,"max_hp_loss":0,"event_name":"SensoryStone","floor":36,"gold_loss":0},{"damage_healed":0,"gold_gain":0,"player_choice":"Ignored","damage_taken":0,"max_hp_gain":0,"max_hp_loss":0,"event_name":"Tomb of Lord Red Mask","floor":39,"gold_loss":0}],"is_beta":true,"boss_relics":[{"not_picked":["Velvet Choker","Tiny House"],"picked":"Nuclear Battery"},{"not_picked":["Cursed Key","Philosopher\u0027s Stone"],"picked":"Runic Dome"}],"items_purged_floors":[12,53],"is_endless":false,"potions_floor_spawned":[7,10,21,28,29,33,35,44,45,48],"ascension_level":0}