{"gold_per_floor":[359,359,371,296,296,296,314,337,337,337,19,19,43,58,58,187,187,200,200,22,36,61,100,100,120,120,120,138,138,156,1,1,131,131,149,165,33,133,157,488,504,7,7,7,27,27,70,91,91,91,91,91,29,69,69],"floor_reached":55,"playtime":2032,"items_purged":["Strike_B","Defend_B"],"score":771,"play_id":"e5d9bc26-8b45-4c33-a679-fdbc93186a04","local_time":"20181201155342","is_ascension_mode":false,"campfire_choices":[{"data":"Sweeping Beam","floor":6,"key":"SMITH"},{"data":"Zap","floor":10,"key":"SMITH"},{"data":"Conserve Battery","floor":15,"key":"SMITH"},{"data":"Conserve Battery","floor":24,"key":"SMITH"},{"data":"Biased Cognition","floor":27,"key":"SMITH"},{"data":"Lockon","floor":32,"key":"SMITH"},{"floor":44,"key":"REST"},{"floor":49,"key":"RECALL"},{"data":"Amplify","floor":52,"key":"SMITH"}],"neow_cost":"TEN_PERCENT_HP_LOSS","seed_source_timestamp":1353897959386404,"circlet_count":0,"master_deck":["Strike_B","Defend_B","Defend_B","Zap+1","Dualcast","Conserve Battery+1","Sweeping Beam+1","Leap","Rip and Tear","Capacitor","Ball Lightning","Ball Lightning","Biased Cognition+1","Skim+1","Genetic Algorithm+1","Turbo+1","Loop","Self Repair+1","Conserve Battery+1","Go for the Eyes+1","Self Repair+1","Defragment+1","Lockon+1","Storm+1","Storm+1","Leap","Amplify+1","Injury","Coolheaded","Force Field","Loop+1","Hello World+1","Hologram","Creative AI+1","Finesse","Capacitor+1","Go for the Eyes+1","Parasite","Undo","Consume+1"],"relics":["Cracked Core","Golden Idol","Omamori","Astrolabe","Frozen Egg 2","Strawberry","Regal Pillow","Calling Bell","Thread and Needle","Lantern","The Courier","Old Coin","Runic Capacitor","Cables","Question Card","Blood Vial"],"potions_floor_usage":[16,16,18,21,22,23,30,33,40,41,50,50,54,55],"damage_taken":[{"damage":2,"enemies":"Small Slimes","floor":1,"turns":3},{"damage":0,"enemies":"Cultist","floor":3,"turns":3},{"damage":1,"enemies":"Jaw Worm","floor":7,"turns":3},{"damage":14,"enemies":"Large Slime","floor":8,"turns":7},{"damage":0,"enemies":"2 Fungi Beasts","floor":13,"turns":2},{"damage":3,"enemies":"Blue Slaver","floor":14,"turns":2},{"damage":10,"enemies":"The Guardian","floor":16,"turns":7},{"damage":1,"enemies":"3 Byrds","floor":18,"turns":3},{"damage":20,"enemies":"2 Thieves","floor":21,"turns":3},{"damage":26,"enemies":"Cultist and Chosen","floor":22,"turns":6},{"damage":19,"enemies":"Book of Stabbing","floor":23,"turns":6},{"damage":12,"enemies":"Shelled Parasite and Fungi","floor":25,"turns":5},{"damage":14,"enemies":"Centurion and Healer","floor":28,"turns":6},{"damage":20,"enemies":"Sentry and Sphere","floor":30,"turns":5},{"damage":18,"enemies":"Champ","floor":33,"turns":6},{"damage":6,"enemies":"Orb Walker","floor":35,"turns":3},{"damage":0,"enemies":"3 Shapes","floor":36,"turns":3},{"damage":0,"enemies":"Spire Growth","floor":39,"turns":3},{"damage":50,"enemies":"Nemesis","floor":40,"turns":3},{"damage":25,"enemies":"Sphere and 2 Shapes","floor":41,"turns":6},{"damage":20,"enemies":"Jaw Worm Horde","floor":45,"turns":3},{"damage":32,"enemies":"Reptomancer","floor":47,"turns":3},{"damage":19,"enemies":"Writhing Mass","floor":48,"turns":4},{"damage":25,"enemies":"Time Eater","floor":50,"turns":7},{"damage":62,"enemies":"Shield and Spear","floor":54,"turns":4},{"damage":50,"enemies":"The Heart","floor":55,"turns":3}],"seed_played":"3099712689847689631","potions_obtained":[{"floor":8,"key":"Fire Potion"},{"floor":14,"key":"Swift Potion"},{"floor":16,"key":"SkillPotion"},{"floor":21,"key":"SpeedPotion"},{"floor":28,"key":"LiquidBronze"},{"floor":30,"key":"EssenceOfSteel"},{"floor":33,"key":"FocusPotion"},{"floor":40,"key":"SteroidPotion"},{"floor":41,"key":"Strength Potion"},{"floor":46,"key":"Regen Potion"},{"floor":46,"key":"Swift Potion"}],"is_trial":false,"path_per_floor":["M","?","M","$","?","R","M","M","T","R","$","?","M","M","R","B",null,"M","?","$","M","M","E","R","M","T","R","M","?","M","$","R","B",null,"M","M","$","?","M","E","M","$","T","R","M","?","E","M","R","B",null,"R","$","E","B"],"character_chosen":"DEFECT","items_purchased":["Rip and Tear","Capacitor","FocusPotion","Self Repair+1","Conserve Battery","FocusPotion","Storm+1","Ancient Potion","Leap","Force Field","Loop+1","Energy Potion","Runic Capacitor","Cables","Finesse","Capacitor+1","FocusPotion"],"campfire_rested":1,"item_purchase_floors":[11,11,11,20,20,20,31,31,31,37,37,37,42,42,42,42,53],"current_hp_per_floor":[66,66,66,66,49,49,48,34,34,34,34,34,34,31,31,21,68,67,67,67,57,41,39,39,47,47,47,53,53,53,53,53,55,75,75,75,75,75,75,45,40,40,40,75,65,65,33,34,34,9,75,75,75,23,0],"gold":69,"neow_bonus":"TWO_FIFTY_GOLD","is_prod":false,"is_daily":false,"chose_seed":false,"campfire_upgraded":7,"win_rate":0,"timestamp":1543701222,"path_taken":["M","?","M","?","?","R","M","M","T","R","$","?","M","M","R","BOSS","M","?","$","M","M","E","R","M","T","R","M","?","M","$","R","BOSS","M","M","$","?","M","E","M","?","T","R","M","?","E","?","R","BOSS","R","$","E","BOSS"],"build_version":"2018-11-15","purchased_purges":2,"victory":false,"max_hp_per_floor":[68,68,68,68,68,68,68,68,68,68,68,68,68,68,68,68,68,68,68,68,68,68,75,75,75,75,75,75,75,75,75,75,75,75,75,75,75,75,75,75,75,75,75,75,75,75,75,75,75,75,75,75,75,75,75],"card_choices":[{"not_picked":["Compile Driver","Steam"],"picked":"Hologram","floor":1},{"not_picked":["Turbo","Skim"],"picked":"Sweeping Beam","floor":3},{"not_picked":["Gash","Chaos","Consume"],"picked":"SKIP","floor":7},{"not_picked":["Loop","Chaos"],"picked":"Leap","floor":8},{"not_picked":["Gash","Hologram"],"picked":"Ball Lightning","floor":13},{"not_picked":["Leap","Turbo"],"picked":"Ball Lightning","floor":14},{"not_picked":["Meteor Strike","Rainbow"],"picked":"Biased Cognition","floor":16},{"not_picked":["Steam+1","Coolheaded"],"picked":"Loop","floor":18},{"not_picked":["Undo","Stack","Blizzard"],"picked":"SKIP","floor":21},{"not_picked":["Sweeping Beam+1","Darkness"],"picked":"Go for the Eyes+1","floor":22},{"not_picked":["Lockon","Chaos"],"picked":"Self Repair+1","floor":23},{"not_picked":["Barrage","Consume+1"],"picked":"Defragment+1","floor":25},{"not_picked":["Stack","Double Energy"],"picked":"Lockon","floor":28},{"not_picked":["Compile Driver","Multi-Cast"],"picked":"Storm+1","floor":30},{"not_picked":["Meteor Strike","Rainbow"],"picked":"Amplify","floor":33},{"not_picked":["Go for the Eyes+1","Steam"],"picked":"Coolheaded","floor":35},{"not_picked":["Darkness","Chaos+1","Stack+1"],"picked":"SKIP","floor":36},{"not_picked":["Cold Snap+1","Turbo"],"picked":"Hello World+1","floor":39},{"not_picked":["Compile Driver+1","Reinforced Body+1"],"picked":"Hologram","floor":40},{"not_picked":["Ball Lightning","Turbo+1"],"picked":"Creative AI+1","floor":41},{"not_picked":["Recycle+1","Steam Power","Leap+1"],"picked":"SKIP","floor":45},{"not_picked":["Skim","Stack"],"picked":"Go for the Eyes+1","floor":47},{"not_picked":["Steam","Streamline","Go for the Eyes"],"picked":"Undo","floor":48},{"not_picked":["Cold Snap","Aggregate+1","Blizzard+1"],"picked":"Consume+1","floor":54}],"player_experience":324238,"relics_obtained":[{"floor":9,"key":"Omamori"},{"floor":23,"key":"Strawberry"},{"floor":26,"key":"Regal Pillow"},{"floor":34,"key":"Thread and Needle"},{"floor":34,"key":"Lantern"},{"floor":34,"key":"The Courier"},{"floor":40,"key":"Old Coin"},{"floor":47,"key":"Question Card"},{"floor":54,"key":"Blood Vial"}],"event_choices":[{"cards_removed":["Hologram"],"damage_healed":0,"gold_gain":0,"player_choice":"Took Card","damage_taken":0,"max_hp_gain":0,"max_hp_loss":0,"event_name":"NoteForYourself","floor":2,"gold_loss":0,"cards_obtained":["Conserve Battery"]},{"damage_healed":0,"gold_gain":0,"player_choice":"Take Damage","damage_taken":17,"relics_obtained":["Golden Idol"],"max_hp_gain":0,"max_hp_loss":0,"event_name":"Golden Idol","floor":5,"gold_loss":0},{"damage_healed":0,"gold_gain":0,"player_choice":"Leave","damage_taken":0,"max_hp_gain":0,"max_hp_loss":0,"event_name":"The Cleric","floor":12,"gold_loss":0},{"damage_healed":0,"gold_gain":0,"player_choice":"Opened","damage_taken":0,"relics_obtained":["Frozen Egg 2"],"max_hp_gain":0,"max_hp_loss":0,"event_name":"The Mausoleum","floor":19,"gold_loss":0},{"damage_healed":0,"gold_gain":0,"player_choice":"Ignored","damage_taken":0,"max_hp_gain":0,"max_hp_loss":0,"event_name":"Ghosts","floor":29,"gold_loss":0},{"damage_healed":0,"gold_gain":100,"player_choice":"Pray","damage_taken":0,"max_hp_gain":0,"max_hp_loss":0,"event_name":"Golden Shrine","floor":38,"gold_loss":0},{"damage_healed":0,"gold_gain":0,"player_choice":"Got Potions","damage_taken":0,"max_hp_gain":0,"max_hp_loss":0,"event_name":"Lab","floor":46,"gold_loss":0}],"is_beta":true,"boss_relics":[{"not_picked":["FrozenCore","Inserter"],"picked":"Astrolabe"},{"not_picked":["Velvet Choker","Nuclear Battery"],"picked":"Calling Bell"}],"items_purged_floors":[4,11],"is_endless":false,"potions_floor_spawned":[8,14,16,21,28,30,33,40,41,45,47],"killed_by":"The Heart","ascension_level":0}