{"gold_per_floor":[112,60,80,94,269,269,302,302,302,316,316],"floor_reached":11,"playtime":1132,"items_purged":[],"score":73,"play_id":"d6953d28-b991-4654-b6ff-df89b0f911ed","local_time":"20190909052349","is_ascension_mode":false,"campfire_choices":[{"floor":6,"key":"REST"},{"floor":8,"key":"REST"}],"neow_cost":"PERCENT_DAMAGE","seed_source_timestamp":51815638814745,"circlet_count":0,"master_deck":["Strike_B","Strike_B","Strike_B","Strike_B","Defend_B","Defend_B","Defend_B","Defend_B","Zap","Dualcast","Multi-Cast","Heatsinks","Coolheaded","White Noise","Force Field","Doubt","Skim","Cold Snap+1"],"relics":["Cracked Core","Bottled Tornado","Molten Egg 2"],"potions_floor_usage":[],"damage_taken":[{"damage":8,"enemies":"Cultist","floor":1,"turns":5},{"damage":10,"enemies":"Jaw Worm","floor":3,"turns":5},{"damage":4,"enemies":"Small Slimes","floor":4,"turns":5},{"damage":14,"enemies":"3 Sentries","floor":7,"turns":9},{"damage":4,"enemies":"Blue Slaver","floor":10,"turns":5},{"damage":82,"enemies":"Gremlin Nob","floor":11,"turns":5}],"seed_played":"7056414852505804626","potions_obtained":[{"floor":1,"key":"LiquidBronze"}],"is_trial":false,"path_per_floor":["M","$","M","M","?","R","E","R","T","M","E"],"character_chosen":"DEFECT","items_purchased":["Coolheaded"],"campfire_rested":2,"item_purchase_floors":[2],"current_hp_per_floor":[46,46,36,32,32,54,40,62,62,58,0],"gold":316,"neow_bonus":"THREE_RARE_CARDS","is_prod":false,"is_daily":false,"chose_seed":false,"campfire_upgraded":0,"win_rate":0.0,"timestamp":1568017429,"path_taken":["M","$","M","M","?","R","E","R","T","M","E"],"build_version":"2019-07-17","purchased_purges":0,"victory":false,"max_hp_per_floor":[75,75,75,75,75,75,75,75,75,75,75],"card_choices":[{"not_picked":["Biased Cognition","Fission"],"picked":"Multi-Cast","floor":0},{"not_picked":["Steam","Gash"],"picked":"Heatsinks","floor":1},{"not_picked":["Rebound","Turbo"],"picked":"White Noise","floor":3},{"not_picked":["Double Energy","Beam Cell"],"picked":"Force Field","floor":4},{"not_picked":["Sweeping Beam","Beam Cell"],"picked":"Skim","floor":7},{"not_picked":["Hologram","Chaos"],"picked":"Cold Snap+1","floor":10}],"player_experience":32173,"relics_obtained":[{"floor":7,"key":"Bottled Tornado"},{"floor":9,"key":"Molten Egg 2"}],"event_choices":[{"damage_healed":0,"gold_gain":175,"player_choice":"AGREE","damage_taken":0,"max_hp_gain":0,"max_hp_loss":0,"event_name":"Liars Game","floor":5,"gold_loss":0,"cards_obtained":["Doubt"]}],"is_beta":false,"boss_relics":[],"items_purged_floors":[],"is_endless":false,"potions_floor_spawned":[1],"killed_by":"Gremlin Nob","ascension_level":0}