{"gold_per_floor":[110,122,137,137,137,137,171,171,171,200,200,212,212,212,212,313,313,332,2,2,20,32,32,32],"floor_reached":24,"playtime":1021,"items_purged":["Strike_P"],"score":214,"play_id":"d42048ef-9a3d-464b-b7ba-e37a8e66cf78","local_time":"20190909194841","is_ascension_mode":true,"campfire_choices":[{"data":"TalkToTheHand","floor":6,"key":"SMITH"},{"data":"WindmillStrike","floor":8,"key":"SMITH"},{"floor":11,"key":"REST"},{"data":"MentalFortress","floor":13,"key":"SMITH"},{"data":"Eruption","floor":15,"key":"SMITH"},{"data":"DevaForm","floor":23,"key":"SMITH"}],"neow_cost":"NONE","seed_source_timestamp":456558766743900,"circlet_count":0,"master_deck":["Strike_P","Strike_P","Strike_P","Defend_P","Defend_P","Defend_P","Defend_P","Eruption+1","Vigilance","WindmillStrike+1","TalkToTheHand+1","MentalFortress+1","Worship","DevaForm+1","JustLucky","WindmillStrike+1","DevaForm+1"],"relics":["PureWater","Omamori","Question Card","Orichalcum","White Beast Statue","Pantograph","SacredBark","Frozen Egg 2"],"potions_floor_usage":[7,10,10,21,22],"damage_taken":[{"damage":5,"enemies":"Small Slimes","floor":1,"turns":4},{"damage":0,"enemies":"2 Louse","floor":2,"turns":4},{"damage":0,"enemies":"Cultist","floor":3,"turns":5},{"damage":35,"enemies":"Lagavulin","floor":7,"turns":8},{"damage":21,"enemies":"3 Sentries","floor":10,"turns":7},{"damage":13,"enemies":"Exordium Thugs","floor":12,"turns":8},{"damage":32,"enemies":"The Guardian","floor":16,"turns":9},{"damage":10,"enemies":"Chosen","floor":18,"turns":7},{"damage":0,"enemies":"3 Byrds","floor":21,"turns":3},{"damage":26,"enemies":"Sentry and Sphere","floor":22,"turns":10},{"damage":18,"enemies":"Gremlin Leader","floor":24,"turns":1}],"seed_played":"-3278304093464012002","potions_obtained":[{"floor":1,"key":"Fire Potion"},{"floor":2,"key":"Explosive Potion"},{"floor":7,"key":"Swift Potion"},{"floor":12,"key":"Explosive Potion"},{"floor":16,"key":"SpeedPotion"},{"floor":18,"key":"EssenceOfSteel"},{"floor":21,"key":"Dexterity Potion"},{"floor":22,"key":"Dexterity Potion"}],"is_trial":false,"path_per_floor":["M","M","M","?","?","R","E","R","T","E","R","M","R","T","R","B",null,"M","$","?","M","M","R","E"],"character_chosen":"WATCHER","items_purchased":["Frozen Egg 2"],"campfire_rested":1,"item_purchase_floors":[19],"current_hp_per_floor":[60,60,60,60,65,65,30,30,30,9,28,15,15,15,15,8,65,55,55,44,44,18,18,0],"gold":32,"neow_bonus":"RANDOM_COMMON_RELIC","is_prod":false,"is_daily":false,"chose_seed":false,"campfire_upgraded":5,"win_rate":0,"timestamp":1568072921,"path_taken":["M","M","M","?","?","R","E","R","T","E","R","?","R","?","R","BOSS","M","$","?","M","M","R","E"],"build_version":"2019-09-09","purchased_purges":1,"victory":false,"max_hp_per_floor":[65,65,65,65,65,65,65,65,65,65,65,65,65,65,65,65,65,65,65,70,70,70,70,70],"card_choices":[{"not_picked":["Fasting","Collect"],"picked":"Prostrate","floor":1},{"not_picked":["FollowUp","FlurryOfBlows"],"picked":"WindmillStrike","floor":2},{"not_picked":["BowlingBash","FlyingSleeves"],"picked":"TalkToTheHand","floor":3},{"not_picked":["EmptyMind","Vengeance","BowlingBash"],"picked":"SKIP","floor":7},{"not_picked":["Scrawl","Evaluate","EmptyBody"],"picked":"MentalFortress","floor":10},{"not_picked":["CutThroughFate","ThirdEye","Consecrate"],"picked":"Worship","floor":12},{"not_picked":["SignatureMove","Unraveling","BattleHymn"],"picked":"DevaForm","floor":16},{"not_picked":["BowlingBash","Consecrate","CleanseEvil"],"picked":"JustLucky","floor":18},{"not_picked":["FollowUp+1","CleanseEvil+1","ClearTheMind"],"picked":"WindmillStrike+1","floor":21},{"not_picked":["Crescendo","EmptyMind+1","PathToVictory"],"picked":"DevaForm+1","floor":22}],"player_experience":1910718,"relics_obtained":[{"floor":7,"key":"Question Card"},{"floor":9,"key":"Orichalcum"},{"floor":10,"key":"White Beast Statue"},{"floor":14,"key":"Pantograph"}],"event_choices":[{"damage_healed":0,"gold_gain":0,"player_choice":"Ignored","damage_taken":0,"max_hp_gain":0,"max_hp_loss":0,"event_name":"Liars Game","floor":4,"gold_loss":0},{"cards_removed":["Prostrate"],"damage_healed":5,"gold_gain":0,"player_choice":"Offered Uncommon","damage_taken":0,"max_hp_gain":0,"max_hp_loss":0,"event_name":"Bonfire Elementals","floor":5,"gold_loss":0},{"damage_healed":0,"gold_gain":0,"player_choice":"Shed Blood","damage_taken":16,"max_hp_gain":5,"max_hp_loss":0,"event_name":"Forgotten Altar","floor":20,"gold_loss":0}],"is_beta":true,"boss_relics":[{"not_picked":["Black Star","Philosopher\u0027s Stone"],"picked":"SacredBark"}],"items_purged_floors":[19],"is_endless":false,"potions_floor_spawned":[1,2,7,12,16,18,21,22],"killed_by":"Gremlin Leader","ascension_level":1}