{"gold_per_floor":[113,128,53,64,64,64,82,82,108,108,142,162,174,201,201,300,300,320,47,65,65,65,97,97,116,116,131,131,6,6,21,21,121,121,133,133,149,149,149,149,17,17,17,31,50,65,65,65,65,65],"floor_reached":50,"playtime":1258,"items_purged":["Parasite","Strike_B","Decay"],"score":547,"play_id":"bb831f05-215d-45b4-a411-41aebb7579e3","local_time":"20181130121719","is_ascension_mode":false,"campfire_choices":[{"floor":6,"key":"DIG"},{"floor":8,"key":"DIG"},{"floor":10,"key":"DIG"},{"floor":15,"key":"DIG"},{"floor":24,"key":"DIG"},{"floor":30,"key":"DIG"},{"floor":32,"key":"DIG"},{"floor":40,"key":"DIG"},{"floor":42,"key":"RECALL"},{"floor":49,"key":"REST"}],"neow_cost":"CURSE","seed_source_timestamp":1255513770164675,"circlet_count":0,"master_deck":["Strike_B","Strike_B","Defend_B","Defend_B","Defend_B","Zap","Dualcast","Conserve Battery","Rebound","Ball Lightning","Rip and Tear","Ball Lightning","Core Surge","Electrodynamics","Barrage","Go for the Eyes","Defragment+1","Shame","Leap","Sweeping Beam","Conserve Battery","Redo+1","Seek","Discovery","Go for the Eyes+1","Finesse","Ball Lightning","Conserve Battery+1","Double Energy+1","Stack+1","BootSequence+1"],"relics":["Cracked Core","Shovel","Art of War","Dream Catcher","PreservedInsect","Bag of Marbles","Vajra","Mercury Hourglass","Meat on the Bone","Sozu","Pen Nib","DataDisk","Emotion Chip","Dodecahedron","Ginger","Regal Pillow","Pantograph","Empty Cage","Mango"],"potions_floor_usage":[16,16,23,33],"damage_taken":[{"damage":6,"enemies":"Jaw Worm","floor":1,"turns":3},{"damage":0,"enemies":"Cultist","floor":2,"turns":4},{"damage":0,"enemies":"2 Louse","floor":4,"turns":1},{"damage":3,"enemies":"Looter","floor":7,"turns":3},{"damage":21,"enemies":"3 Sentries","floor":11,"turns":5},{"damage":2,"enemies":"2 Fungi Beasts","floor":12,"turns":2},{"damage":2,"enemies":"3 Louse","floor":13,"turns":2},{"damage":0,"enemies":"Gremlin Nob","floor":14,"turns":2},{"damage":0,"enemies":"Slime Boss","floor":16,"turns":6},{"damage":2,"enemies":"Chosen","floor":18,"turns":3},{"damage":15,"enemies":"2 Thieves","floor":20,"turns":2},{"damage":8,"enemies":"Gremlin Leader","floor":23,"turns":4},{"damage":8,"enemies":"Snecko","floor":25,"turns":3},{"damage":5,"enemies":"Cultist and Chosen","floor":27,"turns":2},{"damage":0,"enemies":"3 Cultists","floor":31,"turns":2},{"damage":46,"enemies":"Champ","floor":33,"turns":7},{"damage":27,"enemies":"3 Darklings","floor":35,"turns":3},{"damage":17,"enemies":"Orb Walker","floor":37,"turns":3},{"damage":14,"enemies":"Spire Growth","floor":44,"turns":3},{"damage":47,"enemies":"Writhing Mass","floor":45,"turns":5},{"damage":11,"enemies":"Sphere and 2 Shapes","floor":46,"turns":4},{"damage":86,"enemies":"Donu and Deca","floor":50,"turns":6}],"seed_played":"4862341236395566473","potions_obtained":[{"floor":1,"key":"Swift Potion"},{"floor":11,"key":"SkillPotion"},{"floor":12,"key":"SkillPotion"},{"floor":16,"key":"Swift Potion"}],"is_trial":false,"path_per_floor":["M","M","$","M","?","R","M","R","T","R","E","M","M","E","R","B",null,"M","$","M","?","?","E","R","M","T","M","?","$","R","M","R","B",null,"M","?","M","$","?","R","$","R","T","M","M","M","?","$","R","B"],"character_chosen":"DEFECT","items_purchased":["Pen Nib","Go for the Eyes","Finesse","Ball Lightning"],"campfire_rested":1,"item_purchase_floors":[19,19,41,41],"current_hp_per_floor":[69,69,69,69,69,69,66,66,66,66,45,43,41,41,41,48,72,72,72,57,57,57,56,56,55,55,50,50,50,50,50,50,45,72,45,45,40,40,40,54,54,54,54,52,17,18,18,18,58,0],"gold":65,"neow_bonus":"ONE_RARE_RELIC","is_prod":false,"is_daily":false,"chose_seed":false,"campfire_upgraded":0,"win_rate":0,"timestamp":1543601839,"path_taken":["M","M","$","M","?","R","M","R","T","R","E","M","?","E","R","BOSS","M","$","M","?","?","E","R","M","T","M","?","$","R","M","R","BOSS","M","?","M","$","?","R","?","R","T","M","M","?","?","$","R","BOSS"],"build_version":"2018-11-15","purchased_purges":3,"victory":false,"max_hp_per_floor":[75,75,72,72,72,72,72,72,72,72,72,72,72,72,72,72,72,72,72,72,72,72,72,72,72,72,72,72,72,72,72,72,72,72,72,72,72,72,72,86,86,86,86,86,86,86,86,86,86,86],"card_choices":[{"not_picked":["Sweeping Beam","Redo"],"picked":"Conserve Battery","floor":1},{"not_picked":["Recycle","Steam"],"picked":"Rebound","floor":2},{"not_picked":["Barrage","Chill","Meteor Strike"],"picked":"SKIP","floor":4},{"not_picked":["Conserve Battery","Redo"],"picked":"Ball Lightning","floor":7},{"not_picked":["Steam","Hologram"],"picked":"Rip and Tear","floor":11},{"not_picked":["Redo","Steam"],"picked":"Ball Lightning","floor":12},{"not_picked":["Compile Driver","Barrage"],"picked":"Self Repair","floor":13},{"not_picked":["Redo","Gash"],"picked":"Core Surge","floor":14},{"not_picked":["Rainbow","Multi-Cast"],"picked":"Electrodynamics","floor":16},{"not_picked":["Cold Snap","Leap"],"picked":"Barrage","floor":18},{"not_picked":["Redo","Rebound"],"picked":"Defragment+1","floor":20},{"not_picked":["Redo+1","Rebound"],"picked":"Leap","floor":23},{"not_picked":["Auto Shields+1","Loop","Recycle+1"],"picked":"SKIP","floor":25},{"not_picked":["Electrodynamics","Ball Lightning"],"picked":"Sweeping Beam","floor":27},{"not_picked":["Gash","Consume+1"],"picked":"Redo+1","floor":31},{"not_picked":["Multi-Cast","Buffer"],"picked":"Seek","floor":33},{"not_picked":["Auto Shields","Gash","Hologram+1"],"picked":"SKIP","floor":35},{"not_picked":["Bandage Up","Forethought"],"picked":"Discovery","floor":36},{"not_picked":["Undo","Reprogram"],"picked":"Go for the Eyes+1","floor":37},{"not_picked":["Auto Shields","Consume+1"],"picked":"Conserve Battery+1","floor":44},{"not_picked":["Aggregate+1","Consume+1"],"picked":"Double Energy+1","floor":45},{"not_picked":["Ball Lightning","Redo+1"],"picked":"Stack+1","floor":46},{"not_picked":["Steam Power+1","Rebound"],"picked":"BootSequence+1","floor":49}],"player_experience":305578,"relics_obtained":[{"floor":6,"key":"Art of War"},{"floor":8,"key":"Dream Catcher"},{"floor":9,"key":"PreservedInsect"},{"floor":10,"key":"Bag of Marbles"},{"floor":11,"key":"Vajra"},{"floor":14,"key":"Mercury Hourglass"},{"floor":15,"key":"Meat on the Bone"},{"floor":23,"key":"Emotion Chip"},{"floor":24,"key":"Dodecahedron"},{"floor":26,"key":"Ginger"},{"floor":30,"key":"Regal Pillow"},{"floor":32,"key":"Pantograph"},{"floor":40,"key":"Mango"}],"event_choices":[{"damage_healed":0,"gold_gain":0,"player_choice":"Cursed","damage_taken":0,"max_hp_gain":0,"max_hp_loss":0,"event_name":"Wheel of Change","floor":5,"gold_loss":0,"cards_obtained":["Decay"]},{"damage_healed":0,"gold_gain":0,"player_choice":"Ignored","damage_taken":0,"max_hp_gain":0,"max_hp_loss":0,"event_name":"Ghosts","floor":21,"gold_loss":0},{"damage_healed":0,"gold_gain":0,"player_choice":"Stole Relic","damage_taken":0,"relics_obtained":["DataDisk"],"max_hp_gain":0,"max_hp_loss":0,"event_name":"Addict","floor":22,"gold_loss":0,"cards_obtained":["Shame"]},{"damage_healed":0,"gold_gain":0,"player_choice":"Read","damage_taken":0,"max_hp_gain":0,"max_hp_loss":0,"event_name":"The Library","floor":28,"gold_loss":0,"cards_obtained":["Conserve Battery"]},{"damage_healed":0,"gold_gain":0,"player_choice":"Memory 1","damage_taken":0,"max_hp_gain":0,"max_hp_loss":0,"event_name":"SensoryStone","floor":36,"gold_loss":0},{"cards_removed":["Self Repair"],"damage_healed":0,"gold_gain":0,"player_choice":"Removed Power","damage_taken":0,"max_hp_gain":0,"max_hp_loss":0,"event_name":"Falling","floor":39,"gold_loss":0},{"damage_healed":0,"gold_gain":0,"player_choice":"Ignored","damage_taken":0,"max_hp_gain":0,"max_hp_loss":0,"event_name":"Mysterious Sphere","floor":47,"gold_loss":0}],"is_beta":true,"boss_relics":[{"not_picked":["Busted Crown","Runic Pyramid"],"picked":"Sozu"},{"not_picked":["Cursed Key","Coffee Dripper"],"picked":"Empty Cage"}],"items_purged_floors":[3,19,29],"is_endless":false,"potions_floor_spawned":[1,11,12,16,20,25,31,35,46],"killed_by":"Donu and Deca","ascension_level":0}