{"gold_per_floor":[110,128,203,203,203,203,237,412,412,428,428,445,445],"floor_reached":13,"playtime":513,"items_purged":[],"score":87,"play_id":"12681566-c567-4348-ae97-90a1c4f9b831","local_time":"20190604202720","is_ascension_mode":true,"campfire_choices":[{"data":"Survivor","floor":6,"key":"SMITH"},{"floor":11,"key":"REST"}],"neow_cost":"NONE","seed_source_timestamp":10506858101879,"circlet_count":0,"master_deck":["Defend_G","Defend_G","Defend_G","Defend_G","Defend_G","Strike_G","Strike_G","Strike_G","Strike_G","Survivor+1","Neutralize","Calculated Gamble","Caltrops","Outmaneuver","Infinite Blades","Doubt","Dodge and Roll","PiercingWail"],"relics":["Ring of the Snake","Bag of Marbles","The Courier","Gremlin Horn"],"potions_floor_usage":[13],"damage_taken":[{"damage":0,"enemies":"2 Louse","floor":1,"turns":3},{"damage":0,"enemies":"Jaw Worm","floor":2,"turns":6},{"damage":28,"enemies":"Lagavulin","floor":7,"turns":14},{"damage":0,"enemies":"Small Slimes","floor":10,"turns":3},{"damage":3,"enemies":"Red Slaver","floor":12,"turns":6},{"damage":63,"enemies":"Gremlin Nob","floor":13,"turns":6}],"seed_played":"-5767372639222219588","potions_obtained":[{"floor":7,"key":"Fire Potion"}],"is_trial":false,"path_per_floor":["M","M","?","?","?","R","E","?","T","M","R","M","E"],"character_chosen":"THE_SILENT","items_purchased":[],"campfire_rested":1,"item_purchase_floors":[],"current_hp_per_floor":[70,70,59,59,52,52,24,24,24,24,45,42,0],"gold":445,"neow_bonus":"TRANSFORM_CARD","is_prod":false,"is_daily":false,"chose_seed":false,"campfire_upgraded":1,"win_rate":0,"timestamp":1559694440,"path_taken":["M","M","?","?","?","R","E","?","T","M","R","M","E"],"build_version":"2019-01-23","purchased_purges":0,"victory":false,"max_hp_per_floor":[70,70,70,70,70,70,70,70,70,70,70,70,70],"card_choices":[{"not_picked":["Underhanded Strike","Poisoned Stab"],"picked":"Caltrops","floor":1},{"not_picked":["Blade Dance","Dash"],"picked":"Outmaneuver","floor":2},{"not_picked":["Prepared","Blur"],"picked":"Infinite Blades","floor":7},{"not_picked":["Backstab","Sucker Punch"],"picked":"Dodge and Roll","floor":10},{"not_picked":["Poisoned Stab","Dagger Spray"],"picked":"PiercingWail","floor":12}],"player_experience":98022,"relics_obtained":[{"floor":7,"key":"The Courier"},{"floor":9,"key":"Gremlin Horn"}],"event_choices":[{"damage_healed":0,"gold_gain":75,"player_choice":"Gather Gold","damage_taken":11,"max_hp_gain":0,"max_hp_loss":0,"event_name":"World of Goop","floor":3,"gold_loss":0},{"damage_healed":0,"gold_gain":0,"player_choice":"Box","damage_taken":0,"relics_obtained":["Bag of Marbles"],"max_hp_gain":0,"max_hp_loss":0,"event_name":"Big Fish","floor":4,"gold_loss":0,"cards_obtained":["Regret"]},{"cards_removed":["Regret"],"damage_healed":0,"gold_gain":0,"player_choice":"Card Removal","damage_taken":7,"max_hp_gain":0,"max_hp_loss":0,"event_name":"Golden Wing","floor":5,"gold_loss":0},{"damage_healed":0,"gold_gain":175,"player_choice":"AGREE","damage_taken":0,"max_hp_gain":0,"max_hp_loss":0,"event_name":"Liars Game","floor":8,"gold_loss":0,"cards_obtained":["Doubt"]}],"is_beta":false,"boss_relics":[],"items_purged_floors":[],"is_endless":false,"potions_floor_spawned":[7],"killed_by":"Gremlin Nob","ascension_level":1}