{"gold_per_floor":[113,38,38,55,55,55,89,104,128,128,146,146,165,179,179,179],"floor_reached":16,"playtime":378,"items_purged":["Strike_R"],"score":159,"play_id":"cb740b26-9355-41d3-bfbe-f3271d79520b","local_time":"20190214111035","is_ascension_mode":true,"campfire_choices":[{"data":"Wild Strike","floor":6,"key":"SMITH"},{"data":"Bash","floor":10,"key":"SMITH"},{"data":"Bloodletting","floor":12,"key":"SMITH"},{"data":"Entrench","floor":15,"key":"SMITH"}],"neow_cost":"NONE","seed_source_timestamp":4822427148447,"circlet_count":0,"master_deck":["Strike_R","Strike_R","Strike_R","Strike_R","Defend_R","Defend_R","Defend_R","Defend_R","Bash+1","Blood for Blood","Wild Strike+1","Inflame","Rage","Bloodletting+1","Entrench+1","Ghostly Armor"],"relics":["Burning Blood","NeowsBlessing","Orichalcum","Bag of Preparation"],"potions_floor_usage":[16],"damage_taken":[{"damage":0,"enemies":"2 Louse","floor":1,"turns":1},{"damage":0,"enemies":"Cultist","floor":4,"turns":1},{"damage":0,"enemies":"Lagavulin","floor":7,"turns":1},{"damage":0,"enemies":"Small Slimes","floor":8,"turns":3},{"damage":5,"enemies":"Looter","floor":11,"turns":2},{"damage":4,"enemies":"2 Fungi Beasts","floor":13,"turns":4},{"damage":6,"enemies":"Blue Slaver","floor":14,"turns":3},{"damage":93,"enemies":"Hexaghost","floor":16,"turns":11}],"seed_played":"3048370427562268336","potions_obtained":[{"floor":3,"key":"Poison Potion"},{"floor":3,"key":"SpeedPotion"},{"floor":3,"key":"Poison Potion"},{"floor":11,"key":"FairyPotion"}],"is_trial":false,"path_per_floor":["M","$","?","M","$","R","E","M","T","R","M","R","M","M","R","B"],"character_chosen":"IRONCLAD","items_purchased":[],"campfire_rested":0,"item_purchase_floors":[],"current_hp_per_floor":[80,80,80,80,80,80,80,80,80,80,80,80,80,80,80,0],"gold":179,"neow_bonus":"THREE_ENEMY_KILL","is_prod":false,"is_daily":false,"chose_seed":false,"campfire_upgraded":4,"win_rate":0,"timestamp":1550110235,"path_taken":["M","$","?","?","$","R","E","M","T","R","M","R","M","M","R","BOSS"],"build_version":"2019-01-23","purchased_purges":1,"victory":false,"max_hp_per_floor":[80,80,80,80,80,80,80,80,80,80,80,80,80,80,80,80],"card_choices":[{"not_picked":["Iron Wave","Reckless Charge"],"picked":"Blood for Blood","floor":1},{"not_picked":["Iron Wave","Sentinel"],"picked":"Wild Strike","floor":4},{"not_picked":["Twin Strike","Headbutt"],"picked":"Inflame","floor":7},{"not_picked":["Anger","Iron Wave"],"picked":"Rage","floor":8},{"not_picked":["Feel No Pain","Inflame"],"picked":"Bloodletting","floor":11},{"not_picked":["Rage","Corruption"],"picked":"Entrench","floor":13},{"not_picked":["Warcry","Anger"],"picked":"Ghostly Armor","floor":14}],"player_experience":238951,"relics_obtained":[{"floor":7,"key":"Orichalcum"},{"floor":9,"key":"Bag of Preparation"}],"event_choices":[{"damage_healed":0,"gold_gain":0,"player_choice":"Got Potions","damage_taken":0,"max_hp_gain":0,"max_hp_loss":0,"event_name":"Lab","floor":3,"gold_loss":0}],"is_beta":false,"boss_relics":[],"items_purged_floors":[2],"is_endless":false,"potions_floor_spawned":[4,11],"killed_by":"Hexaghost","ascension_level":5}