{"gold_per_floor":[111,123,123,1,11,11,25,41,41,74,74,89,103,131,131,230,230,244,208,224,148,167,167,13,13,82,82,109,109,121,121,121,121],"floor_reached":33,"playtime":2130,"items_purged":[],"score":302,"play_id":"3ef1769a-736e-492f-abfc-f6e12fe3389a","local_time":"20190911113919","is_ascension_mode":false,"campfire_choices":[{"data":"Perfected Strike","floor":6,"key":"SMITH"},{"floor":15,"key":"REST"},{"floor":23,"key":"REST"},{"floor":25,"key":"REST"},{"floor":29,"key":"REST"},{"floor":32,"key":"REST"}],"neow_cost":"NONE","seed_source_timestamp":7405911993322,"circlet_count":0,"master_deck":["Strike_R","Strike_R","Strike_R","Strike_R","Strike_R","Defend_R","Defend_R+1","Defend_R","Defend_R+1","Bash","Heavy Blade+1","Blood for Blood","Perfected Strike+1","Rupture","Anger","Feed","Cleave","Hemokinesis","Battle Trance","Clash","Spot Weakness","Limit Break","Flex+1","Rupture","Clash+1","Inflame","Flex","Combust","Rupture","Writhe"],"relics":["Burning Blood","War Paint","Calipers","Question Card","StoneCalendar","Black Star","Lantern","Molten Egg 2","FossilizedHelix","Dodecahedron","Ornamental Fan"],"potions_floor_usage":[16,16,18,22,28,33,33,33],"damage_taken":[{"damage":2,"enemies":"Small Slimes","floor":1,"turns":4},{"damage":3,"enemies":"Jaw Worm","floor":2,"turns":4},{"damage":0,"enemies":"2 Louse","floor":5,"turns":3},{"damage":0,"enemies":"Large Slime","floor":7,"turns":4},{"damage":12,"enemies":"Blue Slaver","floor":8,"turns":2},{"damage":24,"enemies":"Gremlin Nob","floor":10,"turns":4},{"damage":9,"enemies":"2 Fungi Beasts","floor":12,"turns":3},{"damage":6,"enemies":"3 Louse","floor":13,"turns":3},{"damage":26,"enemies":"Lagavulin","floor":14,"turns":5},{"damage":36,"enemies":"Hexaghost","floor":16,"turns":7},{"damage":59,"enemies":"3 Byrds","floor":18,"turns":6},{"damage":39,"enemies":"Shell Parasite","floor":20,"turns":6},{"damage":14,"enemies":"Centurion and Healer","floor":22,"turns":5},{"damage":52,"enemies":"Book of Stabbing","floor":28,"turns":5},{"damage":29,"enemies":"Snake Plant","floor":30,"turns":4},{"damage":106,"enemies":"Automaton","floor":33,"turns":6}],"seed_played":"6155152603603197295","potions_obtained":[{"floor":2,"key":"Poison Potion"},{"floor":8,"key":"EssenceOfSteel"},{"floor":10,"key":"Weak Potion"},{"floor":14,"key":"FearPotion"},{"floor":16,"key":"EntropicBrew"},{"floor":20,"key":"BloodPotion"},{"floor":22,"key":"Dexterity Potion"},{"floor":30,"key":"Dexterity Potion"}],"is_trial":false,"path_per_floor":["M","M","?","$","M","R","M","M","T","E","?","M","M","E","R","B",null,"M","$","M","$","M","R","$","R","T","?","E","R","M","?","R","B"],"character_chosen":"IRONCLAD","items_purchased":["Perfected Strike","Rupture","Rupture","Inflame","Lantern"],"campfire_rested":5,"item_purchase_floors":[4,4,19,21,24],"current_hp_per_floor":[80,80,80,80,80,80,80,77,77,62,86,86,89,69,92,62,92,42,42,9,9,27,56,56,85,85,85,39,68,45,45,74,0],"gold":121,"neow_bonus":"RANDOM_COMMON_RELIC","is_prod":false,"is_daily":false,"chose_seed":false,"campfire_upgraded":1,"win_rate":0.0,"timestamp":1568194759,"path_taken":["M","M","?","$","M","R","M","M","T","E","?","M","M","E","R","BOSS","M","$","M","$","M","R","$","R","T","?","E","R","M","?","R","BOSS"],"build_version":"2019-07-17","purchased_purges":0,"victory":false,"max_hp_per_floor":[80,80,80,80,80,80,80,83,83,86,86,89,92,92,92,92,92,95,95,95,95,98,98,98,98,98,98,98,98,98,98,98,98],"card_choices":[{"not_picked":["Iron Wave","True Grit"],"picked":"Heavy Blade","floor":1},{"not_picked":["True Grit","Warcry"],"picked":"Blood for Blood","floor":2},{"not_picked":["Rupture","Seeing Red"],"picked":"Anger","floor":5},{"not_picked":["Shrug It Off","Iron Wave"],"picked":"Feed","floor":7},{"not_picked":["Ghostly Armor","True Grit"],"picked":"Cleave","floor":8},{"not_picked":["Warcry","Rampage"],"picked":"Hemokinesis","floor":10},{"not_picked":["Twin Strike","Shockwave","Clothesline"],"picked":"Battle Trance","floor":12},{"not_picked":["Flame Barrier","Carnage","Battle Trance"],"picked":"Clash","floor":13},{"not_picked":["Sword Boomerang","Warcry","Power Through"],"picked":"Spot Weakness","floor":14},{"not_picked":["Dark Embrace","Offering","Juggernaut"],"picked":"Limit Break","floor":16},{"not_picked":["Sword Boomerang","Seeing Red","Thunderclap"],"picked":"Flex+1","floor":18},{"not_picked":["Body Slam","Thunderclap","Perfected Strike"],"picked":"Clash+1","floor":20},{"not_picked":["Body Slam","Armaments","Twin Strike"],"picked":"Flex","floor":22},{"not_picked":["Cleave+1","Iron Wave+1","Thunderclap+1"],"picked":"Combust","floor":28},{"not_picked":["Sever Soul+1","Burning Pact","Armaments"],"picked":"Rupture","floor":30}],"player_experience":35995,"relics_obtained":[{"floor":9,"key":"Calipers"},{"floor":10,"key":"Question Card"},{"floor":14,"key":"StoneCalendar"},{"floor":26,"key":"Molten Egg 2"},{"floor":28,"key":"FossilizedHelix"},{"floor":28,"key":"Dodecahedron"}],"event_choices":[{"damage_healed":0,"gold_gain":0,"player_choice":"Grow","damage_taken":0,"max_hp_gain":0,"max_hp_loss":0,"event_name":"Living Wall","floor":3,"gold_loss":0,"cards_upgraded":["Heavy Blade"]},{"damage_healed":28,"gold_gain":0,"player_choice":"Banana","damage_taken":0,"max_hp_gain":0,"max_hp_loss":0,"event_name":"Big Fish","floor":11,"gold_loss":0},{"damage_healed":0,"gold_gain":0,"player_choice":"Opened","damage_taken":0,"relics_obtained":["Ornamental Fan"],"max_hp_gain":0,"max_hp_loss":0,"event_name":"The Mausoleum","floor":31,"gold_loss":0,"cards_obtained":["Writhe"]}],"is_beta":false,"boss_relics":[{"not_picked":["Astrolabe","Cursed Key"],"picked":"Black Star"}],"items_purged_floors":[],"is_endless":false,"potions_floor_spawned":[2,8,10,14,16,20,22,30],"killed_by":"Automaton","ascension_level":0}