{"gold_per_floor":[118,118,118,128,145,145,30,61,61,78,78,113,131,148,148,148],"floor_reached":16,"playtime":495,"items_purged":["Strike_R"],"score":123,"play_id":"9803adef-08ce-48fc-abda-271d51f9511e","local_time":"20190604195013","is_ascension_mode":true,"campfire_choices":[{"data":"Fire Breathing","floor":6,"key":"SMITH"},{"floor":11,"key":"REST"},{"floor":15,"key":"REST"}],"neow_cost":"NONE","seed_source_timestamp":8297666964888,"circlet_count":0,"master_deck":["Strike_R","Strike_R","Strike_R","Strike_R","Defend_R","Defend_R+1","Defend_R","Bash","Berserk+1","Fire Breathing+1","Fire Breathing","Hemokinesis","Infernal Blade","Shrug It Off","Inflame","Rupture","Cleave"],"relics":["Burning Blood","Art of War","Sundial","Bronze Scales"],"potions_floor_usage":[8,8,13,16],"damage_taken":[{"damage":12,"enemies":"2 Louse","floor":1,"turns":2},{"damage":0,"enemies":"Small Slimes","floor":4,"turns":3},{"damage":1,"enemies":"Cultist","floor":5,"turns":3},{"damage":28,"enemies":"3 Sentries","floor":8,"turns":6},{"damage":14,"enemies":"Blue Slaver","floor":10,"turns":3},{"damage":40,"enemies":"Lagavulin","floor":12,"turns":4},{"damage":7,"enemies":"Gremlin Gang","floor":13,"turns":3},{"damage":13,"enemies":"2 Fungi Beasts","floor":14,"turns":3},{"damage":55,"enemies":"Slime Boss","floor":16,"turns":3}],"seed_played":"-5251440300177428538","potions_obtained":[{"floor":1,"key":"Swift Potion"},{"floor":5,"key":"Swift Potion"},{"floor":8,"key":"Explosive Potion"},{"floor":14,"key":"FearPotion"}],"is_trial":false,"path_per_floor":["M","?","?","M","M","R","$","E","T","M","R","E","M","M","R","B"],"character_chosen":"IRONCLAD","items_purchased":["Infernal Blade"],"campfire_rested":2,"item_purchase_floors":[7],"current_hp_per_floor":[74,58,51,57,62,62,62,40,40,32,56,22,21,14,38,0],"gold":148,"neow_bonus":"ONE_RANDOM_RARE_CARD","is_prod":false,"is_daily":false,"chose_seed":false,"campfire_upgraded":1,"win_rate":0,"timestamp":1559692213,"path_taken":["M","?","?","M","M","R","$","E","T","M","R","E","M","M","R","BOSS"],"build_version":"2019-01-23","purchased_purges":1,"victory":false,"max_hp_per_floor":[80,80,80,80,80,80,80,80,80,80,80,80,80,80,80,80],"card_choices":[{"not_picked":["Dual Wield","Sword Boomerang"],"picked":"Fire Breathing","floor":1},{"not_picked":["Clothesline","Thunderclap"],"picked":"Fire Breathing","floor":4},{"not_picked":["Feel No Pain","Heavy Blade"],"picked":"Hemokinesis","floor":5},{"not_picked":["Cleave","Clash"],"picked":"Shrug It Off","floor":8},{"not_picked":["Perfected Strike","Havoc","Sword Boomerang"],"picked":"SKIP","floor":10},{"not_picked":["Twin Strike","Pommel Strike"],"picked":"Inflame","floor":12},{"not_picked":["Clash","Clothesline"],"picked":"Rupture","floor":13},{"not_picked":["Twin Strike","Spot Weakness"],"picked":"Cleave","floor":14}],"player_experience":95879,"relics_obtained":[{"floor":8,"key":"Art of War"},{"floor":9,"key":"Sundial"},{"floor":12,"key":"Bronze Scales"}],"event_choices":[{"damage_healed":0,"gold_gain":0,"player_choice":"Entered Light","damage_taken":16,"max_hp_gain":0,"max_hp_loss":0,"event_name":"Shining Light","floor":2,"gold_loss":0,"cards_upgraded":["Defend_R","Berserk"]},{"cards_removed":["Defend_R"],"damage_healed":0,"gold_gain":0,"player_choice":"Card Removal","damage_taken":7,"max_hp_gain":0,"max_hp_loss":0,"event_name":"Golden Wing","floor":3,"gold_loss":0}],"is_beta":false,"boss_relics":[],"items_purged_floors":[7],"is_endless":false,"potions_floor_spawned":[1,5,8,14],"killed_by":"Slime Boss","ascension_level":2}