{"gold_per_floor":[119,119,194,194,214,214,214,40,40,60,60,60,77,102,102,200,200,214,224,224,241,32,32,52,52,52,64,64,28,28,40,40,138,138,158,158,0,0,12,12,46,46,46,76,76,76,37,107,107,107],"floor_reached":51,"playtime":1756,"items_purged":[],"score":774,"play_id":"49c890d9-5ac2-4d5f-9583-05126a990564","local_time":"20181208170245","is_ascension_mode":false,"campfire_choices":[{"data":"Neutralize","floor":6,"key":"SMITH"},{"floor":15,"key":"REST"},{"data":"Adrenaline","floor":23,"key":"SMITH"},{"data":"Terror","floor":25,"key":"SMITH"},{"data":"Infinite Blades","floor":30,"key":"SMITH"},{"data":"Doppelganger","floor":32,"key":"SMITH"},{"data":"Madness","floor":40,"key":"SMITH"},{"data":"Madness","floor":42,"key":"SMITH"},{"data":"Adrenaline","floor":45,"key":"SMITH"},{"data":"Discovery","floor":49,"key":"SMITH"}],"neow_cost":"PERCENT_DAMAGE","seed_source_timestamp":265393748597258,"circlet_count":0,"master_deck":["Defend_G+1","Defend_G+1","Defend_G+1","Defend_G+1","Defend_G+1","Strike_G+1","Strike_G+1","Strike_G+1","Survivor","Neutralize+1","Acrobatics","Crippling Poison","Adrenaline","Quick Slash","Terror+1","Dash","Slice","Backflip","Adrenaline+1","Slice","Blur","Infinite Blades+1","Doppelganger+1","Adrenaline+1","PiercingWail","Madness+1","Madness+1","Quick Slash+1","Dash+1","Outmaneuver+1","Discovery+1","Calculated Gamble"],"relics":["Ring of the Serpent","Turnip","Ninja Scroll","Unceasing Top","Blood Vial","Anchor","ClockworkSouvenir","Dream Catcher","MutagenicStrength","Philosopher\u0027s Stone","Red Mask","Omamori","Calipers","Ancient Tea Set","Pantograph"],"potions_floor_usage":[14,16,21,33,50],"damage_taken":[{"damage":0,"enemies":"Small Slimes","floor":1,"turns":5},{"damage":1,"enemies":"Jaw Worm","floor":5,"turns":5},{"damage":0,"enemies":"2 Louse","floor":10,"turns":2},{"damage":0,"enemies":"Looter","floor":13,"turns":2},{"damage":3,"enemies":"Gremlin Nob","floor":14,"turns":3},{"damage":9,"enemies":"Hexaghost","floor":16,"turns":10},{"damage":0,"enemies":"3 Byrds","floor":18,"turns":5},{"damage":10,"enemies":"Spheric Guardian","floor":19,"turns":4},{"damage":1,"enemies":"Cultist and Chosen","floor":21,"turns":7},{"damage":0,"enemies":"Centurion and Healer","floor":24,"turns":6},{"damage":5,"enemies":"3 Cultists","floor":27,"turns":6},{"damage":1,"enemies":"Snake Plant","floor":31,"turns":2},{"damage":51,"enemies":"Automaton","floor":33,"turns":9},{"damage":0,"enemies":"3 Shapes","floor":35,"turns":2},{"damage":12,"enemies":"3 Darklings","floor":39,"turns":4},{"damage":0,"enemies":"Nemesis","floor":41,"turns":3},{"damage":0,"enemies":"Reptomancer","floor":44,"turns":4},{"damage":3,"enemies":"Donu and Deca","floor":50,"turns":7}],"seed_played":"-5625943482227699256","potions_obtained":[{"floor":5,"key":"GhostInAJar"},{"floor":10,"key":"AttackPotion"},{"floor":18,"key":"GhostInAJar"},{"floor":19,"key":"LiquidBronze"},{"floor":33,"key":"GamblersBrew"},{"floor":41,"key":"Regen Potion"},{"floor":44,"key":"SteroidPotion"}],"is_trial":false,"path_per_floor":["M","?","?","?","M","R","T","$","T","M","?","?","M","E","R","B",null,"M","M","?","M","$","R","M","R","T","M","?","$","R","M","R","B",null,"M","?","?","?","M","R","E","R","T","E","R","?","$","T","R","B",null],"character_chosen":"THE_SILENT","items_purchased":["Adrenaline","Quick Slash","ClockworkSouvenir","Infinite Blades","Calculated Gamble"],"campfire_rested":1,"item_purchase_floors":[8,8,22,29,47],"current_hp_per_floor":[49,37,26,26,25,25,25,25,25,27,13,13,15,14,35,28,70,70,60,60,61,61,61,63,63,63,60,60,60,60,61,61,12,70,70,70,70,61,51,51,53,53,53,55,55,55,55,55,55,67],"gold":107,"neow_bonus":"ONE_RARE_RELIC","is_prod":false,"is_daily":false,"chose_seed":false,"campfire_upgraded":9,"win_rate":0,"timestamp":1544310165,"path_taken":["M","?","?","?","M","R","?","$","T","?","?","?","M","E","R","BOSS","M","?","?","M","$","R","M","R","T","M","?","?","R","M","R","BOSS","M","?","?","?","M","R","E","R","T","E","R","?","$","?","R","BOSS"],"build_version":"2018-12-06","purchased_purges":0,"victory":true,"max_hp_per_floor":[70,70,70,70,70,70,70,70,70,70,70,70,70,70,70,70,70,70,70,70,70,70,70,70,70,70,70,70,70,70,70,70,70,70,70,70,70,70,70,70,70,70,70,70,70,70,70,70,70,70],"card_choices":[{"not_picked":["Slice","Flying Knee"],"picked":"Acrobatics","floor":1},{"not_picked":["Flying Knee","Poisoned Stab"],"picked":"Crippling Poison","floor":5},{"not_picked":["Quick Slash","Blade Dance"],"picked":"Terror","floor":10},{"not_picked":["Underhanded Strike","Caltrops"],"picked":"Slice","floor":13},{"not_picked":["Quick Slash","Poisoned Stab"],"picked":"Backflip","floor":14},{"not_picked":["Bullet Time","Envenom"],"picked":"Adrenaline","floor":16},{"not_picked":["Outmaneuver+1","Dagger Throw+1"],"picked":"Slice","floor":18},{"not_picked":["Flying Knee+1","Accuracy+1","Catalyst"],"picked":"SKIP","floor":19},{"not_picked":["Catalyst","Acrobatics"],"picked":"Calculated Gamble","floor":21},{"not_picked":["Flying Knee","Catalyst+1","Poisoned Stab"],"picked":"SKIP","floor":24},{"not_picked":["Poisoned Stab+1","Deflect"],"picked":"Blur","floor":27},{"not_picked":["Prepared","Bane"],"picked":"Doppelganger","floor":31},{"not_picked":["Burst","Wraith Form v2"],"picked":"Adrenaline","floor":33},{"not_picked":["Masterful Stab","Setup+1"],"picked":"PiercingWail","floor":35},{"not_picked":["Dagger Throw","Riddle With Holes"],"picked":"Quick Slash+1","floor":39},{"not_picked":["Catalyst","Die Die Die"],"picked":"Dash+1","floor":41},{"not_picked":["Bane+1","Bouncing Flask","Outmaneuver+1"],"picked":"SKIP","floor":44},{"not_picked":["Bane+1","Bouncing Flask"],"picked":"Outmaneuver+1","floor":44},{"not_picked":["Chrysalis","Swift Strike"],"picked":"Discovery","floor":46}],"player_experience":365657,"relics_obtained":[{"floor":7,"key":"Unceasing Top"},{"floor":9,"key":"Blood Vial"},{"floor":14,"key":"Anchor"},{"floor":26,"key":"Dream Catcher"},{"floor":41,"key":"Omamori"},{"floor":43,"key":"Calipers"},{"floor":44,"key":"Ancient Tea Set"},{"floor":48,"key":"Pantograph"}],"event_choices":[{"damage_healed":0,"gold_gain":0,"player_choice":"Success","damage_taken":12,"relics_obtained":["Ninja Scroll"],"max_hp_gain":0,"max_hp_loss":0,"event_name":"Scrap Ooze","floor":2,"gold_loss":0},{"damage_healed":0,"gold_gain":75,"player_choice":"Gather Gold","damage_taken":11,"max_hp_gain":0,"max_hp_loss":0,"event_name":"World of Goop","floor":3,"gold_loss":0},{"cards_removed":["Strike_G"],"damage_healed":0,"gold_gain":0,"player_choice":"Forget","damage_taken":0,"max_hp_gain":0,"max_hp_loss":0,"event_name":"Living Wall","floor":4,"gold_loss":0},{"damage_healed":0,"gold_gain":0,"player_choice":"Entered Light","damage_taken":14,"max_hp_gain":0,"max_hp_loss":0,"event_name":"Shining Light","floor":11,"gold_loss":0,"cards_upgraded":["Strike_G","Defend_G"]},{"damage_healed":0,"gold_gain":0,"cards_transformed":["Strike_G"],"player_choice":"Transformed","damage_taken":0,"max_hp_gain":0,"max_hp_loss":0,"event_name":"Transmorgrifier","floor":12,"gold_loss":0,"cards_obtained":["Dash"]},{"damage_healed":0,"gold_gain":0,"player_choice":"Simplicity","damage_taken":0,"max_hp_gain":0,"max_hp_loss":0,"event_name":"Back to Basics","floor":20,"gold_loss":0,"cards_upgraded":["Defend_G","Defend_G","Defend_G","Defend_G","Strike_G","Strike_G"]},{"damage_healed":0,"gold_gain":0,"player_choice":"Inject Mutagens","damage_taken":0,"relics_obtained":["MutagenicStrength"],"max_hp_gain":0,"max_hp_loss":0,"event_name":"Drug Dealer","floor":28,"gold_loss":0},{"cards_removed":["Calculated Gamble"],"damage_healed":0,"gold_gain":0,"player_choice":"Removed Skill","damage_taken":0,"max_hp_gain":0,"max_hp_loss":0,"event_name":"Falling","floor":36,"gold_loss":0},{"damage_healed":0,"gold_gain":0,"player_choice":"Paid","damage_taken":0,"relics_obtained":["Red Mask"],"max_hp_gain":0,"max_hp_loss":0,"event_name":"Tomb of Lord Red Mask","floor":37,"gold_loss":158},{"damage_healed":0,"gold_gain":0,"player_choice":"Embrace Madness","damage_taken":9,"max_hp_gain":0,"max_hp_loss":0,"event_name":"Winding Halls","floor":38,"gold_loss":0,"cards_obtained":["Madness","Madness"]},{"damage_healed":0,"gold_gain":0,"player_choice":"Memory 1","damage_taken":0,"max_hp_gain":0,"max_hp_loss":0,"event_name":"SensoryStone","floor":46,"gold_loss":0}],"is_beta":true,"boss_relics":[{"not_picked":["White Beast Statue","Orrery"],"picked":"Ring of the Serpent"},{"not_picked":["HoveringKite","Fusion Hammer"],"picked":"Philosopher\u0027s Stone"}],"items_purged_floors":[],"is_endless":false,"potions_floor_spawned":[5,10,18,19,33,41,44],"ascension_level":0}