{"path_per_floor":["M","?","?","M","?","R","?","M","T","?","R","M","$","E","R","B",null,"M","?","$","M","?","R","?","R","T","M","M","M","T","M","R","B",null,"M","M","?","M","?","R","E","R","T","?","M","?","M","$","R"],"character_chosen":"DEFECT","items_purchased":["All For One","Dark Shackles","Kunai","PowerPotion","PowerPotion","SpeedPotion"],"gold_per_floor":[118,118,118,128,78,78,78,88,115,115,115,133,58,91,91,216,216,236,236,136,155,405,405,444,444,468,489,512,533,533,552,552,683,683,704,720,720,744,744,744,787,787,787,787,810,810,830,122,122,122],"floor_reached":50,"campfire_rested":0,"playtime":3645,"item_purchase_floors":[48,48,48,48,48,48],"current_hp_per_floor":[74,71,76,76,76,76,76,76,76,56,56,54,54,51,51,20,80,63,63,63,62,62,62,53,53,53,52,48,46,56,62,62,34,90,90,80,70,61,61,61,27,27,27,79,79,79,78,78,78,0],"items_purged":["Defend_B","Writhe","Reprogram"],"gold":122,"score":519,"play_id":"3c0a280c-6d75-4eec-99e7-e55c8ef0435b","local_time":"20180603195743","is_prod":false,"is_daily":false,"chose_seed":false,"is_ascension_mode":true,"campfire_upgraded":9,"win_rate":0,"timestamp":1528048663,"campfire_choices":[{"data":"Sunder","floor":6,"key":"SMITH"},{"data":"Darkness","floor":11,"key":"SMITH"},{"data":"White Noise","floor":15,"key":"SMITH"},{"data":"Hello World","floor":23,"key":"SMITH"},{"data":"Tempest","floor":25,"key":"SMITH"},{"data":"White Noise","floor":32,"key":"SMITH"},{"data":"Tempest","floor":40,"key":"SMITH"},{"data":"Dualcast","floor":42,"key":"SMITH"},{"data":"Dark Shackles","floor":49,"key":"SMITH"}],"path_taken":["M","?","?","M","?","R","?","?","T","?","R","M","$","E","R","BOSS","M","?","$","M","?","R","?","R","T","M","?","M","?","M","R","BOSS","M","M","?","M","?","R","E","R","T","?","?","?","M","$","R","BOSS"],"build_version":"2018-05-30v2","seed_source_timestamp":12053449274916,"purchased_purges":3,"victory":false,"master_deck":["Zap+1","Dualcast+1","Sunder+1","Darkness+1","White Noise+1","BootSequence","Tempest+1","Core Surge","Undo+1","Hello World+1","Regret","Coolheaded+1","White Noise+1","Turbo","Rainbow+1","Beam Cell","Cold Snap","Rebound","Steam","Tempest+1","Reinforced Body+1","Master of Strategy","Dark Shackles+1","Doom and Gloom+1","Biased Cognition","All For One","Dark Shackles"],"max_hp_per_floor":[75,75,80,80,80,80,80,80,80,80,80,80,80,80,80,80,80,80,80,80,80,80,80,80,80,80,80,80,80,90,90,90,90,90,90,90,90,90,90,90,90,90,90,79,79,79,79,79,79,79],"relics":["Cracked Core","Blue Candle","Vajra","Golden Idol","Cables","Velvet Choker","Potion Belt","Red Mask","Orichalcum","Pear","Pandora\u0027s Box","Bag of Preparation","Dream Catcher","Kunai"],"card_choices":[{"not_picked":["Turbo","Go for the Eyes"],"picked":"Sunder","floor":1},{"not_picked":["Beam Cell","Capacitor"],"picked":"Darkness","floor":4},{"not_picked":["Cold Snap","Go for the Eyes"],"picked":"White Noise","floor":8},{"not_picked":["Rip and Tear","Stack"],"picked":"BootSequence","floor":12},{"not_picked":["Auto Shields","Compile Driver"],"picked":"Tempest","floor":14},{"not_picked":["Fission","Meteor Strike"],"picked":"Core Surge","floor":16},{"not_picked":["Cold Snap+1","Hologram"],"picked":"Undo+1","floor":18},{"not_picked":["Auto Shields","Chaos+1"],"picked":"Hello World","floor":21},{"not_picked":["Steam","Leap"],"picked":"Coolheaded+1","floor":24},{"not_picked":["Hologram","Go for the Eyes"],"picked":"White Noise","floor":27},{"not_picked":["Coolheaded","Rip and Tear","Beam Cell"],"picked":"SKIP","floor":28},{"not_picked":["Sweeping Beam","Conserve Battery"],"picked":"Turbo","floor":29},{"not_picked":["Coolheaded","Rebound+1","Compile Driver"],"picked":"SKIP","floor":31},{"not_picked":["Thunder Strike","Multi-Cast"],"picked":"Rainbow","floor":33},{"not_picked":["Rip and Tear+1","Steam"],"picked":"Tempest","floor":35},{"not_picked":["Rebound+1","Stack+1"],"picked":"Reinforced Body+1","floor":36},{"not_picked":["Trip","Flash of Steel"],"picked":"Master of Strategy","floor":37},{"not_picked":["Mind Blast","Dramatic Entrance"],"picked":"Dark Shackles","floor":37},{"not_picked":["Beam Cell+1","Steam+1","Sweeping Beam+1"],"picked":"SKIP","floor":38},{"not_picked":["Steam","Go for the Eyes+1"],"picked":"Doom and Gloom+1","floor":41},{"not_picked":["Steam Power","Chaos","Rip and Tear"],"picked":"SKIP","floor":45},{"not_picked":["Aggregate","Cold Snap+1"],"picked":"Biased Cognition","floor":47}],"player_experience":118393,"potions_floor_usage":[21,24,24,31,33,38,41,47,50,50,50],"damage_taken":[{"damage":1,"enemies":"2 Louse","floor":1,"turns":2},{"damage":0,"enemies":"Jaw Worm","floor":4,"turns":4},{"damage":0,"enemies":"Small Slimes","floor":8,"turns":2},{"damage":2,"enemies":"Blue Slaver","floor":12,"turns":2},{"damage":3,"enemies":"3 Sentries","floor":14,"turns":3},{"damage":31,"enemies":"Hexaghost","floor":16,"turns":6},{"damage":17,"enemies":"3 Byrds","floor":18,"turns":3},{"damage":8,"enemies":"Chosen","floor":21,"turns":5},{"damage":9,"enemies":"Masked Bandits","floor":24,"turns":3},{"damage":1,"enemies":"Snake Plant","floor":27,"turns":3},{"damage":4,"enemies":"Chosen and Byrds","floor":28,"turns":5},{"damage":2,"enemies":"Snecko","floor":29,"turns":3},{"damage":1,"enemies":"Cultist and Chosen","floor":31,"turns":5},{"damage":28,"enemies":"Champ","floor":33,"turns":9},{"damage":6,"enemies":"Flame Bruiser 1 Orb","floor":35,"turns":5},{"damage":10,"enemies":"Orb Walker","floor":36,"turns":3},{"damage":9,"enemies":"4 Shapes","floor":38,"turns":4},{"damage":34,"enemies":"2 Orb Walkers","floor":41,"turns":5},{"damage":0,"enemies":"Sphere and 2 Shapes","floor":45,"turns":3},{"damage":1,"enemies":"3 Darklings","floor":47,"turns":3},{"damage":81,"enemies":"Awakened One","floor":50,"turns":11}],"relics_obtained":[{"floor":9,"key":"Vajra"},{"floor":14,"key":"Cables"},{"floor":24,"key":"Red Mask"},{"floor":26,"key":"Orichalcum"},{"floor":30,"key":"Pear"},{"floor":41,"key":"Bag of Preparation"},{"floor":43,"key":"Dream Catcher"}],"event_choices":[{"event_name":"Scrap Ooze","player_choice":"success","floor":2,"damage_taken":3},{"event_name":"Big Fish","player_choice":"Donut","floor":3,"damage_taken":0},{"event_name":"The Cleric","player_choice":"Card Removal","floor":5,"damage_taken":0},{"event_name":"Living Wall","player_choice":"Forget","floor":7,"damage_taken":0},{"event_name":"Golden Idol","player_choice":"Take Damage","floor":10,"damage_taken":0},{"event_name":"The Mausoleum","player_choice":"Yes","floor":19,"damage_taken":0},{"event_name":"Golden Shrine","player_choice":"Desecrate","floor":22,"damage_taken":0},{"event_name":"Masked Bandits","player_choice":"Fought over 405 gold","floor":24,"damage_taken":0},{"event_name":"SensoryStone","player_choice":"Memory 3","floor":37,"damage_taken":0},{"event_name":"Accursed Blacksmith","player_choice":"Forge","floor":39,"damage_taken":0},{"event_name":"The Moai Head","player_choice":"Heal","floor":44,"damage_taken":0},{"event_name":"Mysterious Sphere","player_choice":"Ignore","floor":46,"damage_taken":0}],"boss_relics":[{"not_picked":["Cursed Key","Runic Dome"],"picked":"Velvet Choker"},{"not_picked":["White Beast Statue","Eternal Feather"],"picked":"Pandora\u0027s Box"}],"items_purged_floors":[13,20,48],"potions_floor_spawned":[8,14,21,24,31,33,38,45],"seed_played":"-1628219375480071726","killed_by":"Awakened One","ascension_level":1,"potions_obtained":[{"floor":8,"key":"Strength Potion"},{"floor":14,"key":"Swift Potion"},{"floor":21,"key":"Swift Potion"},{"floor":24,"key":"EssenceOfSteel"},{"floor":31,"key":"Strength Potion"},{"floor":33,"key":"SteroidPotion"},{"floor":38,"key":"Explosive Potion"},{"floor":45,"key":"Explosive Potion"}],"is_trial":false}