{"path_per_floor":["M","?","M","$","?","E","R","E","T","R","M","$","R","M","R","B",null,"M","M","$","M","M"],"character_chosen":"DEFECT","items_purchased":["Defragment","Anchor"],"gold_per_floor":[117,117,130,18,18,56,56,99,170,170,183,83,83,97,97,226,226,239,254,111,136,149,149],"floor_reached":23,"campfire_rested":0,"playtime":1080,"item_purchase_floors":[4,20],"current_hp_per_floor":[75,75,75,75,57,57,57,46,46,46,46,46,46,37,37,6,75,72,61,61,44,28,0],"items_purged":["Strike_B","Strike_B"],"gold":149,"score":249,"play_id":"cccb78e9-1065-4277-ac22-cd3dab847d73","local_time":"20180613220629","is_prod":false,"is_daily":false,"chose_seed":false,"is_ascension_mode":true,"campfire_upgraded":4,"win_rate":0,"timestamp":1528920389,"campfire_choices":[{"data":"Zap","floor":7,"key":"SMITH"},{"data":"Dualcast","floor":10,"key":"SMITH"},{"data":"Defragment","floor":13,"key":"SMITH"},{"data":"Scrape","floor":15,"key":"SMITH"}],"path_taken":["M","?","?","$","?","E","R","E","T","R","M","$","R","M","R","BOSS","M","M","$","M","M","E"],"build_version":"2018-06-13","seed_source_timestamp":12833535996882,"purchased_purges":2,"victory":false,"master_deck":["Strike_B","Defend_B","Defend_B","Defend_B","Defend_B","Zap+1","Dualcast+1","Defragment+1","Gash","Scrape+1","Gash","Auto Shields"],"max_hp_per_floor":[75,75,75,75,75,75,75,75,75,75,75,75,75,75,75,75,75,75,75,75,75,75,75],"special_seed":0,"relics":["Cracked Core","NeowsBlessing","Golden Idol","Juzu Bracelet","Ornamental Fan","Centennial Puzzle","White Beast Statue","Anchor"],"card_choices":[{"not_picked":["Steam Power","Force Field","Steam"],"picked":"SKIP","floor":1},{"not_picked":["Cold Snap","Fusion","Sweeping Beam"],"picked":"SKIP","floor":3},{"not_picked":["Conserve Battery","Rip and Tear"],"picked":"Gash","floor":6},{"not_picked":["White Noise","Sunder"],"picked":"Scrape","floor":8},{"not_picked":["Streamline","Turbo","Cold Snap"],"picked":"SKIP","floor":11},{"not_picked":["Redo","Turbo"],"picked":"Gash","floor":14},{"not_picked":["Ball Lightning","Leap+1","Rip and Tear"],"picked":"SKIP","floor":18},{"not_picked":["Redo","Loop","Hologram+1"],"picked":"SKIP","floor":19},{"not_picked":["Capacitor+1","Fusion"],"picked":"Auto Shields","floor":21},{"not_picked":["Compile Driver","Ball Lightning","Conserve Battery"],"picked":"SKIP","floor":22}],"player_experience":184081,"potions_floor_usage":[8,19,21,22,23,23],"damage_taken":[{"damage":0,"enemies":"Jaw Worm","floor":1,"turns":1},{"damage":0,"enemies":"2 Louse","floor":3,"turns":1},{"damage":0,"enemies":"3 Sentries","floor":6,"turns":1},{"damage":11,"enemies":"Lagavulin","floor":8,"turns":6},{"damage":0,"enemies":"Small Slimes","floor":11,"turns":2},{"damage":9,"enemies":"Red Slaver","floor":14,"turns":2},{"damage":31,"enemies":"The Guardian","floor":16,"turns":8},{"damage":3,"enemies":"3 Byrds","floor":18,"turns":3},{"damage":20,"enemies":"2 Thieves","floor":19,"turns":4},{"damage":17,"enemies":"Snake Plant","floor":21,"turns":3},{"damage":16,"enemies":"3 Cultists","floor":22,"turns":4},{"damage":33,"enemies":"Book of Stabbing","floor":23,"turns":5}],"relics_obtained":[{"floor":6,"key":"Juzu Bracelet"},{"floor":8,"key":"Ornamental Fan"},{"floor":9,"key":"Centennial Puzzle"}],"event_choices":[{"event_name":"Living Wall","player_choice":"Forget","floor":2,"damage_taken":0},{"event_name":"Golden Idol","player_choice":"Take Damage","floor":5,"damage_taken":0}],"boss_relics":[{"not_picked":["Pandora\u0027s Box","Coffee Dripper"],"picked":"White Beast Statue"}],"items_purged_floors":[4,12],"potions_floor_spawned":[1,16,18,19,21,22],"seed_played":"8377527557690077411","killed_by":"Book of Stabbing","ascension_level":2,"potions_obtained":[{"floor":1,"key":"Weak Potion"},{"floor":16,"key":"LiquidBronze"},{"floor":18,"key":"Regen Potion"},{"floor":19,"key":"Swift Potion"},{"floor":21,"key":"SpeedPotion"},{"floor":22,"key":"FearPotion"}],"is_trial":false}