{"gold_per_floor":[12,12,29,29,44,78,97,97,121,132,132,132],"floor_reached":12,"playtime":496,"items_purged":[],"score":104,"play_id":"ab6d2245-7697-434d-bd98-788a86daacb8","local_time":"20190711181405","is_ascension_mode":true,"campfire_choices":[{"floor":8,"key":"REST"}],"neow_cost":"NO_GOLD","seed_source_timestamp":1019083247965,"circlet_count":0,"master_deck":["Strike_R","Strike_R","Strike_R","Strike_R","Defend_R","Defend_R","Defend_R","Defend_R","Bash","Disarm","Searing Blow","Armaments","Spot Weakness","Power Through","Flame Barrier"],"relics":["Burning Blood","Peace Pipe","Ancient Tea Set","Letter Opener","Pen Nib"],"potions_floor_usage":[6],"damage_taken":[{"damage":2,"enemies":"2 Louse","floor":1,"turns":2},{"damage":19,"enemies":"Jaw Worm","floor":3,"turns":4},{"damage":1,"enemies":"Cultist","floor":5,"turns":4},{"damage":61,"enemies":"3 Sentries","floor":6,"turns":15},{"damage":9,"enemies":"Exordium Wildlife","floor":7,"turns":5},{"damage":18,"enemies":"Large Slime","floor":10,"turns":7},{"damage":24,"enemies":"Gremlin Nob","floor":12,"turns":3}],"seed_played":"8520595117330114797","potions_obtained":[{"floor":1,"key":"SkillPotion"},{"floor":5,"key":"FairyPotion"},{"floor":10,"key":"Explosive Potion"}],"is_trial":false,"path_per_floor":["M","?","M","T","M","E","M","R","T","M","?","E"],"character_chosen":"IRONCLAD","items_purchased":[],"campfire_rested":1,"item_purchase_floors":[],"current_hp_per_floor":[76,76,63,63,68,13,10,34,34,22,4,0],"gold":132,"neow_bonus":"ONE_RARE_RELIC","is_prod":false,"is_daily":false,"chose_seed":false,"campfire_upgraded":0,"win_rate":0,"timestamp":1562883245,"path_taken":["M","?","M","?","M","E","M","R","T","M","?","E"],"build_version":"2019-07-05","purchased_purges":0,"victory":false,"max_hp_per_floor":[80,80,80,80,80,80,80,80,80,80,80,80],"card_choices":[{"not_picked":["Armaments","Headbutt"],"picked":"Disarm","floor":1},{"not_picked":["Flex","Anger"],"picked":"Armaments","floor":3},{"not_picked":["Heavy Blade","Dropkick","Corruption"],"picked":"SKIP","floor":5},{"not_picked":["Body Slam","Clothesline"],"picked":"Spot Weakness","floor":6},{"not_picked":["Burning Pact","Iron Wave"],"picked":"Power Through","floor":7},{"not_picked":["Perfected Strike","Wild Strike"],"picked":"Flame Barrier","floor":10}],"player_experience":277749,"relics_obtained":[{"floor":4,"key":"Ancient Tea Set"},{"floor":6,"key":"Letter Opener"}],"event_choices":[{"damage_healed":0,"gold_gain":0,"cards_transformed":["Strike_R"],"player_choice":"Change","damage_taken":0,"max_hp_gain":0,"max_hp_loss":0,"event_name":"Living Wall","floor":2,"gold_loss":0,"cards_obtained":["Searing Blow"]},{"damage_healed":0,"gold_gain":0,"player_choice":"Success","damage_taken":18,"relics_obtained":["Pen Nib"],"max_hp_gain":0,"max_hp_loss":0,"event_name":"Scrap Ooze","floor":11,"gold_loss":0}],"is_beta":false,"boss_relics":[],"items_purged_floors":[],"is_endless":false,"potions_floor_spawned":[1,5,10],"killed_by":"Gremlin Nob","ascension_level":6}