{"gold_per_floor":[119,119,119,38,57,57,71,71,71,90,15,15,33,44,44,144,144,154,174,89,89,89,89,89,120,120,133,145,173,173,208,208,313,313,324,221,236,251,270,282,297,297,324,342,342],"floor_reached":45,"playtime":1860,"items_purged":["Strike_B","Defend_B+1"],"score":469,"play_id":"fd95df49-ad2a-4587-9611-8efaed70b9f6","local_time":"20190907183906","is_ascension_mode":false,"campfire_choices":[{"data":"Zap","floor":6,"key":"SMITH"},{"data":"Fission","floor":12,"key":"SMITH"},{"data":"Dualcast","floor":15,"key":"SMITH"},{"data":"Defragment","floor":23,"key":"SMITH"},{"floor":32,"key":"REST"}],"neow_cost":"NONE","seed_source_timestamp":25920748943400,"circlet_count":0,"master_deck":["Defend_B+1","Zap+1","Dualcast+1","Fission+1","Lockon","Self Repair","Go for the Eyes","Coolheaded","Melter","Defragment+1","Electrodynamics","Conserve Battery","White Noise+1","Leap","Capacitor","Tempest","Defragment","Seek","Cold Snap","Parasite","Cold Snap+1","Madness","Madness","Parasite"],"relics":["Cracked Core","Bronze Scales","Empty Cage","Oddly Smooth Stone","Smiling Mask","Mercury Hourglass","Happy Flower","Anchor","Busted Crown"],"potions_floor_usage":[18,28,45],"damage_taken":[{"damage":1,"enemies":"Jaw Worm","floor":1,"turns":3},{"damage":0,"enemies":"2 Louse","floor":5,"turns":2},{"damage":5,"enemies":"Small Slimes","floor":7,"turns":3},{"damage":1,"enemies":"Red Slaver","floor":10,"turns":3},{"damage":0,"enemies":"Exordium Wildlife","floor":13,"turns":3},{"damage":0,"enemies":"Large Slime","floor":14,"turns":6},{"damage":4,"enemies":"The Guardian","floor":16,"turns":10},{"damage":0,"enemies":"3 Byrds","floor":18,"turns":2},{"damage":0,"enemies":"Spheric Guardian","floor":19,"turns":2},{"damage":26,"enemies":"Slavers","floor":25,"turns":3},{"damage":8,"enemies":"Centurion and Healer","floor":27,"turns":5},{"damage":0,"enemies":"Snake Plant","floor":28,"turns":3},{"damage":3,"enemies":"Gremlin Leader","floor":29,"turns":4},{"damage":33,"enemies":"Slavers","floor":31,"turns":3},{"damage":14,"enemies":"Automaton","floor":33,"turns":7},{"damage":0,"enemies":"3 Shapes","floor":35,"turns":3},{"damage":3,"enemies":"Orb Walker","floor":37,"turns":3},{"damage":7,"enemies":"Writhing Mass","floor":38,"turns":4},{"damage":0,"enemies":"3 Darklings","floor":39,"turns":3},{"damage":9,"enemies":"Maw","floor":40,"turns":6},{"damage":1,"enemies":"4 Shapes","floor":41,"turns":3},{"damage":16,"enemies":"Writhing Mass","floor":44,"turns":4},{"damage":74,"enemies":"Reptomancer","floor":45,"turns":3}],"seed_played":"3897459094982204686","potions_obtained":[{"floor":1,"key":"FearPotion"},{"floor":10,"key":"Ancient Potion"},{"floor":16,"key":"SkillPotion"},{"floor":27,"key":"SkillPotion"},{"floor":28,"key":"Dexterity Potion"}],"is_trial":false,"path_per_floor":["M","?","?","$","M","R","M","?","T","M","$","R","M","M","R","B",null,"M","M","?","$","?","R","?","E","T","M","M","E","?","E","R","B",null,"M","$","M","M","M","M","M","?","T","M","E"],"character_chosen":"DEFECT","items_purchased":["Self Repair","Cold Snap"],"campfire_rested":1,"item_purchase_floors":[4,36],"current_hp_per_floor":[74,59,64,64,64,64,66,66,66,72,72,72,79,80,80,80,80,80,80,80,80,80,80,80,61,61,60,67,71,71,38,62,55,80,80,80,80,80,80,78,80,70,70,61,0],"gold":342,"neow_bonus":"ONE_RANDOM_RARE_CARD","is_prod":false,"is_daily":false,"chose_seed":false,"campfire_upgraded":4,"win_rate":0,"timestamp":1567849146,"path_taken":["M","?","?","?","?","R","M","?","T","M","$","R","M","?","R","BOSS","M","M","?","$","?","R","?","E","T","?","M","E","?","E","R","BOSS","M","$","M","M","M","M","M","?","T","M","E"],"build_version":"2019-07-17","purchased_purges":2,"victory":false,"max_hp_per_floor":[75,75,80,80,80,80,80,80,80,80,80,80,80,80,80,80,80,80,80,80,80,80,80,80,80,80,80,80,80,80,80,80,80,80,80,80,80,80,80,80,80,80,80,80,80],"card_choices":[{"not_picked":["Chill","Coolheaded"],"picked":"Lockon","floor":1},{"not_picked":["Sweeping Beam","Go for the Eyes","Heatsinks"],"picked":"SKIP","floor":5},{"not_picked":["Sweeping Beam","Heatsinks"],"picked":"Go for the Eyes","floor":5},{"not_picked":["Stack","Go for the Eyes"],"picked":"Coolheaded","floor":7},{"not_picked":["Cold Snap","Rebound"],"picked":"Melter","floor":10},{"not_picked":["Rebound","Gash","Fission"],"picked":"SKIP","floor":13},{"not_picked":["Steam","Self Repair"],"picked":"Defragment","floor":14},{"not_picked":["Hyperbeam","Seek"],"picked":"Electrodynamics","floor":16},{"not_picked":["Hello World","Scrape","Sweeping Beam+1"],"picked":"SKIP","floor":18},{"not_picked":["Steam","Reprogram"],"picked":"Conserve Battery","floor":19},{"not_picked":["Sunder","Steam"],"picked":"White Noise+1","floor":25},{"not_picked":["Stack","Storm"],"picked":"Leap","floor":27},{"not_picked":["Conserve Battery","Stack"],"picked":"Capacitor","floor":28},{"not_picked":["Tempest","Undo","Turbo"],"picked":"SKIP","floor":29},{"not_picked":["Undo","Turbo"],"picked":"Tempest","floor":29},{"not_picked":["Hologram","Blizzard"],"picked":"Defragment","floor":31},{"not_picked":["Amplify","Electrodynamics"],"picked":"Seek","floor":33},{"not_picked":["Coolheaded"],"picked":"SKIP","floor":35},{"not_picked":["Gash"],"picked":"SKIP","floor":37},{"not_picked":[],"picked":"Cold Snap+1","floor":38},{"not_picked":["Capacitor"],"picked":"SKIP","floor":39},{"not_picked":["Sweeping Beam"],"picked":"SKIP","floor":40},{"not_picked":["Go for the Eyes"],"picked":"SKIP","floor":41},{"not_picked":["Sweeping Beam+1"],"picked":"SKIP","floor":44}],"player_experience":349579,"relics_obtained":[{"floor":9,"key":"Bronze Scales"},{"floor":25,"key":"Smiling Mask"},{"floor":26,"key":"Mercury Hourglass"},{"floor":29,"key":"Happy Flower"},{"floor":31,"key":"Anchor"}],"event_choices":[{"damage_healed":0,"gold_gain":0,"player_choice":"Entered Light","damage_taken":15,"max_hp_gain":0,"max_hp_loss":0,"event_name":"Shining Light","floor":2,"gold_loss":0,"cards_upgraded":["Defend_B","Defend_B"]},{"damage_healed":0,"gold_gain":0,"player_choice":"Donut","damage_taken":0,"max_hp_gain":5,"max_hp_loss":0,"event_name":"Big Fish","floor":3,"gold_loss":0},{"cards_removed":["Strike_B"],"damage_healed":0,"gold_gain":0,"player_choice":"Purged","damage_taken":0,"max_hp_gain":0,"max_hp_loss":0,"event_name":"Purifier","floor":8,"gold_loss":0},{"damage_healed":0,"gold_gain":0,"player_choice":"Obtained Relic","damage_taken":0,"relics_obtained":["Oddly Smooth Stone"],"max_hp_gain":0,"max_hp_loss":0,"event_name":"Addict","floor":20,"gold_loss":85},{"damage_healed":0,"gold_gain":0,"player_choice":"Ignored","damage_taken":0,"max_hp_gain":0,"max_hp_loss":0,"event_name":"Vampires","floor":22,"gold_loss":0},{"cards_removed":["Defend_B"],"damage_healed":0,"gold_gain":0,"player_choice":"Purged","damage_taken":0,"max_hp_gain":0,"max_hp_loss":0,"event_name":"Purifier","floor":24,"gold_loss":0},{"cards_removed":["Strike_B"],"damage_healed":0,"gold_gain":0,"player_choice":"Elegance","damage_taken":0,"max_hp_gain":0,"max_hp_loss":0,"event_name":"Back to Basics","floor":30,"gold_loss":0},{"damage_healed":0,"gold_gain":0,"player_choice":"Embrace Madness","damage_taken":10,"max_hp_gain":0,"max_hp_loss":0,"event_name":"Winding Halls","floor":42,"gold_loss":0,"cards_obtained":["Madness","Madness"]}],"is_beta":false,"boss_relics":[{"not_picked":["Snecko Eye","Philosopher\u0027s Stone"],"picked":"Empty Cage"},{"not_picked":["FrozenCore","Runic Dome"],"picked":"Busted Crown"}],"items_purged_floors":[11,36],"is_endless":false,"potions_floor_spawned":[1,10,16,27,28,31,33,39,40],"killed_by":"Reptomancer","ascension_level":0}