{"gold_per_floor":[117,137,155,165,165,165,165,192,192,211,223,223,233,252,252,348,348,359,379,399,399],"floor_reached":21,"playtime":969,"items_purged":[],"score":187,"play_id":"79a4cb7b-ee16-456b-833c-8c24217833e9","local_time":"20190204190651","is_ascension_mode":false,"campfire_choices":[{"data":"Spot Weakness","floor":6,"key":"SMITH"},{"floor":12,"key":"REST"},{"floor":15,"key":"REST"}],"neow_cost":"NONE","seed_source_timestamp":638609143124904,"circlet_count":0,"master_deck":["Strike_R","Strike_R","Strike_R","Strike_R","Strike_R","Defend_R","Defend_R+1","Defend_R","Defend_R","Bash+1","Spot Weakness+1","Clothesline","Twin Strike","Decay","Metallicize","Pommel Strike","Flex","Battle Trance","Flex","Reaper","Burning Pact","Havoc+1","Body Slam"],"relics":["Burning Blood","NeowsBlessing","PreservedInsect","Bottled Lightning","Mark of Pain"],"potions_floor_usage":[16,16],"damage_taken":[{"damage":0,"enemies":"Small Slimes","floor":1,"turns":1},{"damage":0,"enemies":"Cultist","floor":2,"turns":1},{"damage":0,"enemies":"2 Louse","floor":3,"turns":1},{"damage":37,"enemies":"Exordium Thugs","floor":4,"turns":5},{"damage":16,"enemies":"Gremlin Nob","floor":8,"turns":4},{"damage":14,"enemies":"Lots of Slimes","floor":10,"turns":7},{"damage":4,"enemies":"Large Slime","floor":11,"turns":5},{"damage":14,"enemies":"Exordium Wildlife","floor":13,"turns":4},{"damage":6,"enemies":"3 Louse","floor":14,"turns":4},{"damage":54,"enemies":"Hexaghost","floor":16,"turns":10},{"damage":36,"enemies":"Spheric Guardian","floor":18,"turns":7},{"damage":11,"enemies":"Shell Parasite","floor":19,"turns":5},{"damage":51,"enemies":"Snake Plant","floor":20,"turns":5},{"damage":0,"enemies":"Shelled Parasite and Fungi","floor":21,"turns":1}],"seed_played":"6781944497966306887","potions_obtained":[{"floor":3,"key":"Poison Potion"},{"floor":8,"key":"SpeedPotion"},{"floor":13,"key":"AttackPotion"},{"floor":20,"key":"LiquidBronze"}],"is_trial":false,"path_per_floor":["M","M","M","M","?","R","?","E","T","M","M","R","M","M","R","B",null,"M","M","M","M"],"character_chosen":"IRONCLAD","items_purchased":[],"campfire_rested":2,"item_purchase_floors":[],"current_hp_per_floor":[80,80,80,49,33,33,33,23,23,15,17,41,33,33,57,9,80,52,47,10,10],"gold":399,"neow_bonus":"THREE_ENEMY_KILL","is_prod":false,"is_daily":false,"chose_seed":false,"campfire_upgraded":1,"win_rate":0,"timestamp":1549274811,"path_taken":["M","M","M","M","?","R","?","E","T","M","M","R","?","M","R","BOSS","M","?","M","M"],"build_version":"2019-01-23","purchased_purges":0,"victory":false,"max_hp_per_floor":[80,80,80,80,80,80,80,80,80,80,80,80,80,80,80,80,80,80,80,80,80],"card_choices":[{"not_picked":["Sword Boomerang","Fire Breathing","Hemokinesis"],"picked":"SKIP","floor":1},{"not_picked":["Shrug It Off","Thunderclap"],"picked":"Spot Weakness","floor":2},{"not_picked":["Clash","Perfected Strike"],"picked":"Clothesline","floor":3},{"not_picked":["Flex","Pommel Strike"],"picked":"Twin Strike","floor":4},{"not_picked":["Double Tap","Pommel Strike"],"picked":"Metallicize","floor":8},{"not_picked":["Bloodletting","Clash"],"picked":"Pommel Strike","floor":10},{"not_picked":["Perfected Strike","Clothesline"],"picked":"Flex","floor":11},{"not_picked":["Corruption","Rupture"],"picked":"Battle Trance","floor":13},{"not_picked":["Wild Strike","Power Through"],"picked":"Flex","floor":14},{"not_picked":["Limit Break","Juggernaut"],"picked":"Reaper","floor":16},{"not_picked":["Warcry+1","Wild Strike"],"picked":"Burning Pact","floor":18},{"not_picked":["Seeing Red","Perfected Strike"],"picked":"Havoc+1","floor":19},{"not_picked":["Twin Strike+1","Evolve"],"picked":"Body Slam","floor":20}],"player_experience":135850,"relics_obtained":[{"floor":8,"key":"PreservedInsect"},{"floor":9,"key":"Bottled Lightning"}],"event_choices":[{"damage_healed":0,"gold_gain":0,"player_choice":"Entered Light","damage_taken":16,"max_hp_gain":0,"max_hp_loss":0,"event_name":"Shining Light","floor":5,"gold_loss":0,"cards_upgraded":["Defend_R","Bash"]},{"damage_healed":0,"gold_gain":0,"player_choice":"Cursed","damage_taken":0,"max_hp_gain":0,"max_hp_loss":0,"event_name":"Wheel of Change","floor":7,"gold_loss":0,"cards_obtained":["Decay"]}],"is_beta":false,"boss_relics":[{"not_picked":["Lizard Tail","Astrolabe"],"picked":"Mark of Pain"}],"items_purged_floors":[],"is_endless":false,"potions_floor_spawned":[3,8,13,20],"killed_by":"Shelled Parasite and Fungi","ascension_level":0}