{"gold_per_floor":[110,123,137,149,165,165,179,179,206,206,217,227,242,262,262,367,367,387,244,244,244,144,144,69],"floor_reached":24,"playtime":726,"items_purged":["Strike_B","Defend_B"],"score":192,"play_id":"e47d00df-1cd5-4884-b97c-36ab79eade30","local_time":"20190830123222","is_ascension_mode":false,"campfire_choices":[{"data":"Zap","floor":6,"key":"SMITH"},{"data":"Auto Shields","floor":8,"key":"SMITH"},{"data":"Dualcast","floor":10,"key":"SMITH"},{"data":"Recycle","floor":15,"key":"SMITH"},{"data":"Rainbow","floor":23,"key":"SMITH"}],"neow_cost":"NONE","seed_source_timestamp":1220498955659500,"circlet_count":0,"master_deck":["Strike_B","Strike_B","Strike_B","Defend_B","Defend_B","Defend_B","Zap+1","Dualcast+1","Auto Shields+1","Double Energy","FTL","Streamline","Capacitor","Chaos","Recycle+1","Coolheaded","Rainbow+1","Ball Lightning","Core Surge"],"relics":["Cracked Core","NeowsBlessing","Ancient Tea Set","Busted Crown"],"potions_floor_usage":[14,16,18],"damage_taken":[{"damage":0,"enemies":"Cultist","floor":1,"turns":1},{"damage":0,"enemies":"Jaw Worm","floor":2,"turns":1},{"damage":0,"enemies":"Small Slimes","floor":3,"turns":1},{"damage":3,"enemies":"Red Slaver","floor":4,"turns":3},{"damage":5,"enemies":"Lots of Slimes","floor":5,"turns":4},{"damage":7,"enemies":"3 Louse","floor":7,"turns":3},{"damage":0,"enemies":"Exordium Wildlife","floor":11,"turns":3},{"damage":6,"enemies":"Red Slaver","floor":12,"turns":3},{"damage":0,"enemies":"2 Fungi Beasts","floor":13,"turns":3},{"damage":16,"enemies":"Exordium Wildlife","floor":14,"turns":5},{"damage":43,"enemies":"The Guardian","floor":16,"turns":12},{"damage":38,"enemies":"3 Byrds","floor":18,"turns":4},{"damage":34,"enemies":"2 Thieves","floor":24,"turns":3}],"seed_played":"6823134941696634874","potions_obtained":[{"floor":1,"key":"Regen Potion"},{"floor":5,"key":"Swift Potion"},{"floor":11,"key":"Explosive Potion"},{"floor":16,"key":"Dexterity Potion"},{"floor":18,"key":"GamblersBrew"}],"is_trial":false,"path_per_floor":["M","M","M","M","M","R","M","R","T","R","M","M","M","M","R","B",null,"M","$","?","?","$","R","M"],"character_chosen":"DEFECT","items_purchased":["Core Surge"],"campfire_rested":0,"item_purchase_floors":[19],"current_hp_per_floor":[75,75,75,72,67,67,60,60,60,60,60,54,54,38,38,10,75,37,37,37,23,23,23,0],"gold":69,"neow_bonus":"THREE_ENEMY_KILL","is_prod":false,"is_daily":false,"chose_seed":false,"campfire_upgraded":5,"win_rate":0,"timestamp":1567135942,"path_taken":["M","M","M","M","M","R","M","R","T","R","?","?","M","M","R","BOSS","M","$","?","?","$","R","M"],"build_version":"2019-07-17","purchased_purges":2,"victory":false,"max_hp_per_floor":[75,75,75,75,75,75,75,75,75,75,75,75,75,75,75,75,75,75,75,75,80,80,80,80],"card_choices":[{"not_picked":["Lockon","Stack"],"picked":"Auto Shields","floor":1},{"not_picked":["Turbo","FTL"],"picked":"Double Energy","floor":2},{"not_picked":["Beam Cell","Redo","Static Discharge"],"picked":"SKIP","floor":3},{"not_picked":["Stack","Skim"],"picked":"FTL","floor":4},{"not_picked":["Capacitor","Skim"],"picked":"Streamline","floor":5},{"not_picked":["Gash","Conserve Battery"],"picked":"Capacitor","floor":7},{"not_picked":["Biased Cognition","Conserve Battery"],"picked":"Chaos","floor":11},{"not_picked":["Barrage","Hologram","Sweeping Beam"],"picked":"SKIP","floor":12},{"not_picked":["Redo","Reinforced Body"],"picked":"Recycle","floor":13},{"not_picked":["Redo","Melter"],"picked":"Coolheaded","floor":14},{"not_picked":["Multi-Cast","Biased Cognition"],"picked":"Rainbow","floor":16},{"not_picked":[],"picked":"Ball Lightning","floor":18}],"player_experience":317283,"relics_obtained":[{"floor":9,"key":"Ancient Tea Set"}],"event_choices":[{"damage_healed":0,"gold_gain":0,"player_choice":"Ignored","damage_taken":0,"max_hp_gain":0,"max_hp_loss":0,"event_name":"Cursed Tome","floor":20,"gold_loss":0},{"damage_healed":0,"gold_gain":0,"player_choice":"Shed Blood","damage_taken":19,"max_hp_gain":5,"max_hp_loss":0,"event_name":"Forgotten Altar","floor":21,"gold_loss":0}],"is_beta":false,"boss_relics":[{"not_picked":["Philosopher\u0027s Stone","Eternal Feather"],"picked":"Busted Crown"}],"items_purged_floors":[19,22],"is_endless":false,"potions_floor_spawned":[1,5,11,12,16,18],"killed_by":"2 Thieves","ascension_level":0}