{"path_per_floor":["M","?","M","$","M","R","E","R","T","M","M","?","?","$","R","B",null,"M","?","M","$","?","R","M","$","T","M","R","M","$","?","R","B",null,"M","M","M","$","M","R","?","R","T","$","R","M","R","E","R","B"],"character_chosen":"DEFECT","items_purchased":["Defragment","Ball Lightning","Capacitor"],"gold_per_floor":[210,210,220,70,85,85,110,110,191,208,218,218,218,48,48,144,144,158,158,177,52,52,52,72,72,72,91,91,102,102,137,137,235,235,252,264,275,125,145,145,145,145,169,169,169,185,185,214,214,214],"floor_reached":51,"campfire_rested":5,"playtime":3026,"item_purchase_floors":[4,14,14],"current_hp_per_floor":[72,72,70,70,70,70,55,55,55,49,41,29,29,29,66,60,75,59,45,45,45,45,45,21,21,31,19,61,46,46,31,73,12,90,90,84,23,23,23,65,65,65,65,65,65,57,57,51,90,42],"items_purged":["Defend_B","Strike_B","Strike_B","Strike_B"],"gold":214,"score":675,"play_id":"a7578ce7-82a3-4bed-83d5-1c3b581d98b7","local_time":"20180524210911","is_prod":false,"is_daily":false,"chose_seed":false,"is_ascension_mode":false,"campfire_upgraded":6,"win_rate":0,"timestamp":1527188951,"campfire_choices":[{"data":"Defragment","floor":6,"key":"SMITH"},{"data":"Tempest","floor":8,"key":"SMITH"},{"floor":15,"key":"REST"},{"data":"Tempest","floor":23,"key":"SMITH"},{"floor":28,"key":"REST"},{"floor":32,"key":"REST"},{"floor":40,"key":"REST"},{"data":"Tempest","floor":42,"key":"SMITH"},{"data":"Seek","floor":45,"key":"SMITH"},{"data":"Biased Cognition","floor":47,"key":"SMITH"},{"floor":49,"key":"REST"}],"path_taken":["M","?","M","$","M","R","E","R","T","M","M","?","?","?","R","BOSS","M","?","M","$","?","R","M","$","T","M","R","M","$","?","R","BOSS","M","M","M","$","M","R","?","R","T","$","R","?","R","E","R","BOSS"],"build_version":"2018-05-23v2","seed_source_timestamp":25872919931994,"purchased_purges":4,"victory":true,"master_deck":["Defend_B","Defend_B","Zap","Dualcast","Tempest+1","Reinforced Body","Defragment+1","Ball Lightning","Capacitor","Tempest+1","Machine Learning","Ball Lightning","Capacitor","Thunder Strike","Amplify","Turbo","Turbo","Tempest+1","Auto Shields","Seek+1","Biased Cognition+1","Double Energy+1","Cold Snap","FTL","Creative AI"],"max_hp_per_floor":[75,75,75,75,75,75,75,75,75,75,75,75,75,75,75,75,75,75,80,80,80,80,80,80,80,90,90,90,90,90,90,90,90,90,90,90,90,90,90,90,90,90,90,90,90,90,90,90,90,90],"relics":["Cracked Core","Regal Pillow","Mercury Hourglass","Art of War","Orrery","Pear","Red Mask","Runic Pyramid","Orichalcum","Letter Opener"],"card_choices":[{"not_picked":["Consume","Beam Cell"],"picked":"Tempest","floor":1},{"not_picked":["Compile Driver","Barrage"],"picked":"Reinforced Body","floor":3},{"not_picked":["BootSequence","Consume"],"picked":"Ball Lightning","floor":5},{"not_picked":["Steam","Consume"],"picked":"Capacitor","floor":7},{"not_picked":["Barrage","Rebound","Redo"],"picked":"SKIP","floor":10},{"not_picked":["Cold Snap","Hyperbeam"],"picked":"Tempest","floor":11},{"not_picked":["All For One","Core Surge"],"picked":"Thunder Strike","floor":16},{"not_picked":["Leap","Recycle"],"picked":"Amplify","floor":17},{"not_picked":["Chaos","Chill"],"picked":"Turbo","floor":17},{"not_picked":["Aggregate","Compile Driver"],"picked":"Turbo","floor":17},{"not_picked":["Thunder Strike","Aggregate"],"picked":"Tempest","floor":18},{"not_picked":["Chill","Steam Power","Beam Cell"],"picked":"SKIP","floor":20},{"not_picked":["Ball Lightning+1","Beam Cell","Go for the Eyes"],"picked":"SKIP","floor":24},{"not_picked":["Compile Driver","Rebound+1"],"picked":"Auto Shields","floor":27},{"not_picked":["Go for the Eyes","Barrage"],"picked":"Seek","floor":29},{"not_picked":["Machine Learning","Core Surge"],"picked":"Biased Cognition","floor":33},{"not_picked":["Blizzard","Capacitor","Chill+1"],"picked":"SKIP","floor":35},{"not_picked":["Barrage","Aggregate","Steam"],"picked":"SKIP","floor":36},{"not_picked":["Capacitor","Barrage"],"picked":"Double Energy+1","floor":37},{"not_picked":["Recycle+1","Scrape","Ball Lightning+1"],"picked":"SKIP","floor":39},{"not_picked":["Stack","Turbo+1"],"picked":"FTL","floor":46},{"not_picked":["Coolheaded+1","Static Discharge+1"],"picked":"Creative AI","floor":48}],"player_experience":89334,"potions_floor_usage":[18,20,27,27,33,33,35,46,50,50],"damage_taken":[{"damage":3,"enemies":"Jaw Worm","floor":1,"turns":5},{"damage":2,"enemies":"2 Louse","floor":3,"turns":2},{"damage":0,"enemies":"Small Slimes","floor":5,"turns":3},{"damage":15,"enemies":"3 Sentries","floor":7,"turns":6},{"damage":6,"enemies":"2 Fungi Beasts","floor":10,"turns":3},{"damage":8,"enemies":"Lots of Slimes","floor":11,"turns":2},{"damage":6,"enemies":"The Guardian","floor":16,"turns":7},{"damage":16,"enemies":"3 Byrds","floor":18,"turns":3},{"damage":0,"enemies":"Chosen","floor":20,"turns":4},{"damage":24,"enemies":"Centurion and Healer","floor":24,"turns":4},{"damage":12,"enemies":"3 Cultists","floor":27,"turns":4},{"damage":15,"enemies":"Chosen and Byrds","floor":29,"turns":3},{"damage":15,"enemies":"Masked Bandits","floor":31,"turns":3},{"damage":61,"enemies":"Champ","floor":33,"turns":8},{"damage":0,"enemies":"3 Shapes","floor":35,"turns":3},{"damage":6,"enemies":"Orb Walker","floor":36,"turns":3},{"damage":61,"enemies":"4 Shapes","floor":37,"turns":4},{"damage":0,"enemies":"Spire Growth","floor":39,"turns":3},{"damage":13,"enemies":"Maw","floor":46,"turns":6},{"damage":6,"enemies":"Nemesis","floor":48,"turns":5},{"damage":48,"enemies":"Time Eater","floor":50,"turns":8}],"relics_obtained":[{"floor":7,"key":"Regal Pillow"},{"floor":9,"key":"Mercury Hourglass"},{"floor":26,"key":"Pear"},{"floor":31,"key":"Red Mask"},{"floor":43,"key":"Orichalcum"},{"floor":48,"key":"Letter Opener"}],"event_choices":[{"event_name":"Living Wall","player_choice":"Forget","floor":2,"damage_taken":0},{"event_name":"Scrap Ooze","player_choice":"success","floor":12,"damage_taken":12},{"event_name":"Match and Keep!","player_choice":"1 cards matched","floor":13,"damage_taken":0},{"event_name":"Forgotten Altar","player_choice":"Shed Blood","floor":19,"damage_taken":0},{"event_name":"Addict","player_choice":"Ignored","floor":22,"damage_taken":0},{"event_name":"Masked Bandits","player_choice":"Fought over 102 gold","floor":31,"damage_taken":0},{"event_name":"Transmorgrifier","player_choice":"Transform","floor":41,"damage_taken":0}],"boss_relics":[{"not_picked":["Tiny House","White Beast Statue"],"picked":"Orrery"},{"not_picked":["Snecko Eye","Astrolabe"],"picked":"Runic Pyramid"}],"items_purged_floors":[4,14,21,38],"potions_floor_spawned":[1,5,11,24,29,31,33,36,39,46],"seed_played":"3395367173657158985","ascension_level":0,"potions_obtained":[{"floor":1,"key":"FocusPotion"},{"floor":5,"key":"LiquidBronze"},{"floor":11,"key":"AttackPotion"},{"floor":24,"key":"Energy Potion"},{"floor":29,"key":"PowerPotion"},{"floor":31,"key":"LiquidBronze"},{"floor":33,"key":"Explosive Potion"},{"floor":36,"key":"Strength Potion"},{"floor":39,"key":"Regen Potion"},{"floor":46,"key":"Dexterity Potion"}],"is_trial":false}