{"gold_per_floor":[113,4,21,32,51,51,51,51,51,27,27,46,71,88,88,190,190,204,18,34,34,34,34,34,34,84,84,118,22,33,45,45,149,149,184,84,125,125,46,46,98,98,147,172,172,202,219,230,230,230,230,230,32,62,62],"floor_reached":55,"playtime":3134,"items_purged":["Doubt","Defend_B"],"score":748,"play_id":"4efb52f6-d748-4816-8326-09c9c29aeff4","local_time":"20190129205446","is_ascension_mode":false,"campfire_choices":[{"data":"Go for the Eyes","floor":6,"key":"SMITH"},{"data":"Zap","floor":8,"key":"SMITH"},{"data":"White Noise","floor":15,"key":"SMITH"},{"data":"HandOfGreed","floor":23,"key":"SMITH"},{"data":"Electrodynamics","floor":25,"key":"SMITH"},{"floor":32,"key":"REST"},{"data":"Capacitor","floor":40,"key":"SMITH"},{"data":"Creative AI","floor":42,"key":"SMITH"},{"data":"Amplify","floor":45,"key":"SMITH"},{"floor":49,"key":"RECALL"},{"data":"Heatsinks","floor":52,"key":"SMITH"}],"neow_cost":"CURSE","seed_source_timestamp":481469500101558,"circlet_count":0,"master_deck":["Defend_B","Defend_B","Zap+1","Dualcast","Electrodynamics+1","Defragment+1","Go for the Eyes+1","Hologram","Machine Learning","White Noise+1","HandOfGreed+1","Conserve Battery","Consume","Genetic Algorithm","Heatsinks+1","Finesse","Leap","Conserve Battery","Capacitor+1","Amplify+1","Conserve Battery","Glacier+1","Conserve Battery","Loop","Creative AI+1","Hologram+1","Force Field+1","Undo","Coolheaded+1"],"relics":["Cracked Core","Dodecahedron","Ancient Tea Set","Empty Cage","Oddly Smooth Stone","Prayer Wheel","Orrery","Turnip","Art of War","Kunai","ClockworkSouvenir","Sundial"],"potions_floor_usage":[1,28,30,35,44,46,50,55,55],"damage_taken":[{"damage":0,"enemies":"Cultist","floor":1,"turns":3},{"damage":0,"enemies":"Small Slimes","floor":3,"turns":2},{"damage":0,"enemies":"2 Louse","floor":4,"turns":2},{"damage":6,"enemies":"Red Slaver","floor":5,"turns":4},{"damage":13,"enemies":"Blue Slaver","floor":12,"turns":3},{"damage":21,"enemies":"Gremlin Nob","floor":13,"turns":4},{"damage":0,"enemies":"Large Slime","floor":14,"turns":2},{"damage":25,"enemies":"Slime Boss","floor":16,"turns":6},{"damage":9,"enemies":"Spheric Guardian","floor":18,"turns":4},{"damage":19,"enemies":"2 Thieves","floor":20,"turns":3},{"damage":30,"enemies":"Book of Stabbing","floor":28,"turns":5},{"damage":17,"enemies":"Cultist and Chosen","floor":30,"turns":5},{"damage":0,"enemies":"Chosen and Byrds","floor":31,"turns":5},{"damage":26,"enemies":"Collector","floor":33,"turns":8},{"damage":2,"enemies":"Orb Walker","floor":35,"turns":5},{"damage":17,"enemies":"3 Shapes","floor":37,"turns":4},{"damage":20,"enemies":"Reptomancer","floor":41,"turns":7},{"damage":5,"enemies":"Giant Head","floor":44,"turns":10},{"damage":12,"enemies":"Nemesis","floor":46,"turns":9},{"damage":5,"enemies":"Maw","floor":47,"turns":7},{"damage":1,"enemies":"Spire Growth","floor":48,"turns":6},{"damage":4,"enemies":"Time Eater","floor":50,"turns":13},{"damage":16,"enemies":"Shield and Spear","floor":54,"turns":7},{"damage":88,"enemies":"The Heart","floor":55,"turns":15}],"seed_played":"2697339726360033644","potions_obtained":[{"floor":1,"key":"Fruit Juice"},{"floor":12,"key":"FairyPotion"},{"floor":18,"key":"EssenceOfSteel"},{"floor":28,"key":"LiquidBronze"},{"floor":33,"key":"SkillPotion"},{"floor":35,"key":"SneckoOil"},{"floor":41,"key":"FocusPotion"},{"floor":44,"key":"SpeedPotion"},{"floor":48,"key":"Block Potion"},{"floor":54,"key":"Swift Potion"}],"is_trial":false,"path_per_floor":["M","$","M","M","M","R","?","R","T","$","?","M","E","M","R","B",null,"M","$","M","?","?","R","?","R","T","?","E","$","M","M","R","B",null,"M","$","M","?","$","R","E","R","T","E","R","E","M","M","R","B",null,"R","$","E","B"],"character_chosen":"DEFECT","items_purchased":["Defragment","Hologram","HandOfGreed","Finesse","Loop","ClockworkSouvenir"],"campfire_rested":1,"item_purchase_floors":[2,10,19,29,39,53],"current_hp_per_floor":[80,80,80,80,74,74,74,74,74,74,74,61,40,40,40,15,80,71,71,52,52,52,52,52,52,52,52,22,22,5,5,29,3,80,78,78,61,61,61,61,41,41,41,36,36,24,19,18,18,14,80,80,80,64,0],"gold":62,"neow_bonus":"THREE_RARE_CARDS","is_prod":false,"is_daily":false,"chose_seed":false,"campfire_upgraded":9,"win_rate":0,"timestamp":1548816886,"path_taken":["M","$","M","?","M","R","?","R","T","?","?","?","E","M","R","BOSS","M","$","M","?","?","R","?","R","T","?","E","$","M","M","R","BOSS","M","?","M","?","$","R","E","R","T","E","R","E","M","M","R","BOSS","R","$","E","BOSS"],"build_version":"2019-01-23","purchased_purges":2,"victory":false,"max_hp_per_floor":[80,80,80,80,80,80,80,80,80,80,80,80,80,80,80,80,80,80,80,80,80,80,80,80,80,80,80,80,80,80,80,80,80,80,80,80,80,80,80,80,80,80,80,80,80,80,80,80,80,80,80,80,80,80,80],"card_choices":[{"not_picked":["Reboot","Echo Form"],"picked":"Electrodynamics","floor":0},{"not_picked":["Stack","Redo","Steam"],"picked":"SKIP","floor":1},{"not_picked":["Blizzard","Gash","Aggregate"],"picked":"SKIP","floor":3},{"not_picked":["Compile Driver","Hologram","Hello World"],"picked":"SKIP","floor":4},{"not_picked":["Compile Driver","Go for the Eyes","Beam Cell"],"picked":"SKIP","floor":5},{"not_picked":["Compile Driver","Beam Cell"],"picked":"Go for the Eyes","floor":5},{"not_picked":["Hologram","Steam","Sweeping Beam"],"picked":"SKIP","floor":12},{"not_picked":["Gash","BootSequence"],"picked":"Machine Learning","floor":13},{"not_picked":["Melter","Gash"],"picked":"White Noise","floor":14},{"not_picked":["Sunder","Barrage","Scrape+1"],"picked":"SKIP","floor":18},{"not_picked":["Genetic Algorithm","Stack","Reprogram"],"picked":"SKIP","floor":20},{"not_picked":["Hologram","Reprogram"],"picked":"Heatsinks","floor":28},{"not_picked":["Storm","Coolheaded"],"picked":"Leap","floor":30},{"not_picked":["Chaos","Fusion","Melter"],"picked":"SKIP","floor":30},{"not_picked":["Ball Lightning","Stack+1"],"picked":"Conserve Battery","floor":31},{"not_picked":["Ball Lightning","Heatsinks"],"picked":"Capacitor","floor":31},{"not_picked":["Reboot","Hyperbeam"],"picked":"Amplify","floor":33},{"not_picked":["Coolheaded","Consume"],"picked":"Conserve Battery","floor":34},{"not_picked":["Echo Form","Coolheaded"],"picked":"Glacier+1","floor":34},{"not_picked":["Skim","Gash","Compile Driver+1"],"picked":"SKIP","floor":35},{"not_picked":["Steam","Consume+1","Stack+1"],"picked":"SKIP","floor":35},{"not_picked":["Steam+1","Reboot"],"picked":"Conserve Battery","floor":37},{"not_picked":["Turbo+1","Beam Cell","Go for the Eyes"],"picked":"SKIP","floor":37},{"not_picked":["Streamline+1","Leap+1"],"picked":"Creative AI","floor":41},{"not_picked":["Hello World","Coolheaded","Ball Lightning+1"],"picked":"SKIP","floor":44},{"not_picked":["Thunder Strike","Redo+1"],"picked":"Hologram+1","floor":46},{"not_picked":["Conserve Battery+1","Hologram+1"],"picked":"Force Field+1","floor":47},{"not_picked":["Doom and Gloom","Melter","Gash"],"picked":"SKIP","floor":47},{"not_picked":["Beam Cell+1","Redo"],"picked":"Undo","floor":48},{"not_picked":["Beam Cell","Static Discharge","Melter"],"picked":"SKIP","floor":48},{"not_picked":["Cold Snap+1","Barrage"],"picked":"Coolheaded+1","floor":54}],"player_experience":412178,"relics_obtained":[{"floor":9,"key":"Dodecahedron"},{"floor":13,"key":"Ancient Tea Set"},{"floor":26,"key":"Oddly Smooth Stone"},{"floor":28,"key":"Prayer Wheel"},{"floor":41,"key":"Turnip"},{"floor":44,"key":"Art of War"},{"floor":46,"key":"Kunai"},{"floor":54,"key":"Sundial"}],"event_choices":[{"damage_healed":0,"gold_gain":0,"player_choice":"Upgraded","damage_taken":0,"max_hp_gain":0,"max_hp_loss":0,"event_name":"Upgrade Shrine","floor":7,"gold_loss":0,"cards_upgraded":["Defragment"]},{"damage_healed":0,"gold_gain":0,"player_choice":"0 cards matched","damage_taken":0,"max_hp_gain":0,"max_hp_loss":0,"event_name":"Match and Keep!","floor":11,"gold_loss":0,"cards_obtained":[]},{"damage_healed":0,"gold_gain":0,"player_choice":"Read","damage_taken":0,"max_hp_gain":0,"max_hp_loss":0,"event_name":"The Library","floor":21,"gold_loss":0,"cards_obtained":["Conserve Battery"]},{"damage_healed":0,"gold_gain":0,"cards_transformed":["Strike_B","Strike_B"],"player_choice":"Became Test Subject","damage_taken":0,"max_hp_gain":0,"max_hp_loss":0,"event_name":"Drug Dealer","floor":22,"gold_loss":0,"cards_obtained":["Consume","Genetic Algorithm"]},{"damage_healed":0,"gold_gain":0,"player_choice":"Ignored","damage_taken":0,"max_hp_gain":0,"max_hp_loss":0,"event_name":"Cursed Tome","floor":24,"gold_loss":0},{"damage_healed":0,"gold_gain":0,"player_choice":"Ignored","damage_taken":0,"max_hp_gain":0,"max_hp_loss":0,"event_name":"N\u0027loth","floor":27,"gold_loss":0},{"cards_removed":["Defend_B"],"damage_healed":0,"gold_gain":0,"player_choice":"Removed Skill","damage_taken":0,"max_hp_gain":0,"max_hp_loss":0,"event_name":"Falling","floor":38,"gold_loss":0}],"is_beta":true,"boss_relics":[{"not_picked":["Snecko Eye","FrozenCore"],"picked":"Empty Cage"},{"not_picked":["Busted Crown","Fusion Hammer"],"picked":"Orrery"}],"items_purged_floors":[2,36],"is_endless":false,"potions_floor_spawned":[1,12,18,28,33,35,41,44,48,54],"killed_by":"The Heart","ascension_level":0}