{"path_per_floor":["M","$","M","$","?","R","M","R","T","E","M","R","E","$","R","B",null,"M","$","?","$","M","R","?","?","T","M","R","M","M","$","R","B",null,"M","?","?","$","M","R","M","M","T","R","M","M","?","$","R"],"character_chosen":"DEFECT","items_purchased":["Anchor","Strange Spoon"],"gold_per_floor":[111,36,55,55,55,55,66,66,66,93,110,110,136,36,36,138,138,151,151,151,151,168,168,118,118,165,185,185,205,223,66,66,165,165,183,183,183,183,195,195,210,227,227,227,244,258,258,61,61,61],"floor_reached":50,"campfire_rested":1,"playtime":3041,"item_purchase_floors":[31,48],"current_hp_per_floor":[75,75,75,75,75,75,75,75,75,69,69,69,55,55,55,34,79,81,81,81,81,73,73,73,57,57,57,57,57,63,63,63,7,83,83,83,73,73,75,75,60,52,52,78,88,89,89,89,89,0],"items_purged":["Strike_B","Dualcast"],"gold":61,"score":450,"play_id":"8d507609-a967-4cd5-93f8-c4e0f100fa94","local_time":"20180529225826","is_prod":false,"is_daily":false,"chose_seed":false,"is_ascension_mode":false,"campfire_upgraded":9,"win_rate":0,"timestamp":1527627506,"campfire_choices":[{"data":"Sunder","floor":6,"key":"SMITH"},{"data":"Tempest","floor":8,"key":"SMITH"},{"data":"Chill","floor":12,"key":"SMITH"},{"data":"Zap","floor":15,"key":"SMITH"},{"data":"Rainbow","floor":23,"key":"SMITH"},{"data":"Self Repair","floor":28,"key":"SMITH"},{"data":"Electrodynamics","floor":32,"key":"SMITH"},{"data":"Seek","floor":40,"key":"SMITH"},{"floor":44,"key":"REST"},{"data":"Defragment","floor":49,"key":"SMITH"}],"path_taken":["M","$","M","$","?","R","?","R","T","E","M","R","E","?","R","BOSS","M","$","?","?","?","R","?","?","T","M","R","M","M","$","R","BOSS","M","?","?","?","?","R","M","M","T","R","M","M","?","$","R","BOSS"],"build_version":"2018-05-28","seed_source_timestamp":26409530620059,"purchased_purges":2,"victory":false,"master_deck":["Defend_B","Defend_B+1","Defend_B+1","Zap+1","Sunder+1","Leap","Tempest+1","Chill+1","Rainbow+1","Reboot","Chill","Necronomicurse","Self Repair+1","Compile Driver","Electrodynamics+1","Seek+1","Cold Snap+1","Buffer+1","Blizzard+1","Streamline+1","Madness","Madness","Buffer","Defragment+1"],"max_hp_per_floor":[75,75,75,75,75,75,75,75,75,77,77,77,79,79,79,79,79,81,81,81,81,83,83,83,83,83,83,83,83,83,83,83,83,83,83,83,83,83,85,85,87,89,89,89,89,89,89,89,89,89],"relics":["Cracked Core","NeowsBlessing","Gremlin Horn","Singing Bowl","Boot","Inserter","Necronomicon","War Paint","Anchor","Astrolabe","Blue Candle","Strange Spoon"],"card_choices":[{"not_picked":["Redo","Coolheaded"],"picked":"Sunder","floor":1},{"not_picked":["Cold Snap","Scrape"],"picked":"Leap","floor":3},{"not_picked":["Defragment","Barrage"],"picked":"Tempest","floor":7},{"not_picked":["Reprogram","Blizzard","Sunder"],"picked":"Singing Bowl","floor":10},{"not_picked":["Streamline","Genetic Algorithm"],"picked":"Chill","floor":11},{"not_picked":["Rebound","Steam Power","Cold Snap"],"picked":"Singing Bowl","floor":13},{"not_picked":["Reboot","Hyperbeam"],"picked":"Rainbow","floor":16},{"not_picked":["Hologram","Cold Snap","Go for the Eyes+1"],"picked":"Singing Bowl","floor":18},{"not_picked":["Steam","Glacier","Beam Cell"],"picked":"Singing Bowl","floor":22},{"not_picked":["Cold Snap","Steam Power"],"picked":"Self Repair","floor":27},{"not_picked":["Turbo","Coolheaded"],"picked":"Compile Driver","floor":29},{"not_picked":["Ball Lightning","Streamline+1"],"picked":"Electrodynamics","floor":30},{"not_picked":["Buffer","Machine Learning"],"picked":"Seek","floor":33},{"not_picked":["Compile Driver+1","Aggregate"],"picked":"Streamline+1","floor":35},{"not_picked":["Compile Driver+1","Loop+1","Reprogram+1"],"picked":"Singing Bowl","floor":39},{"not_picked":["Undo+1","Coolheaded+1","Compile Driver+1"],"picked":"Singing Bowl","floor":41},{"not_picked":["Blizzard","Scrape+1","Reprogram+1"],"picked":"Singing Bowl","floor":42},{"not_picked":["Turbo+1","Sweeping Beam+1"],"picked":"Buffer","floor":45},{"not_picked":["Loop","Cold Snap"],"picked":"Defragment","floor":46}],"player_experience":103530,"potions_floor_usage":[11,13,16,29,33,42,46],"damage_taken":[{"damage":0,"enemies":"2 Louse","floor":1,"turns":1},{"damage":0,"enemies":"Small Slimes","floor":3,"turns":1},{"damage":0,"enemies":"Cultist","floor":7,"turns":1},{"damage":8,"enemies":"Gremlin Nob","floor":10,"turns":3},{"damage":0,"enemies":"Red Slaver","floor":11,"turns":3},{"damage":16,"enemies":"3 Sentries","floor":13,"turns":4},{"damage":21,"enemies":"Slime Boss","floor":16,"turns":5},{"damage":0,"enemies":"Spheric Guardian","floor":18,"turns":3},{"damage":10,"enemies":"2 Thieves","floor":22,"turns":3},{"damage":0,"enemies":"3 Cultists","floor":27,"turns":4},{"damage":0,"enemies":"Snake Plant","floor":29,"turns":1},{"damage":4,"enemies":"Sentry and Sphere","floor":30,"turns":5},{"damage":56,"enemies":"Automaton","floor":33,"turns":7},{"damage":0,"enemies":"Orb Walker","floor":35,"turns":3},{"damage":0,"enemies":"Flame Bruiser 1 Orb","floor":39,"turns":3},{"damage":27,"enemies":"Maw","floor":41,"turns":9},{"damage":20,"enemies":"Spire Growth","floor":42,"turns":5},{"damage":0,"enemies":"4 Shapes","floor":45,"turns":4},{"damage":0,"enemies":"Maw","floor":46,"turns":8},{"damage":112,"enemies":"Donu and Deca","floor":50,"turns":8}],"relics_obtained":[{"floor":9,"key":"Gremlin Horn"},{"floor":10,"key":"Singing Bowl"},{"floor":13,"key":"Boot"},{"floor":25,"key":"Necronomicon"},{"floor":26,"key":"War Paint"},{"floor":43,"key":"Blue Candle"}],"event_choices":[{"event_name":"Living Wall","player_choice":"Forget","floor":5,"damage_taken":0},{"event_name":"Match and Keep!","player_choice":"2 cards matched","floor":20,"damage_taken":0},{"event_name":"The Joust","player_choice":"Bet on Murderer","floor":24,"damage_taken":0},{"event_name":"Cursed Tome","player_choice":"Obtained Book","floor":25,"damage_taken":0},{"event_name":"Tomb of Lord Red Mask","player_choice":"Ignored","floor":36,"damage_taken":0},{"event_name":"Winding Halls","player_choice":"Embrace Madness","floor":37,"damage_taken":0},{"event_name":"Mysterious Sphere","player_choice":"Ignore","floor":47,"damage_taken":0}],"boss_relics":[{"not_picked":["White Beast Statue","Snecko Eye"],"picked":"Inserter"},{"not_picked":["Runic Dome","Philosopher\u0027s Stone"],"picked":"Astrolabe"}],"items_purged_floors":[2,14],"potions_floor_spawned":[1,3,13,16,22,27,35,39,41,45],"seed_played":"-6273930094469188756","killed_by":"Donu and Deca","ascension_level":0,"potions_obtained":[{"floor":1,"key":"Swift Potion"},{"floor":3,"key":"EssenceOfSteel"},{"floor":13,"key":"Fire Potion"},{"floor":16,"key":"FearPotion"},{"floor":22,"key":"Fire Potion"},{"floor":27,"key":"EssenceOfSteel"},{"floor":35,"key":"Energy Potion"},{"floor":39,"key":"FairyPotion"},{"floor":45,"key":"SpeedPotion"}],"is_trial":false}