{"gold_per_floor":[119,139,64,83,100,100,100,100,100,117,117,133,33,49,49,151,151,163,176,86,105,121,121,133,133,207,236,336,336,348,364,364,465,465,482,482,528,166,166],"floor_reached":39,"playtime":1997,"items_purged":["Strike_B","Defend_B","Defend_B"],"score":445,"play_id":"93e19017-190e-44b7-8087-050b23bdee85","local_time":"20190830070846","is_ascension_mode":false,"campfire_choices":[{"data":"Zap","floor":6,"key":"SMITH"},{"data":"Dualcast","floor":8,"key":"SMITH"},{"data":"Blizzard","floor":11,"key":"SMITH"},{"data":"Buffer","floor":15,"key":"SMITH"},{"data":"Redo","floor":23,"key":"SMITH"},{"data":"Glacier","floor":25,"key":"SMITH"},{"data":"Conserve Battery","floor":32,"key":"SMITH"}],"neow_cost":"NONE","seed_source_timestamp":1199811247174400,"circlet_count":0,"master_deck":["Strike_B","Strike_B","Defend_B","Defend_B","Zap+1","Dualcast+1","Leap","Glacier+1","Conserve Battery+1","Blizzard+1","Buffer+1","Redo+1","Glacier+1","Electrodynamics","Seek","Defragment+1","Capacitor","Double Energy","Defragment+1","Seek","Madness","Madness","Self Repair","Rainbow","Panacea"],"relics":["Cracked Core","Potion Belt","Sozu","Mercury Hourglass","Pantograph","Incense Burner","Dodecahedron","Coffee Dripper","Ginger"],"potions_floor_usage":[10,16,21,28],"damage_taken":[{"damage":0,"enemies":"2 Louse","floor":1,"turns":3},{"damage":0,"enemies":"Cultist","floor":2,"turns":3},{"damage":0,"enemies":"Jaw Worm","floor":4,"turns":6},{"damage":0,"enemies":"Large Slime","floor":5,"turns":9},{"damage":0,"enemies":"Lots of Slimes","floor":10,"turns":2},{"damage":13,"enemies":"Exordium Thugs","floor":12,"turns":4},{"damage":0,"enemies":"Large Slime","floor":14,"turns":6},{"damage":0,"enemies":"The Guardian","floor":16,"turns":15},{"damage":0,"enemies":"Shell Parasite","floor":18,"turns":8},{"damage":6,"enemies":"2 Thieves","floor":19,"turns":3},{"damage":3,"enemies":"Snake Plant","floor":21,"turns":7},{"damage":0,"enemies":"3 Cultists","floor":22,"turns":3},{"damage":0,"enemies":"Centurion and Healer","floor":24,"turns":6},{"damage":5,"enemies":"Book of Stabbing","floor":27,"turns":7},{"damage":2,"enemies":"Colosseum Slavers","floor":28,"turns":4},{"damage":0,"enemies":"Colosseum Nobs","floor":28,"turns":5},{"damage":2,"enemies":"Snake Plant","floor":30,"turns":4},{"damage":0,"enemies":"3 Cultists","floor":31,"turns":5},{"damage":17,"enemies":"Automaton","floor":33,"turns":11},{"damage":0,"enemies":"3 Darklings","floor":35,"turns":3},{"damage":63,"enemies":"2 Orb Walkers","floor":37,"turns":4},{"damage":9,"enemies":"3 Shapes","floor":39,"turns":1}],"seed_played":"7719729175554872831","potions_obtained":[{"floor":0,"key":"Explosive Potion"},{"floor":0,"key":"SteroidPotion"},{"floor":0,"key":"Weak Potion"},{"floor":2,"key":"Energy Potion"},{"floor":7,"key":"Ancient Potion"},{"floor":14,"key":"Weak Potion"}],"is_trial":false,"path_per_floor":["M","M","$","M","M","R","?","R","T","M","R","M","$","M","R","B",null,"M","M","?","M","M","R","M","R","T","E","?","?","M","M","R","B",null,"M","?","?","$","M"],"character_chosen":"DEFECT","items_purchased":["Rainbow","Panacea"],"campfire_rested":0,"item_purchase_floors":[38,38],"current_hp_per_floor":[75,75,75,75,75,75,75,75,75,75,75,62,62,62,62,62,75,75,69,69,66,66,66,66,66,66,61,59,59,57,57,57,58,75,75,66,3,3,0],"gold":166,"neow_bonus":"THREE_SMALL_POTIONS","is_prod":false,"is_daily":false,"chose_seed":false,"campfire_upgraded":7,"win_rate":0,"timestamp":1567116526,"path_taken":["M","M","$","M","M","R","?","R","T","M","R","M","$","?","R","BOSS","M","M","?","?","M","R","M","R","T","E","?","?","?","M","R","BOSS","M","?","?","$","M"],"build_version":"2019-07-17","purchased_purges":3,"victory":false,"max_hp_per_floor":[75,75,75,75,75,75,75,75,75,75,75,75,75,75,75,75,75,75,75,75,75,75,75,75,75,75,75,75,75,75,75,75,75,75,75,75,75,75,75],"card_choices":[{"not_picked":["Tempest","Hologram"],"picked":"Leap","floor":1},{"not_picked":["Gash","Beam Cell"],"picked":"Glacier","floor":2},{"not_picked":["Coolheaded","Steam"],"picked":"Conserve Battery","floor":4},{"not_picked":["Gash","Turbo"],"picked":"Blizzard","floor":5},{"not_picked":["Rebound","Sweeping Beam"],"picked":"Buffer","floor":10},{"not_picked":["Chaos","Lockon"],"picked":"Redo","floor":12},{"not_picked":["Turbo","Hello World"],"picked":"Glacier","floor":14},{"not_picked":["Biased Cognition","Seek"],"picked":"Electrodynamics","floor":16},{"not_picked":["Coolheaded","Barrage","Compile Driver+1"],"picked":"SKIP","floor":18},{"not_picked":["Compile Driver","Streamline"],"picked":"Seek","floor":19},{"not_picked":["Go for the Eyes+1","Turbo+1"],"picked":"Defragment+1","floor":21},{"not_picked":["Leap","Barrage","Gash"],"picked":"SKIP","floor":22},{"not_picked":["Static Discharge","Turbo+1","Cold Snap"],"picked":"SKIP","floor":24},{"not_picked":["Ball Lightning+1","Rip and Tear"],"picked":"Capacitor","floor":27},{"not_picked":["Chaos","Darkness+1"],"picked":"Double Energy","floor":30},{"not_picked":["Stack","Biased Cognition"],"picked":"Defragment+1","floor":31},{"not_picked":["All For One","Thunder Strike"],"picked":"Seek","floor":33},{"not_picked":["Compile Driver+1","Ball Lightning+1","Reprogram"],"picked":"SKIP","floor":35},{"not_picked":["Hologram","Coolheaded+1"],"picked":"Self Repair","floor":37}],"player_experience":313241,"relics_obtained":[{"floor":9,"key":"Potion Belt"},{"floor":26,"key":"Mercury Hourglass"},{"floor":27,"key":"Pantograph"},{"floor":28,"key":"Incense Burner"},{"floor":28,"key":"Dodecahedron"},{"floor":37,"key":"Ginger"}],"event_choices":[{"damage_healed":0,"gold_gain":0,"player_choice":"Got Potions","damage_taken":0,"max_hp_gain":0,"max_hp_loss":0,"event_name":"Lab","floor":7,"gold_loss":0},{"cards_removed":["Strike_B"],"damage_healed":0,"gold_gain":0,"player_choice":"Upgrade and Remove","damage_taken":0,"max_hp_gain":0,"max_hp_loss":0,"event_name":"Designer","floor":20,"gold_loss":90,"cards_upgraded":["Glacier"]},{"damage_healed":0,"gold_gain":0,"player_choice":"Fight","damage_taken":0,"max_hp_gain":0,"max_hp_loss":0,"event_name":"Colosseum","floor":28,"gold_loss":0},{"damage_healed":0,"gold_gain":0,"player_choice":"Fought Nobs","damage_taken":0,"max_hp_gain":0,"max_hp_loss":0,"event_name":"Colosseum","floor":28,"gold_loss":0},{"damage_healed":0,"gold_gain":0,"player_choice":"Ignored","damage_taken":0,"max_hp_gain":0,"max_hp_loss":0,"event_name":"NoteForYourself","floor":29,"gold_loss":0},{"damage_healed":0,"gold_gain":0,"player_choice":"Embrace Madness","damage_taken":9,"max_hp_gain":0,"max_hp_loss":0,"event_name":"Winding Halls","floor":36,"gold_loss":0,"cards_obtained":["Madness","Madness"]},{"damage_healed":0,"gold_gain":0,"player_choice":"Fight","damage_taken":0,"max_hp_gain":0,"max_hp_loss":0,"event_name":"Mysterious Sphere","floor":37,"gold_loss":0}],"is_beta":false,"boss_relics":[{"not_picked":["Busted Crown","Runic Dome"],"picked":"Sozu"},{"not_picked":["Pandora\u0027s Box","White Beast Statue"],"picked":"Coffee Dripper"}],"items_purged_floors":[3,13,38],"is_endless":false,"potions_floor_spawned":[2,5,14,18,22,27,30,33,37],"killed_by":"3 Shapes","ascension_level":0}