{"gold_per_floor":[117,192,216,228,243,270,35,35,58,76,87,101,101],"floor_reached":13,"playtime":528,"items_purged":["Strike_P"],"score":91,"play_id":"7561be4e-be6f-4154-8abf-cb6260a8aff6","local_time":"20190910193011","is_ascension_mode":true,"campfire_choices":[{"data":"Nirvana","floor":8,"key":"SMITH"}],"neow_cost":"NONE","seed_source_timestamp":1921958981644300,"circlet_count":0,"master_deck":["Strike_P","Strike_P","Strike_P","Defend_P","Defend_P","Defend_P","Defend_P","Eruption","Vigilance","Collect","CrushJoints","TalkToTheHand","ThirdEye","Nirvana+1","Tantrum","InnerPeace","Sanctity"],"relics":["PureWater","NeowsBlessing","Regal Pillow","Melange","Strawberry"],"potions_floor_usage":[6,10,10,13],"damage_taken":[{"damage":0,"enemies":"Small Slimes","floor":1,"turns":1},{"damage":0,"enemies":"Jaw Worm","floor":4,"turns":1},{"damage":0,"enemies":"Cultist","floor":5,"turns":1},{"damage":18,"enemies":"Gremlin Nob","floor":6,"turns":3},{"damage":0,"enemies":"Exordium Wildlife","floor":10,"turns":4},{"damage":12,"enemies":"3 Louse","floor":11,"turns":2},{"damage":24,"enemies":"Exordium Thugs","floor":12,"turns":5},{"damage":14,"enemies":"3 Sentries","floor":13,"turns":4}],"seed_played":"-6295392276838897169","potions_obtained":[{"floor":4,"key":"Energy Potion"},{"floor":5,"key":"AttackPotion"},{"floor":6,"key":"SkillPotion"},{"floor":12,"key":"Fire Potion"}],"is_trial":false,"path_per_floor":["M","?","T","M","M","E","$","R","T","M","M","M","E"],"character_chosen":"WATCHER","items_purchased":["Nirvana"],"campfire_rested":0,"item_purchase_floors":[7],"current_hp_per_floor":[65,54,54,54,54,36,36,36,43,43,31,7,0],"gold":101,"neow_bonus":"THREE_ENEMY_KILL","is_prod":false,"is_daily":false,"chose_seed":false,"campfire_upgraded":1,"win_rate":0,"timestamp":1568161811,"path_taken":["M","?","?","?","M","E","$","R","T","M","M","M","E"],"build_version":"2019-09-09v2","purchased_purges":1,"victory":false,"max_hp_per_floor":[65,65,65,65,65,65,65,65,72,72,72,72,72],"card_choices":[{"not_picked":["Protect","Prostrate"],"picked":"Collect","floor":1},{"not_picked":["SandsOfTime","EmptyBody"],"picked":"CrushJoints","floor":4},{"not_picked":["Protect","Perseverance"],"picked":"TalkToTheHand","floor":5},{"not_picked":["SandsOfTime","CutThroughFate"],"picked":"ThirdEye","floor":6},{"not_picked":["ThirdEye","FollowUp"],"picked":"Tantrum","floor":10},{"not_picked":["CrushJoints","ClearTheMind"],"picked":"InnerPeace","floor":11},{"not_picked":["Crescendo","Swivel"],"picked":"Sanctity","floor":12}],"player_experience":495612,"relics_obtained":[{"floor":3,"key":"Regal Pillow"},{"floor":6,"key":"Melange"},{"floor":9,"key":"Strawberry"}],"event_choices":[{"damage_healed":0,"gold_gain":75,"player_choice":"Gather Gold","damage_taken":11,"max_hp_gain":0,"max_hp_loss":0,"event_name":"World of Goop","floor":2,"gold_loss":0}],"is_beta":true,"boss_relics":[],"items_purged_floors":[7],"is_endless":false,"potions_floor_spawned":[4,5,6,12],"killed_by":"3 Sentries","ascension_level":1}