{"gold_per_floor":[116,41,52,64,74,74,74,108,108,108,283,303,328,328,328,430,430,449,468,328,339,54,54,69,69],"floor_reached":25,"playtime":1967,"items_purged":["animator:Strike","animator:Defend","animator:Strike"],"score":224,"play_id":"1d851567-47c4-478e-ae82-0e80fb621872","local_time":"20190621215308","is_ascension_mode":true,"campfire_choices":[{"data":"animator:Mikaela","floor":6,"key":"SMITH"},{"data":"animator:Azekura","floor":10,"key":"SMITH"},{"data":"animator:HigakiRinne","floor":15,"key":"SMITH"},{"data":"animator:Sora","floor":23,"key":"SMITH"}],"neow_cost":"NONE","seed_source_timestamp":1025055405519301,"circlet_count":0,"master_deck":["animator:Strike_Katanagatari","animator:Defend_Katanagatari","animator:Strike","animator:Defend","animator:Defend","animator:Azekura+1","animator:Emonzaemon+1","animator:ChaikaBohdan","animator:Mikaela+1","animator:HigakiRinne+1","animator:Millim","Doubt","animator:Rimuru","animator:Sora+1","animator:MaesHughes","animator:Tyuule","animator:RoryMercury","animator:Viivi","animator:Ainz","animator:ZankiKiguchi"],"relics":["animator:LivingPicture","animator:PurgingStone_Cards","animator:TheMissingPiece","PreservedInsect","Nunchaku","Ginger","Eternal Feather","Kunai"],"potions_floor_usage":[8,16,18,19],"damage_taken":[{"damage":0,"enemies":"Small Slimes","floor":1,"turns":3},{"damage":1,"enemies":"Jaw Worm","floor":3,"turns":4},{"damage":0,"enemies":"2 Louse","floor":4,"turns":3},{"damage":0,"enemies":"Looter","floor":5,"turns":4},{"damage":4,"enemies":"3 Sentries","floor":8,"turns":9},{"damage":0,"enemies":"Large Slime","floor":12,"turns":6},{"damage":8,"enemies":"Lagavulin","floor":13,"turns":5},{"damage":29,"enemies":"Slime Boss","floor":16,"turns":9},{"damage":25,"enemies":"3 Byrds","floor":18,"turns":4},{"damage":17,"enemies":"Spheric Guardian","floor":19,"turns":5},{"damage":1,"enemies":"Snake Plant","floor":21,"turns":4},{"damage":5,"enemies":"Cultist and Chosen","floor":24,"turns":3},{"damage":38,"enemies":"Slavers","floor":25,"turns":3}],"seed_played":"-7369054559604897219","potions_obtained":[{"floor":1,"key":"SkillPotion"},{"floor":4,"key":"SteroidPotion"},{"floor":8,"key":"SteroidPotion"},{"floor":13,"key":"AttackPotion"},{"floor":16,"key":"Swift Potion"},{"floor":19,"key":"Ancient Potion"},{"floor":21,"key":"LiquidBronze"}],"is_trial":false,"path_per_floor":["M","$","M","M","M","R","$","E","T","R","?","M","E","T","R","B",null,"M","M","$","M","$","R","M","E"],"character_chosen":"THE_ANIMATOR","items_purchased":["animator:RoryMercury","animator:Ainz"],"campfire_rested":0,"item_purchase_floors":[20,22],"current_hp_per_floor":[72,72,71,71,71,71,71,67,67,67,67,67,59,59,59,30,72,47,30,30,29,29,38,33,0],"gold":69,"neow_bonus":"UPGRADE_CARD","is_prod":false,"is_daily":false,"chose_seed":false,"campfire_upgraded":4,"win_rate":0,"timestamp":1561168388,"path_taken":["M","$","M","M","M","R","$","E","T","R","?","M","E","?","R","BOSS","M","M","$","M","$","R","M","E"],"build_version":"2019-01-23","purchased_purges":3,"victory":false,"max_hp_per_floor":[72,72,72,72,72,72,72,72,72,72,72,72,72,72,72,72,72,72,72,72,72,72,72,72,72],"card_choices":[{"not_picked":["animator:Cocytus","animator:Nanami","animator:Viivi"],"picked":"SKIP","floor":1},{"not_picked":["animator:Kuribayashi","animator:Elsword"],"picked":"animator:ChaikaBohdan","floor":3},{"not_picked":["animator:Azekura","animator:Benimaru"],"picked":"animator:Mikaela","floor":4},{"not_picked":["animator:Konayuki","animator:Nanami"],"picked":"animator:HigakiRinne","floor":5},{"not_picked":["animator:Hakurou","animator:Raven"],"picked":"animator:Millim","floor":8},{"not_picked":["animator:Azekura","animator:Nanami","animator:Mikaela"],"picked":"SKIP","floor":12},{"not_picked":["animator:ChlammyZell","animator:DolaStephanie"],"picked":"animator:Rimuru","floor":13},{"not_picked":["animator:Gilgamesh","animator:GoblinSlayer"],"picked":"animator:Sora","floor":16},{"not_picked":["animator:Yuuichirou","animator:Ara"],"picked":"animator:MaesHughes","floor":18},{"not_picked":["animator:Evileye","animator:ElricEdward+1"],"picked":"animator:Tyuule","floor":19},{"not_picked":["animator:MetalKnight+1","animator:Evileye"],"picked":"animator:Viivi","floor":21},{"not_picked":["animator:Emonzaemon+1","animator:Shichika"],"picked":"animator:ZankiKiguchi","floor":24}],"player_experience":525603,"relics_obtained":[{"floor":8,"key":"PreservedInsect"},{"floor":13,"key":"Nunchaku"},{"floor":14,"key":"Ginger"},{"floor":21,"key":"Kunai"}],"event_choices":[{"damage_healed":0,"gold_gain":175,"player_choice":"AGREE","damage_taken":0,"max_hp_gain":0,"max_hp_loss":0,"event_name":"Liars Game","floor":11,"gold_loss":0,"cards_obtained":["Doubt"]}],"is_beta":false,"boss_relics":[{"not_picked":["Runic Dome","Snecko Eye"],"picked":"Eternal Feather"}],"items_purged_floors":[2,20,22],"is_endless":false,"potions_floor_spawned":[1,4,8,13,16,19,21],"killed_by":"Slavers","ascension_level":1}