{"gold_per_floor":[216,18,35,54,74,74,74,74,74,74,74,74,94,105,105,209,209,227,92,112,127,143,143,143,157,157,173,48,48,82,97,97,97],"floor_reached":33,"playtime":1010,"items_purged":["Strike_B","Strike_B","Strike_B"],"score":261,"play_id":"f5ff8d58-d7c9-477e-9342-a3dc7b788d83","local_time":"20190910023825","is_ascension_mode":false,"campfire_choices":[{"data":"Zap","floor":6,"key":"SMITH"},{"data":"Dualcast","floor":8,"key":"SMITH"},{"data":"Conserve Battery","floor":10,"key":"SMITH"},{"data":"Melter","floor":12,"key":"SMITH"},{"data":"Ball Lightning","floor":15,"key":"SMITH"},{"data":"Buffer","floor":23,"key":"SMITH"},{"data":"Conserve Battery","floor":29,"key":"SMITH"},{"floor":32,"key":"REST"}],"neow_cost":"NONE","seed_source_timestamp":228331588321300,"circlet_count":0,"master_deck":["Strike_B","Defend_B+1","Defend_B","Defend_B","Defend_B+1","Zap+1","Dualcast+1","Capacitor","Melter+1","Ball Lightning+1","Conserve Battery+1","Core Surge","Buffer+1","Ball Lightning+1","Self Repair","Go for the Eyes","Conserve Battery+1","Core Surge","Cold Snap+1"],"relics":["Cracked Core","Dodecahedron","Orichalcum","Sozu","Matryoshka","FossilizedHelix"],"potions_floor_usage":[],"damage_taken":[{"damage":3,"enemies":"2 Louse","floor":1,"turns":2},{"damage":6,"enemies":"Jaw Worm","floor":3,"turns":2},{"damage":0,"enemies":"Cultist","floor":4,"turns":3},{"damage":2,"enemies":"Blue Slaver","floor":5,"turns":3},{"damage":0,"enemies":"Exordium Wildlife","floor":13,"turns":3},{"damage":0,"enemies":"2 Fungi Beasts","floor":14,"turns":2},{"damage":22,"enemies":"Slime Boss","floor":16,"turns":9},{"damage":0,"enemies":"Spheric Guardian","floor":18,"turns":3},{"damage":0,"enemies":"Chosen","floor":20,"turns":4},{"damage":29,"enemies":"Centurion and Healer","floor":21,"turns":7},{"damage":21,"enemies":"Snake Plant","floor":22,"turns":4},{"damage":3,"enemies":"Snecko","floor":25,"turns":4},{"damage":0,"enemies":"Sentry and Sphere","floor":27,"turns":3},{"damage":41,"enemies":"Gremlin Leader","floor":30,"turns":9},{"damage":2,"enemies":"Centurion and Healer","floor":31,"turns":7},{"damage":47,"enemies":"Automaton","floor":33,"turns":12}],"seed_played":"-2308239143167847194","potions_obtained":[{"floor":5,"key":"LiquidBronze"},{"floor":14,"key":"Strength Potion"}],"is_trial":false,"path_per_floor":["M","$","M","M","M","R","?","R","T","R","?","R","M","M","R","B",null,"M","$","M","M","M","R","?","M","T","M","$","R","E","M","R","B"],"character_chosen":"DEFECT","items_purchased":["Melter","Ball Lightning","Self Repair"],"campfire_rested":1,"item_purchase_floors":[2,2,19],"current_hp_per_floor":[72,72,66,66,64,64,57,57,57,57,42,42,42,42,42,20,75,75,75,75,53,39,39,39,43,43,43,43,43,9,14,36,0],"gold":97,"neow_bonus":"HUNDRED_GOLD","is_prod":false,"is_daily":false,"chose_seed":false,"campfire_upgraded":7,"win_rate":0,"timestamp":1568050705,"path_taken":["M","$","M","M","M","R","?","R","T","R","?","R","M","M","R","BOSS","M","$","M","M","M","R","?","M","T","M","$","R","E","M","R","BOSS"],"build_version":"2019-07-17","purchased_purges":3,"victory":false,"max_hp_per_floor":[75,75,75,75,75,75,75,75,75,75,75,75,75,75,75,75,75,75,75,75,75,75,75,75,75,75,75,75,75,75,75,75,75],"card_choices":[{"not_picked":["Redo","Leap"],"picked":"Capacitor","floor":1},{"not_picked":["Aggregate","Coolheaded"],"picked":"Conserve Battery","floor":3},{"not_picked":["Reinforced Body","Blizzard"],"picked":"Core Surge","floor":4},{"not_picked":["Hologram","Turbo","Reprogram"],"picked":"SKIP","floor":5},{"not_picked":["Sunder","Coolheaded","Heatsinks"],"picked":"SKIP","floor":13},{"not_picked":["Gash","Melter","Reprogram"],"picked":"SKIP","floor":14},{"not_picked":["Machine Learning","Rainbow"],"picked":"Buffer","floor":16},{"not_picked":["Coolheaded","Gash"],"picked":"Ball Lightning+1","floor":18},{"not_picked":["Rebound","Ball Lightning+1","Gash"],"picked":"SKIP","floor":20},{"not_picked":["Rainbow","White Noise"],"picked":"Go for the Eyes","floor":21},{"not_picked":["Leap","Go for the Eyes"],"picked":"Conserve Battery","floor":22},{"not_picked":["Go for the Eyes","Cold Snap","Darkness+1"],"picked":"SKIP","floor":25},{"not_picked":["Coolheaded","Redo","Double Energy"],"picked":"SKIP","floor":27},{"not_picked":["Meteor Strike","Turbo"],"picked":"Cold Snap+1","floor":30},{"not_picked":["Redo","Go for the Eyes","Reprogram"],"picked":"SKIP","floor":31}],"player_experience":404698,"relics_obtained":[{"floor":9,"key":"Orichalcum"},{"floor":26,"key":"Matryoshka"},{"floor":30,"key":"FossilizedHelix"}],"event_choices":[{"damage_healed":0,"gold_gain":0,"player_choice":"Success","damage_taken":7,"relics_obtained":["Dodecahedron"],"max_hp_gain":0,"max_hp_loss":0,"event_name":"Scrap Ooze","floor":7,"gold_loss":0},{"damage_healed":0,"gold_gain":0,"player_choice":"Entered Light","damage_taken":15,"max_hp_gain":0,"max_hp_loss":0,"event_name":"Shining Light","floor":11,"gold_loss":0,"cards_upgraded":["Defend_B","Defend_B"]},{"damage_healed":0,"gold_gain":0,"player_choice":"Copied","damage_taken":0,"max_hp_gain":0,"max_hp_loss":0,"event_name":"Duplicator","floor":24,"gold_loss":0,"cards_obtained":["Core Surge"]}],"is_beta":false,"boss_relics":[{"not_picked":["Empty Cage","Tiny House"],"picked":"Sozu"}],"items_purged_floors":[2,19,28],"is_endless":false,"potions_floor_spawned":[5,14,21,27,31],"killed_by":"Automaton","ascension_level":0}