{"gold_per_floor":[109,127,48,64,81,109,129,148,148,34,69,85,5,5,5,100,100,112,112,145,16,31,31,43,69,115,130,130,164,164,79,79,176,176,194,194,416,432,451,462,462,8,8,8,37,37,52,82,82,82,82,82,2,36,36],"floor_reached":55,"playtime":2784,"items_purged":["Strike_B","Strike_B","Sunder+1"],"score":1032,"play_id":"e829f2bb-87c8-45bd-b365-b451cd51541c","local_time":"20181202060630","is_ascension_mode":false,"campfire_choices":[{"floor":15,"key":"REST"},{"data":"Zap","floor":23,"key":"SMITH"},{"data":"Forethought","floor":30,"key":"SMITH"},{"data":"Echo Form","floor":32,"key":"SMITH"},{"data":"Go for the Eyes","floor":44,"key":"SMITH"},{"floor":49,"key":"RECALL"},{"data":"Madness","floor":52,"key":"SMITH"}],"neow_cost":"PERCENT_DAMAGE","seed_source_timestamp":1404288054956519,"circlet_count":0,"master_deck":["Zap+1","Dualcast+1","Steam+1","Go for the Eyes+1","Steam+1","Sweeping Beam+1","Rebound+1","Reboot+1","Glacier+1","Turbo+1","Beam Cell+1","Go for the Eyes+1","Recycle+1","Cold Snap+1","Echo Form+1","Go for the Eyes+1","Conserve Battery+1","Fusion+1","Gash+1","Gash+1","Reprogram+1","Forethought+1","Beam Cell+1","Beam Cell+1","Redo+1","Reprogram+1","Reboot+1","Redo+1","Double Energy+1","Go for the Eyes+1","Go for the Eyes+1","Reboot","BootSequence","Madness+1","Madness","Rebound"],"relics":["Cracked Core","Unceasing Top","PreservedInsect","The Courier","Pen Nib","Pandora\u0027s Box","Red Mask","Anchor","Ginger","Bronze Scales","Black Star","Mark of the Bloom","Runic Capacitor","Shuriken","Darkstone Periapt","Matryoshka","Mercury Hourglass","Bottled Flame","Sundial","Bottled Lightning"],"potions_floor_usage":[6,11,11,16,20,39,55,55,55],"damage_taken":[{"damage":1,"enemies":"Small Slimes","floor":1,"turns":3},{"damage":7,"enemies":"2 Louse","floor":2,"turns":3},{"damage":0,"enemies":"Cultist","floor":4,"turns":3},{"damage":0,"enemies":"Looter","floor":5,"turns":3},{"damage":24,"enemies":"Gremlin Nob","floor":6,"turns":4},{"damage":8,"enemies":"Large Slime","floor":7,"turns":4},{"damage":1,"enemies":"Blue Slaver","floor":8,"turns":3},{"damage":0,"enemies":"Lagavulin","floor":11,"turns":3},{"damage":0,"enemies":"Lots of Slimes","floor":12,"turns":4},{"damage":20,"enemies":"Hexaghost","floor":16,"turns":15},{"damage":8,"enemies":"Shell Parasite","floor":18,"turns":4},{"damage":0,"enemies":"Masked Bandits","floor":20,"turns":2},{"damage":17,"enemies":"Chosen","floor":22,"turns":5},{"damage":6,"enemies":"Sentry and Sphere","floor":24,"turns":4},{"damage":0,"enemies":"Gremlin Leader","floor":25,"turns":3},{"damage":8,"enemies":"Centurion and Healer","floor":27,"turns":5},{"damage":0,"enemies":"Slavers","floor":29,"turns":3},{"damage":4,"enemies":"Champ","floor":33,"turns":9},{"damage":10,"enemies":"3 Shapes","floor":35,"turns":2},{"damage":0,"enemies":"Orb Walker","floor":38,"turns":2},{"damage":10,"enemies":"Sphere and 2 Shapes","floor":39,"turns":5},{"damage":0,"enemies":"Transient","floor":40,"turns":5},{"damage":0,"enemies":"Reptomancer","floor":45,"turns":1},{"damage":0,"enemies":"Writhing Mass","floor":47,"turns":1},{"damage":0,"enemies":"Giant Head","floor":48,"turns":1},{"damage":0,"enemies":"Awakened One","floor":50,"turns":4},{"damage":0,"enemies":"Shield and Spear","floor":54,"turns":3},{"damage":46,"enemies":"The Heart","floor":55,"turns":3}],"seed_played":"-7028811842947219517","potions_obtained":[{"floor":4,"key":"Strength Potion"},{"floor":6,"key":"FearPotion"},{"floor":7,"key":"PowerPotion"},{"floor":8,"key":"AttackPotion"},{"floor":12,"key":"PowerPotion"},{"floor":16,"key":"Energy Potion"},{"floor":25,"key":"Fire Potion"},{"floor":29,"key":"Ancient Potion"},{"floor":35,"key":"LiquidBronze"}],"is_trial":false,"path_per_floor":["M","M","$","M","M","E","M","M","T","$","E","M","$","?","R","B",null,"M","?","?","$","M","R","M","E","T","M","?","E","R","?","R","B",null,"M","?","?","M","M","M","?","$","T","R","E","?","M","E","R","B",null,"R","$","E","B"],"character_chosen":"DEFECT","items_purchased":["Go for the Eyes","Steam","Beam Cell","Go for the Eyes","Reprogram","Forethought","Go for the Eyes","Reboot","Runic Capacitor","Block Potion","Block Potion","SteroidPotion"],"campfire_rested":1,"item_purchase_floors":[3,3,10,10,21,21,42,42,42,42,53,53],"current_hp_per_floor":[53,46,46,46,46,22,14,13,13,13,13,13,13,13,35,15,75,67,67,67,67,50,50,44,44,44,36,36,36,36,36,36,32,75,65,65,65,65,55,55,55,55,55,55,55,46,46,46,46,46,46,46,46,46,0],"gold":36,"neow_bonus":"ONE_RARE_RELIC","is_prod":false,"is_daily":false,"chose_seed":false,"campfire_upgraded":5,"win_rate":0,"timestamp":1543752390,"path_taken":["M","M","$","M","M","E","M","M","T","$","E","M","$","?","R","BOSS","M","?","?","$","M","R","M","E","T","M","?","E","R","?","R","BOSS","M","?","?","M","M","M","?","$","T","R","E","?","M","E","R","BOSS","R","$","E","BOSS"],"build_version":"2018-11-15","purchased_purges":3,"victory":false,"max_hp_per_floor":[75,75,75,75,75,75,75,75,75,75,75,75,75,75,75,75,75,75,75,75,75,75,75,75,75,75,75,75,75,75,75,75,75,75,75,75,75,75,75,75,75,75,75,75,75,75,75,75,75,75,75,75,75,75,75],"card_choices":[{"not_picked":["Redo","Static Discharge","Cold Snap"],"picked":"SKIP","floor":1},{"not_picked":["Steam Power","Sunder"],"picked":"Steam","floor":2},{"not_picked":["Compile Driver","Barrage"],"picked":"Sweeping Beam","floor":4},{"not_picked":["Heatsinks","Reinforced Body"],"picked":"Rebound","floor":5},{"not_picked":["Sweeping Beam","Recycle"],"picked":"Reboot","floor":6},{"not_picked":["Coolheaded","Blizzard"],"picked":"Glacier","floor":7},{"not_picked":["Steam Power","Barrage"],"picked":"Turbo","floor":8},{"not_picked":["Sweeping Beam","Leap"],"picked":"Recycle","floor":11},{"not_picked":["Hologram","Heatsinks"],"picked":"Cold Snap","floor":12},{"not_picked":["Rainbow","Multi-Cast"],"picked":"Echo Form","floor":16},{"not_picked":["Ball Lightning","Blizzard+1"],"picked":"Gash","floor":18},{"not_picked":["Redo+1","Turbo"],"picked":"Gash","floor":20},{"not_picked":["Hologram","BootSequence+1"],"picked":"Beam Cell","floor":22},{"not_picked":["Creative AI","Sweeping Beam","Stack"],"picked":"SKIP","floor":24},{"not_picked":["Rebound+1","Reinforced Body"],"picked":"Beam Cell","floor":25},{"not_picked":["Ball Lightning+1","Coolheaded+1"],"picked":"Redo+1","floor":27},{"not_picked":["Reinforced Body+1","Coolheaded+1"],"picked":"Reprogram","floor":29},{"not_picked":["Multi-Cast","Biased Cognition"],"picked":"Reboot","floor":33},{"not_picked":["Cold Snap","Tempest","Barrage+1"],"picked":"SKIP","floor":35},{"not_picked":["Defragment","Tempest+1"],"picked":"Redo+1","floor":38},{"not_picked":["Cold Snap+1","Melter"],"picked":"Double Energy+1","floor":39},{"not_picked":["Genetic Algorithm+1","Compile Driver+1"],"picked":"Go for the Eyes","floor":40},{"not_picked":["Leap+1","Rebound+1"],"picked":"BootSequence","floor":45},{"not_picked":["Melter","Turbo+1"],"picked":"Rebound","floor":47},{"not_picked":["Scrape","Defragment+1","Heatsinks"],"picked":"SKIP","floor":48},{"not_picked":["Leap","Turbo","Redo+1"],"picked":"SKIP","floor":54}],"player_experience":331609,"relics_obtained":[{"floor":6,"key":"PreservedInsect"},{"floor":9,"key":"The Courier"},{"floor":11,"key":"Pen Nib"},{"floor":20,"key":"Red Mask"},{"floor":25,"key":"Anchor"},{"floor":29,"key":"Ginger"},{"floor":43,"key":"Shuriken"},{"floor":45,"key":"Darkstone Periapt"},{"floor":45,"key":"Matryoshka"},{"floor":48,"key":"Mercury Hourglass"},{"floor":48,"key":"Bottled Flame"},{"floor":54,"key":"Sundial"},{"floor":54,"key":"Bottled Lightning"}],"event_choices":[{"damage_healed":0,"gold_gain":0,"player_choice":"Ignored","damage_taken":0,"max_hp_gain":0,"max_hp_loss":0,"event_name":"Liars Game","floor":14,"gold_loss":0},{"cards_removed":["Reinforced Body"],"damage_healed":0,"gold_gain":0,"player_choice":"Elegance","damage_taken":0,"max_hp_gain":0,"max_hp_loss":0,"event_name":"Back to Basics","floor":19,"gold_loss":0},{"damage_healed":0,"gold_gain":0,"player_choice":"Fought Bandits","damage_taken":0,"max_hp_gain":0,"max_hp_loss":0,"event_name":"Masked Bandits","floor":20,"gold_loss":0},{"damage_healed":0,"gold_gain":0,"player_choice":"Ignored","damage_taken":0,"max_hp_gain":0,"max_hp_loss":0,"event_name":"Vampires","floor":28,"gold_loss":0},{"damage_healed":0,"gold_gain":0,"player_choice":"Obtained Relic","damage_taken":0,"relics_obtained":["Bronze Scales"],"max_hp_gain":0,"max_hp_loss":0,"event_name":"Addict","floor":31,"gold_loss":85},{"cards_removed":["Barrage"],"damage_healed":0,"gold_gain":0,"player_choice":"Removed Attack","damage_taken":0,"max_hp_gain":0,"max_hp_loss":0,"event_name":"Falling","floor":36,"gold_loss":0},{"damage_healed":0,"gold_gain":222,"player_choice":"Wore Mask","damage_taken":0,"max_hp_gain":0,"max_hp_loss":0,"event_name":"Tomb of Lord Red Mask","floor":37,"gold_loss":0},{"damage_healed":0,"gold_gain":0,"player_choice":"Upgrade","damage_taken":0,"relics_obtained":["Mark of the Bloom"],"max_hp_gain":0,"max_hp_loss":0,"event_name":"MindBloom","floor":41,"gold_loss":0,"cards_upgraded":["Dualcast","Steam","Go for the Eyes","Steam","Sweeping Beam","Rebound","Reboot","Glacier","Turbo","Beam Cell","Go for the Eyes","Recycle","Cold Snap","Sunder","Go for the Eyes","Conserve Battery","Fusion","Gash","Gash","Reprogram","Beam Cell","Beam Cell","Reprogram","Reboot","Go for the Eyes"]},{"damage_healed":0,"gold_gain":0,"player_choice":"Embrace Madness","damage_taken":9,"max_hp_gain":0,"max_hp_loss":0,"event_name":"Winding Halls","floor":46,"gold_loss":0,"cards_obtained":["Madness","Madness"]}],"is_beta":true,"boss_relics":[{"not_picked":["Inserter","Astrolabe"],"picked":"Pandora\u0027s Box"},{"not_picked":["Snecko Eye","FrozenCore"],"picked":"Black Star"}],"items_purged_floors":[10,13,42],"is_endless":false,"potions_floor_spawned":[4,6,7,8,12,16,25,29,35,48],"killed_by":"The Heart","ascension_level":0}