{"gold_per_floor":[116,132,307,13,24,24,34,34,34,34,34,34,50,64,64,160,160,174,156,175,194,204,204,50,60,60,60,73,102,102,119,119,216,216,228,228,248,50,61,61,61,61,61,76,102,119,119,42,42,42],"floor_reached":51,"playtime":4812,"items_purged":["Doubt","Underhanded Strike+1"],"score":695,"play_id":"ebfd925d-f941-416a-8f19-1017c727a19d","local_time":"20190529221014","is_ascension_mode":false,"campfire_choices":[{"data":"Sucker Punch","floor":6,"key":"SMITH"},{"floor":8,"key":"REST"},{"data":"Neutralize","floor":10,"key":"SMITH"},{"data":"Well Laid Plans","floor":15,"key":"SMITH"},{"data":"Dash","floor":23,"key":"SMITH"},{"floor":32,"key":"REST"},{"floor":40,"key":"REST"},{"data":"Catalyst","floor":42,"key":"SMITH"},{"floor":47,"key":"REST"},{"floor":49,"key":"REST"}],"neow_cost":"NONE","seed_source_timestamp":7018466755197,"circlet_count":0,"master_deck":["Defend_G","Defend_G","Defend_G","Defend_G","Strike_G","Strike_G","Survivor","Neutralize+1","PiercingWail","Leg Sweep","Well Laid Plans+1","Sucker Punch+1","Dash+1","Dagger Throw+1","Choke+1","Adrenaline","Leg Sweep+1","Blur+1","Venomology+1","Quick Slash+1","Dagger Spray+1","Choke+1","After Image","Backstab+1","Bouncing Flask+1","Flying Knee+1","Catalyst+1","Glass Knife+1","Dagger Throw+1","Dodge and Roll+1","Catalyst","Dodge and Roll","Caltrops+1","Catalyst","Secret Weapon"],"relics":["Snecko Eye","Ancient Tea Set","Snake Skull","Molten Egg 2","Astrolabe","Pen Nib","Mummified Hand","Frozen Egg 2","Potion Belt","Orrery","Bottled Flame","Regal Pillow"],"potions_floor_usage":[18,19,20,20,21,21,29,29,30,33,33,33,37,44,45,45,50,50,50,50,50,50,50,50,50],"damage_taken":[{"damage":9,"enemies":"Jaw Worm","floor":1,"turns":4},{"damage":0,"enemies":"Small Slimes","floor":2,"turns":5},{"damage":9,"enemies":"Cultist","floor":5,"turns":6},{"damage":16,"enemies":"Gremlin Gang","floor":7,"turns":8},{"damage":1,"enemies":"Exordium Thugs","floor":13,"turns":7},{"damage":0,"enemies":"Red Slaver","floor":14,"turns":2},{"damage":31,"enemies":"Slime Boss","floor":16,"turns":10},{"damage":3,"enemies":"3 Byrds","floor":18,"turns":7},{"damage":0,"enemies":"2 Thieves","floor":19,"turns":4},{"damage":11,"enemies":"Sentry and Sphere","floor":20,"turns":6},{"damage":6,"enemies":"Centurion and Healer","floor":21,"turns":6},{"damage":1,"enemies":"Cultist and Chosen","floor":22,"turns":6},{"damage":9,"enemies":"Sentry and Sphere","floor":25,"turns":4},{"damage":0,"enemies":"Snecko","floor":28,"turns":4},{"damage":12,"enemies":"Book of Stabbing","floor":29,"turns":5},{"damage":0,"enemies":"3 Cultists","floor":30,"turns":2},{"damage":10,"enemies":"Snake Plant","floor":31,"turns":2},{"damage":12,"enemies":"Collector","floor":33,"turns":7},{"damage":10,"enemies":"Orb Walker","floor":35,"turns":3},{"damage":20,"enemies":"3 Shapes","floor":37,"turns":3},{"damage":7,"enemies":"Writhing Mass","floor":39,"turns":5},{"damage":7,"enemies":"Spire Growth","floor":44,"turns":4},{"damage":3,"enemies":"Giant Head","floor":45,"turns":5},{"damage":43,"enemies":"4 Shapes","floor":46,"turns":6},{"damage":17,"enemies":"Time Eater","floor":50,"turns":4}],"seed_played":"-6912612979950838987","potions_obtained":[{"floor":1,"key":"Dexterity Potion"},{"floor":2,"key":"SteroidPotion"},{"floor":7,"key":"GhostInAJar"},{"floor":16,"key":"EssenceOfSteel"},{"floor":20,"key":"Block Potion"},{"floor":28,"key":"Strength Potion"},{"floor":29,"key":"SmokeBomb"},{"floor":33,"key":"GamblersBrew"},{"floor":39,"key":"Swift Potion"},{"floor":46,"key":"SteroidPotion"}],"is_trial":false,"path_per_floor":["M","M","?","$","M","R","M","R","T","R","?","$","M","M","R","B",null,"M","M","M","M","M","R","$","M","T","T","M","E","M","M","R","B",null,"M","?","M","$","M","R","?","R","T","M","E","M","R","$","R","B",null],"character_chosen":"THE_SILENT","items_purchased":["Well Laid Plans","Ancient Tea Set","Pen Nib","EntropicBrew","Regen Potion"],"campfire_rested":5,"item_purchase_floors":[4,4,24,38,48],"current_hp_per_floor":[61,61,61,61,52,52,36,57,57,57,45,45,44,44,44,13,70,67,67,56,50,49,49,49,40,40,40,40,28,28,18,39,27,70,60,60,40,40,33,54,54,54,54,47,44,1,37,37,70,59],"gold":42,"neow_bonus":"BOSS_RELIC","is_prod":false,"is_daily":false,"chose_seed":false,"campfire_upgraded":5,"win_rate":0.0,"timestamp":1559182214,"path_taken":["M","M","?","$","M","R","M","R","T","R","?","?","M","M","R","BOSS","M","M","?","?","?","R","$","M","T","?","M","E","M","?","R","BOSS","M","?","M","$","M","R","?","R","T","M","E","M","R","$","R","BOSS"],"build_version":"2019-01-23","purchased_purges":2,"victory":true,"max_hp_per_floor":[70,70,70,70,70,70,70,70,70,70,70,70,70,70,70,70,70,70,70,70,70,70,70,70,70,70,70,70,70,70,70,70,70,70,70,70,70,70,70,70,70,70,70,70,70,70,70,70,70,70],"card_choices":[{"not_picked":["Crippling Poison","Slice"],"picked":"PiercingWail","floor":1},{"not_picked":["Escape Plan","Deflect"],"picked":"Leg Sweep","floor":2},{"not_picked":["Deflect","Backflip"],"picked":"Sucker Punch","floor":5},{"not_picked":["Acrobatics","Heel Hook"],"picked":"Dash","floor":7},{"not_picked":["Tools of the Trade","Escape Plan"],"picked":"Dagger Throw+1","floor":13},{"not_picked":["Prepared","Dash+1"],"picked":"Choke+1","floor":14},{"not_picked":["Envenom","Malaise"],"picked":"Adrenaline","floor":16},{"not_picked":["Blade Dance","Bane+1","Deflect"],"picked":"SKIP","floor":18},{"not_picked":["Catalyst","Escape Plan"],"picked":"Quick Slash+1","floor":19},{"not_picked":["Bane+1","Quick Slash+1"],"picked":"Dagger Spray+1","floor":20},{"not_picked":["Distraction","Prepared+1"],"picked":"Choke+1","floor":21},{"not_picked":["Masterful Stab+1","Finisher+1"],"picked":"After Image","floor":22},{"not_picked":["Tactician+1","Noxious Fumes"],"picked":"Backstab+1","floor":25},{"not_picked":["Noxious Fumes+1","Sucker Punch+1"],"picked":"Bouncing Flask+1","floor":28},{"not_picked":["Escape Plan+1","Slice+1"],"picked":"Flying Knee+1","floor":29},{"not_picked":["Escape Plan","Bane+1"],"picked":"Catalyst","floor":31},{"not_picked":["Adrenaline","Die Die Die+1"],"picked":"Glass Knife+1","floor":33},{"not_picked":["Finisher+1","Flying Knee+1"],"picked":"Dagger Throw+1","floor":34},{"not_picked":["Bane+1","Deflect"],"picked":"Underhanded Strike+1","floor":34},{"not_picked":["Prepared","Blade Dance"],"picked":"Dodge and Roll+1","floor":34},{"not_picked":["Escape Plan+1","Prepared"],"picked":"Catalyst","floor":34},{"not_picked":["Finisher+1","Acrobatics"],"picked":"Dodge and Roll","floor":34},{"not_picked":["PiercingWail","Quick Slash+1","Heel Hook+1"],"picked":"SKIP","floor":35},{"not_picked":["Slice+1","Sucker Punch+1"],"picked":"Caltrops+1","floor":37},{"not_picked":["Dodge and Roll","Doppelganger"],"picked":"Catalyst","floor":39},{"not_picked":["Finesse","Good Instincts"],"picked":"Secret Weapon","floor":41},{"not_picked":["Dagger Spray+1","Acrobatics","Prepared"],"picked":"SKIP","floor":44},{"not_picked":["Dodge and Roll+1","Calculated Gamble","Heel Hook+1"],"picked":"SKIP","floor":45},{"not_picked":["Dodge and Roll+1","Choke+1","Slice+1"],"picked":"SKIP","floor":46}],"player_experience":21995,"relics_obtained":[{"floor":9,"key":"Snake Skull"},{"floor":26,"key":"Mummified Hand"},{"floor":27,"key":"Frozen Egg 2"},{"floor":29,"key":"Potion Belt"},{"floor":43,"key":"Bottled Flame"},{"floor":45,"key":"Regal Pillow"}],"event_choices":[{"damage_healed":0,"gold_gain":175,"player_choice":"AGREE","damage_taken":0,"max_hp_gain":0,"max_hp_loss":0,"event_name":"Liars Game","floor":3,"gold_loss":0,"cards_obtained":["Doubt"]},{"damage_healed":0,"gold_gain":0,"player_choice":"Success","damage_taken":12,"relics_obtained":["Molten Egg 2"],"max_hp_gain":0,"max_hp_loss":0,"event_name":"Scrap Ooze","floor":11,"gold_loss":0},{"cards_removed":["Defend_G"],"damage_healed":0,"gold_gain":0,"player_choice":"Removed Skill","damage_taken":0,"max_hp_gain":0,"max_hp_loss":0,"event_name":"Falling","floor":36,"gold_loss":0},{"damage_healed":0,"gold_gain":0,"player_choice":"Memory 1","damage_taken":0,"max_hp_gain":0,"max_hp_loss":0,"event_name":"SensoryStone","floor":41,"gold_loss":0}],"is_beta":false,"boss_relics":[{"not_picked":["Eternal Feather","Lizard Tail"],"picked":"Astrolabe"},{"not_picked":["Runic Dome","Sozu"],"picked":"Orrery"}],"items_purged_floors":[4,38],"is_endless":false,"potions_floor_spawned":[1,2,7,16,19,20,28,29,33,39,46],"ascension_level":0}