{"gold_per_floor":[119,136,147,161,177,203,203,238,238,256,267,267,217,217,217,313,313,333,333,333,350,367,367,385,404,404,404,17,31,45,74,74,170,170,180,197,212,226,242,242],"floor_reached":40,"playtime":3346,"items_purged":[],"score":453,"play_id":"e44cdbe1-0043-4e1a-9ec0-e689999edbbb","local_time":"20190201115413","is_ascension_mode":false,"campfire_choices":[{"data":"Armaments","floor":7,"key":"SMITH"},{"data":"Whirlwind","floor":12,"key":"SMITH"},{"floor":15,"key":"REST"},{"data":"Entrench","floor":23,"key":"SMITH"},{"data":"Limit Break","floor":27,"key":"SMITH"},{"floor":32,"key":"REST"}],"neow_cost":"NONE","seed_source_timestamp":351066334492946,"circlet_count":0,"master_deck":["Defend_R+1","Defend_R","Bash","Headbutt","Flex","Iron Wave+1","Whirlwind+1","Armaments+1","Entrench+1","Limit Break+1","Bite","Bite","Bite","Bite","Bite","Disarm+1","Flex","Twin Strike+1","Barricade","Juggernaut","Metallicize","Feed","Offering+1","Inflame+1","Limit Break+1","Shrug It Off","Intimidate"],"relics":["Burning Blood","Unceasing Top","Thread and Needle","Pantograph","Velvet Choker","Enchiridion","Matryoshka","StoneCalendar","Ancient Tea Set","Astrolabe"],"potions_floor_usage":[6,8,16,16,31,33,37,38,40],"damage_taken":[{"damage":1,"enemies":"Jaw Worm","floor":1,"turns":4},{"damage":5,"enemies":"Small Slimes","floor":2,"turns":3},{"damage":2,"enemies":"2 Louse","floor":3,"turns":3},{"damage":8,"enemies":"Large Slime","floor":4,"turns":10},{"damage":9,"enemies":"2 Fungi Beasts","floor":5,"turns":3},{"damage":41,"enemies":"Lagavulin","floor":6,"turns":8},{"damage":38,"enemies":"Gremlin Nob","floor":8,"turns":6},{"damage":8,"enemies":"Gremlin Gang","floor":10,"turns":4},{"damage":0,"enemies":"Exordium Wildlife","floor":11,"turns":3},{"damage":59,"enemies":"The Guardian","floor":16,"turns":16},{"damage":6,"enemies":"2 Thieves","floor":18,"turns":4},{"damage":23,"enemies":"Chosen","floor":21,"turns":5},{"damage":1,"enemies":"Shelled Parasite and Fungi","floor":22,"turns":6},{"damage":2,"enemies":"Snake Plant","floor":24,"turns":5},{"damage":7,"enemies":"Centurion and Healer","floor":25,"turns":6},{"damage":11,"enemies":"Sentry and Sphere","floor":29,"turns":6},{"damage":9,"enemies":"Shelled Parasite and Fungi","floor":30,"turns":6},{"damage":59,"enemies":"Slavers","floor":31,"turns":7},{"damage":50,"enemies":"Collector","floor":33,"turns":10},{"damage":0,"enemies":"3 Shapes","floor":35,"turns":1},{"damage":9,"enemies":"Orb Walker","floor":36,"turns":6},{"damage":0,"enemies":"Jaw Worm Horde","floor":37,"turns":3},{"damage":15,"enemies":"4 Shapes","floor":38,"turns":1},{"damage":37,"enemies":"Spire Growth","floor":39,"turns":5},{"damage":34,"enemies":"Reptomancer","floor":40,"turns":2}],"seed_played":"-9095917754103018274","potions_obtained":[{"floor":3,"key":"Energy Potion"},{"floor":4,"key":"Regen Potion"},{"floor":6,"key":"SkillPotion"},{"floor":8,"key":"Regen Potion"},{"floor":10,"key":"Ancient Potion"},{"floor":21,"key":"Strength Potion"},{"floor":24,"key":"GamblersBrew"},{"floor":30,"key":"Weak Potion"},{"floor":36,"key":"AttackPotion"},{"floor":37,"key":"Explosive Potion"}],"is_trial":false,"path_per_floor":["M","M","M","M","M","E","R","E","T","M","M","R","?","?","R","B",null,"M","?","?","M","M","R","M","M","T","R","$","M","M","E","R","B",null,"M","M","M","M","M","E"],"character_chosen":"IRONCLAD","items_purchased":["Barricade","StoneCalendar"],"campfire_rested":2,"item_purchase_floors":[28,28],"current_hp_per_floor":[80,80,80,78,75,54,54,22,22,20,26,26,26,10,34,21,80,80,64,56,42,56,56,56,55,55,55,55,56,56,17,33,25,56,56,56,59,50,27,0],"gold":242,"neow_bonus":"REMOVE_CARD","is_prod":false,"is_daily":false,"chose_seed":false,"campfire_upgraded":4,"win_rate":0,"timestamp":1548989653,"path_taken":["M","M","M","M","M","E","R","E","T","M","M","R","?","?","R","BOSS","M","?","?","M","M","R","M","M","T","R","$","M","M","E","R","BOSS","M","M","M","M","M","E"],"build_version":"2019-01-23","purchased_purges":0,"victory":false,"max_hp_per_floor":[80,80,80,80,80,80,80,80,80,80,80,80,80,80,80,80,80,80,80,56,56,56,56,56,56,56,56,56,56,56,56,56,56,56,56,56,59,59,59,59],"card_choices":[{"not_picked":["Clothesline","Sword Boomerang"],"picked":"Headbutt","floor":1},{"not_picked":["True Grit","Demon Form"],"picked":"Flex","floor":2},{"not_picked":["Rupture","Inflame"],"picked":"Iron Wave","floor":3},{"not_picked":["Searing Blow","Headbutt"],"picked":"Whirlwind","floor":4},{"not_picked":["Heavy Blade","Pommel Strike"],"picked":"True Grit","floor":5},{"not_picked":["Infernal Blade","Berserk"],"picked":"Armaments","floor":6},{"not_picked":["Warcry","Sword Boomerang","Perfected Strike"],"picked":"SKIP","floor":8},{"not_picked":["Whirlwind","Clothesline","Pummel"],"picked":"SKIP","floor":10},{"not_picked":["True Grit","Corruption"],"picked":"Entrench","floor":11},{"not_picked":["Dark Embrace","Berserk"],"picked":"Limit Break","floor":16},{"not_picked":["Clothesline","Cleave","Pommel Strike"],"picked":"SKIP","floor":18},{"not_picked":["Pummel+1","Hemokinesis"],"picked":"Disarm+1","floor":21},{"not_picked":["Carnage+1","True Grit"],"picked":"Flex","floor":22},{"not_picked":["Headbutt","Whirlwind"],"picked":"Twin Strike+1","floor":24},{"not_picked":["Power Through+1","Wild Strike","Anger"],"picked":"SKIP","floor":25},{"not_picked":["Twin Strike","Anger"],"picked":"Juggernaut","floor":29},{"not_picked":["Sword Boomerang","Headbutt","Pommel Strike"],"picked":"SKIP","floor":30},{"not_picked":["Power Through","Warcry"],"picked":"Metallicize","floor":31},{"not_picked":["Berserk","Fiend Fire"],"picked":"Feed","floor":33},{"not_picked":["Cleave","Twin Strike+1"],"picked":"Shrug It Off","floor":35},{"not_picked":["Evolve","Flex"],"picked":"Intimidate","floor":36},{"not_picked":["Anger+1","Pummel+1","Clothesline"],"picked":"SKIP","floor":37},{"not_picked":["Entrench","Perfected Strike","Bloodletting"],"picked":"SKIP","floor":38},{"not_picked":["Demon Form","Reckless Charge","Dropkick+1"],"picked":"SKIP","floor":39}],"player_experience":56225,"relics_obtained":[{"floor":6,"key":"Unceasing Top"},{"floor":8,"key":"Thread and Needle"},{"floor":9,"key":"Pantograph"},{"floor":19,"key":"Enchiridion"},{"floor":26,"key":"Matryoshka"},{"floor":31,"key":"Ancient Tea Set"}],"event_choices":[{"cards_removed":["Strike_R"],"damage_healed":0,"gold_gain":0,"player_choice":"Card Removal","damage_taken":0,"max_hp_gain":0,"max_hp_loss":0,"event_name":"The Cleric","floor":13,"gold_loss":50},{"damage_healed":0,"gold_gain":0,"player_choice":"Entered Light","damage_taken":16,"max_hp_gain":0,"max_hp_loss":0,"event_name":"Shining Light","floor":14,"gold_loss":0,"cards_upgraded":["Iron Wave","Defend_R"]},{"damage_healed":0,"gold_gain":0,"player_choice":"Obtained Book","damage_taken":16,"max_hp_gain":0,"max_hp_loss":0,"event_name":"Cursed Tome","floor":19,"gold_loss":0},{"damage_healed":0,"gold_gain":0,"player_choice":"Became a vampire","damage_taken":0,"max_hp_gain":0,"max_hp_loss":24,"event_name":"Vampires","floor":20,"gold_loss":0,"cards_obtained":["Bite","Bite","Bite","Bite","Bite"]}],"is_beta":false,"boss_relics":[{"not_picked":["Busted Crown","Fusion Hammer"],"picked":"Velvet Choker"},{"not_picked":["Eternal Feather","Runic Cube"],"picked":"Astrolabe"}],"items_purged_floors":[],"is_endless":false,"potions_floor_spawned":[3,4,6,8,10,21,24,30,36,37],"killed_by":"Reptomancer","ascension_level":0}