{"gold_per_floor":[113,113,130,33,33,65,65,94,119,119,181,198,198,26,26,131,181,200,27,46,57,57,57,92,105,129,129],"floor_reached":27,"playtime":1403,"items_purged":[],"score":290,"play_id":"469ca32c-b212-44db-af00-f42f5fc69335","local_time":"20190910145316","is_ascension_mode":true,"campfire_choices":[{"data":"WindmillStrike","floor":7,"key":"SMITH"},{"data":"Devotion","floor":10,"key":"SMITH"},{"floor":13,"key":"REST"},{"data":"Protect","floor":15,"key":"SMITH"},{"data":"Omniscience","floor":23,"key":"SMITH"}],"neow_cost":"NONE","seed_source_timestamp":524855675404500,"circlet_count":0,"master_deck":["Strike_P","Strike_P","Strike_P","Defend_P+1","Defend_P+1","Defend_P","Defend_P","Eruption","Vigilance+1","WindmillStrike+1","Sanctity","Devotion+1","EmptyFist","CutThroughFate","Brilliance","Wireheading","Devotion+1","Protect+1","DeusExMachina","Establishment","Sanctity+1","Panache","Weave","Omniscience+1","DevaForm"],"relics":["PureWater","Pen Nib","Centennial Puzzle","Girya","Matryoshka","DollysMirror","Tiny House","Nloth\u0027s Gift","Akabeko","Omamori","Toy Ornithopter"],"potions_floor_usage":[6,24,24],"damage_taken":[{"damage":0,"enemies":"2 Louse","floor":1,"turns":2},{"damage":0,"enemies":"Small Slimes","floor":3,"turns":2},{"damage":14,"enemies":"Gremlin Nob","floor":6,"turns":4},{"damage":11,"enemies":"3 Sentries","floor":8,"turns":6},{"damage":12,"enemies":"Gremlin Nob","floor":11,"turns":3},{"damage":0,"enemies":"Cultist","floor":12,"turns":3},{"damage":14,"enemies":"Hexaghost","floor":16,"turns":7},{"damage":4,"enemies":"Shell Parasite","floor":18,"turns":6},{"damage":2,"enemies":"Spheric Guardian","floor":20,"turns":4},{"damage":5,"enemies":"Snake Plant","floor":21,"turns":3},{"damage":40,"enemies":"Slavers","floor":24,"turns":6},{"damage":7,"enemies":"Centurion and Healer","floor":25,"turns":5},{"damage":14,"enemies":"3 Cultists","floor":27,"turns":6}],"seed_played":"3158767282038959939","potions_obtained":[{"floor":3,"key":"SkillPotion"},{"floor":11,"key":"Strength Potion"},{"floor":12,"key":"PowerPotion"},{"floor":17,"key":"Fire Potion"}],"is_trial":false,"path_per_floor":["M","?","M","$","?","E","R","E","T","R","?","M","R","$","R","B",null,"M","$","M","M","?","R","E","M","T","M"],"character_chosen":"WATCHER","items_purchased":["Devotion","EmptyFist","DollysMirror","Protect","Panache"],"campfire_rested":1,"item_purchase_floors":[4,4,14,14,19],"current_hp_per_floor":[65,52,52,52,45,31,31,20,20,20,8,8,27,27,27,13,70,66,66,64,59,59,59,19,12,12,0],"gold":129,"neow_bonus":"RANDOM_COMMON_RELIC","is_prod":false,"is_daily":false,"chose_seed":false,"campfire_upgraded":4,"win_rate":0,"timestamp":1568141596,"path_taken":["M","?","M","$","?","E","R","E","T","R","?","M","R","$","R","BOSS","M","$","M","M","?","R","E","M","T","M"],"build_version":"2019-09-09v2","purchased_purges":0,"victory":false,"max_hp_per_floor":[65,65,65,65,65,65,65,65,65,65,65,65,65,65,65,65,70,70,70,70,70,70,70,70,70,70,70],"card_choices":[{"not_picked":["BowlingBash","CrushJoints"],"picked":"WindmillStrike","floor":1},{"not_picked":["Collect","BowlingBash"],"picked":"Sanctity","floor":3},{"not_picked":["Consecrate","FollowUp"],"picked":"CutThroughFate","floor":6},{"not_picked":["Collect","Weave"],"picked":"Brilliance","floor":8},{"not_picked":["EmptyFist","Prostrate"],"picked":"Wireheading","floor":12},{"not_picked":["Wish","Omniscience"],"picked":"DeusExMachina","floor":16},{"not_picked":["InnerPeace","CarveReality"],"picked":"Establishment","floor":17},{"not_picked":["Halt","CrushJoints"],"picked":"Sanctity+1","floor":18},{"not_picked":["FollowUp","Worship"],"picked":"Weave","floor":20},{"not_picked":["ThirdEye+1","Prostrate+1"],"picked":"Omniscience","floor":21},{"not_picked":["ReachHeaven","Blasphemy"],"picked":"DevaForm","floor":24},{"not_picked":["CleanseEvil","BowlingBash","CutThroughFate"],"picked":"SKIP","floor":25}],"player_experience":1926003,"relics_obtained":[{"floor":6,"key":"Centennial Puzzle"},{"floor":8,"key":"Girya"},{"floor":9,"key":"Vajra"},{"floor":24,"key":"Akabeko"},{"floor":26,"key":"Omamori"},{"floor":26,"key":"Toy Ornithopter"}],"event_choices":[{"damage_healed":0,"gold_gain":0,"player_choice":"Entered Light","damage_taken":13,"max_hp_gain":0,"max_hp_loss":0,"event_name":"Shining Light","floor":2,"gold_loss":0,"cards_upgraded":["Vigilance","Defend_P"]},{"cards_removed":["Strike_P"],"damage_healed":0,"gold_gain":0,"player_choice":"Card Removal","damage_taken":7,"max_hp_gain":0,"max_hp_loss":0,"event_name":"Golden Wing","floor":5,"gold_loss":0},{"damage_healed":0,"gold_gain":0,"player_choice":"Searched \u00273\u0027 times","damage_taken":0,"relics_obtained":["Matryoshka"],"max_hp_gain":0,"max_hp_loss":0,"event_name":"Dead Adventurer","floor":11,"gold_loss":0},{"damage_healed":0,"gold_gain":0,"player_choice":"Traded Relic","damage_taken":0,"relics_obtained":["Nloth\u0027s Gift"],"max_hp_gain":0,"max_hp_loss":0,"event_name":"N\u0027loth","floor":22,"relics_lost":["Vajra"],"gold_loss":0}],"is_beta":true,"boss_relics":[{"not_picked":["Busted Crown","Runic Pyramid"],"picked":"Tiny House"}],"items_purged_floors":[],"is_endless":false,"potions_floor_spawned":[3,11,12,18,20,21],"killed_by":"3 Cultists","ascension_level":2}