{"gold_per_floor":[117,117,130,147,72,91,91,123,423,423,454,454,454,454],"floor_reached":14,"playtime":468,"items_purged":["Strike_R"],"score":118,"play_id":"915fdaee-23e9-4e5f-b172-c206f7579c11","local_time":"20190613190936","is_ascension_mode":true,"campfire_choices":[{"data":"Rupture","floor":7,"key":"SMITH"},{"floor":10,"key":"REST"}],"neow_cost":"NONE","seed_source_timestamp":5382121895669,"circlet_count":0,"master_deck":["Strike_R","Strike_R+1","Strike_R","Defend_R","Defend_R+1","Defend_R","Defend_R+1","Bash","Shockwave","Dramatic Entrance","Double Tap","Cleave","Rupture+1","Bloodletting+1","Seeing Red","Battle Trance"],"relics":["Burning Blood","War Paint","Kunai","Old Coin","Dead Branch"],"potions_floor_usage":[8,11,14],"damage_taken":[{"damage":8,"enemies":"2 Louse","floor":1,"turns":4},{"damage":1,"enemies":"Cultist","floor":3,"turns":3},{"damage":16,"enemies":"Jaw Worm","floor":4,"turns":4},{"damage":8,"enemies":"Blue Slaver","floor":6,"turns":4},{"damage":36,"enemies":"Gremlin Nob","floor":8,"turns":4},{"damage":34,"enemies":"Lagavulin","floor":11,"turns":7},{"damage":19,"enemies":"3 Sentries","floor":14,"turns":4}],"seed_played":"5276446759642770332","potions_obtained":[{"floor":1,"key":"Poison Potion"},{"floor":4,"key":"LiquidBronze"},{"floor":8,"key":"Poison Potion"}],"is_trial":false,"path_per_floor":["M","?","M","M","$","M","R","E","T","R","E","?","?","E"],"character_chosen":"IRONCLAD","items_purchased":[],"campfire_rested":1,"item_purchase_floors":[],"current_hp_per_floor":[78,78,80,70,70,68,68,38,38,62,34,34,18,0],"gold":454,"neow_bonus":"RANDOM_COMMON_RELIC","is_prod":false,"is_daily":false,"chose_seed":false,"campfire_upgraded":1,"win_rate":0,"timestamp":1560467376,"path_taken":["M","?","M","M","?","M","R","E","T","R","E","?","?","E"],"build_version":"2019-01-23","purchased_purges":1,"victory":false,"max_hp_per_floor":[80,80,80,80,80,80,80,80,80,80,80,80,80,80],"card_choices":[{"not_picked":["Dual Wield","Intimidate"],"picked":"Shockwave","floor":1},{"not_picked":["Body Slam","Sword Boomerang"],"picked":"Cleave","floor":3},{"not_picked":["Warcry","Clash"],"picked":"Rupture","floor":4},{"not_picked":["Shrug It Off","Power Through"],"picked":"Bloodletting","floor":6},{"not_picked":["Heavy Blade","Warcry"],"picked":"Seeing Red","floor":8},{"not_picked":["Perfected Strike","Seeing Red","Dropkick"],"picked":"SKIP","floor":11}],"player_experience":146536,"relics_obtained":[{"floor":8,"key":"Kunai"},{"floor":9,"key":"Old Coin"},{"floor":11,"key":"Dead Branch"}],"event_choices":[{"damage_healed":0,"gold_gain":0,"player_choice":"2 cards matched","damage_taken":0,"max_hp_gain":0,"max_hp_loss":0,"event_name":"Match and Keep!","floor":2,"gold_loss":0,"cards_obtained":["Dramatic Entrance","Double Tap"]},{"damage_healed":0,"gold_gain":0,"cards_transformed":["Strike_R"],"player_choice":"Change","damage_taken":0,"max_hp_gain":0,"max_hp_loss":0,"event_name":"Living Wall","floor":12,"gold_loss":0,"cards_obtained":["Battle Trance"]},{"damage_healed":0,"gold_gain":0,"player_choice":"Entered Light","damage_taken":16,"max_hp_gain":0,"max_hp_loss":0,"event_name":"Shining Light","floor":13,"gold_loss":0,"cards_upgraded":["Bloodletting","Strike_R"]}],"is_beta":false,"boss_relics":[],"items_purged_floors":[5],"is_endless":false,"potions_floor_spawned":[1,4,8],"killed_by":"3 Sentries","ascension_level":4}