{"gold_per_floor":[119,134,134,148,168,197,197,197,274,274,290,215,228,245,245,340,340,280,280,180,180,55,55,55,55,55,55,55,55,55,55,55,55,55,55,55,0,0,0,0,0,0,0,0,0,0,0,0,0,0],"floor_reached":51,"playtime":3217,"items_purged":["Defend_G","Strike_G","Strike_G"],"score":697,"play_id":"4b1161fa-fc05-4ecc-94d4-f1e4183cbcf6","local_time":"20190825175733","is_ascension_mode":false,"campfire_choices":[{"data":"Neutralize","floor":7.0,"key":"SMITH"},{"data":"Poisoned Stab","floor":10.0,"key":"SMITH"},{"data":"Catalyst","floor":15.0,"key":"SMITH"},{"data":"Survivor","floor":27,"key":"SMITH"},{"data":"Adrenaline","floor":29,"key":"SMITH"},{"data":"Backflip","floor":32,"key":"SMITH"},{"data":"Footwork","floor":42,"key":"SMITH"},{"data":"Leg Sweep","floor":44,"key":"SMITH"},{"data":"Deadly Poison","floor":49,"key":"SMITH"}],"neow_cost":"NONE","seed_source_timestamp":0,"circlet_count":0,"master_deck":["Strike_G","Strike_G","Defend_G","Defend_G","Defend_G","Defend_G","Survivor+1","Neutralize+1","Poisoned Stab+1","Deadly Poison+1","Deadly Poison","Adrenaline+1","Leg Sweep+1","Cloak And Dagger+1","Catalyst+1","Bullet Time","Deflect+1","Backflip+1","Well Laid Plans","Bane+1","Venomology+1","Dagger Spray+1","Footwork+1","Poisoned Stab+1","Metamorphosis+1"],"special_seed":0,"relics":["Ring of the Snake","Mango","Pear","Ectoplasm","Toxic Egg 2","Omamori","Ancient Tea Set","Coffee Dripper","Red Mask","War Paint","Pantograph","WarpedTongs"],"potions_floor_usage":[35,39,40,40,50,50,50,50],"damage_taken":[{"damage":0.0,"enemies":"Jaw Worm","floor":1.0,"turns":5.0},{"damage":0.0,"enemies":"2 Louse","floor":2.0,"turns":3.0},{"damage":0.0,"enemies":"Cultist","floor":4.0,"turns":4.0},{"damage":1.0,"enemies":"2 Fungi Beasts","floor":5.0,"turns":4.0},{"damage":30.0,"enemies":"Gremlin Nob","floor":6.0,"turns":5.0},{"damage":5.0,"enemies":"Exordium Wildlife","floor":11.0,"turns":4.0},{"damage":0.0,"enemies":"3 Louse","floor":13.0,"turns":3.0},{"damage":0.0,"enemies":"Looter","floor":14.0,"turns":3.0},{"damage":25.0,"enemies":"Hexaghost","floor":16.0,"turns":6.0},{"damage":3.0,"enemies":"2 Thieves","floor":18.0,"turns":4.0},{"damage":1.0,"enemies":"Shell Parasite","floor":19.0,"turns":3.0},{"damage":12.0,"enemies":"Cultist and Chosen","floor":23.0,"turns":5.0},{"damage":7.0,"enemies":"Snake Plant","floor":24.0,"turns":2.0},{"damage":6.0,"enemies":"Shelled Parasite and Fungi","floor":25.0,"turns":4.0},{"damage":1,"enemies":"Gremlin Leader","floor":31,"turns":4},{"damage":41,"enemies":"Collector","floor":33,"turns":6},{"damage":12,"enemies":"3 Darklings","floor":35,"turns":7},{"damage":2,"enemies":"3 Shapes","floor":39,"turns":6},{"damage":42,"enemies":"Nemesis","floor":40,"turns":7},{"damage":0,"enemies":"Transient","floor":45,"turns":5},{"damage":4,"enemies":"Jaw Worm Horde","floor":48,"turns":6},{"damage":62,"enemies":"Awakened One","floor":50,"turns":12}],"seed_played":"-6969263672596257694","potions_obtained":[{"floor":2.0,"key":"Dexterity Potion"},{"floor":6.0,"key":"Strength Potion"},{"floor":14.0,"key":"GamblersBrew"},{"floor":18.0,"key":"SpeedPotion"},{"floor":25.0,"key":"SkillPotion"},{"floor":31,"key":"SpeedPotion"},{"floor":35,"key":"Regen Potion"}],"is_trial":false,"path_per_floor":["M","M","?","M","M","E","R","?","T","R","M","$","M","M","R","B",null,"M","M","$","?","$","M","M","M","T","R","T","R","?","E","R","B",null,"M","$","?","?","M","E","?","R","T","R","M","?","?","M","R","B",null],"character_chosen":"THE_SILENT","items_purchased":[],"campfire_rested":0,"item_purchase_floors":[],"current_hp_per_floor":[77,77,77,77,76,60,60,60,70,70,65,65,65,65,65,40,101,98,97,97,97,97,85,78,72,72,72,72,72,72,71,71,30,101,89,89,89,89,96,54,54,54,54,54,54,54,54,50,50,13],"gold":0,"neow_bonus":"TEN_PERCENT_HP_BONUS","is_prod":false,"is_daily":false,"chose_seed":false,"campfire_upgraded":9,"win_rate":0,"timestamp":1566723453,"path_taken":["M","M","?","M","M","E","R","?","T","R","M","$","?","M","R","BOSS","M","M","$","?","$","M","M","M","T","R","?","R","?","E","R","BOSS","M","$","?","?","M","E","?","R","T","R","M","?","?","M","R","BOSS"],"build_version":"2019-07-17","purchased_purges":3,"victory":true,"max_hp_per_floor":[77,77,77,77,77,91,91,91,101,101,101,101,101,101,101,101,101,101,101,101,101,101,101,101,101,101,101,101,101,101,101,101,101,101,101,101,101,96,96,96,96,96,96,96,96,96,96,96,96,96],"card_choices":[{"not_picked":["Predator","Blade Dance"],"picked":"Poisoned Stab","floor":1.0},{"not_picked":["Slice","Dodge and Roll"],"picked":"Noxious Fumes","floor":2.0},{"not_picked":["Blade Dance","Slice"],"picked":"Deadly Poison","floor":4.0},{"not_picked":["Outmaneuver","Blade Dance"],"picked":"Deadly Poison","floor":5.0},{"not_picked":["Setup","Sucker Punch"],"picked":"Adrenaline","floor":6.0},{"not_picked":["Outmaneuver","Distraction"],"picked":"Cloak And Dagger","floor":11.0},{"not_picked":["Dagger Throw","Slice","Bouncing Flask"],"picked":"SKIP","floor":13.0},{"not_picked":["Blade Dance","Flechettes"],"picked":"Catalyst","floor":14.0},{"not_picked":["A Thousand Cuts","Adrenaline"],"picked":"Bullet Time","floor":16.0},{"not_picked":["Underhanded Strike","Accuracy+1"],"picked":"Deflect","floor":18.0},{"not_picked":["Leg Sweep","Endless Agony","Outmaneuver"],"picked":"SKIP","floor":19.0},{"not_picked":["Distraction+1","Noxious Fumes+1"],"picked":"Backflip","floor":23.0},{"not_picked":["Outmaneuver","Blade Dance"],"picked":"Well Laid Plans","floor":24.0},{"not_picked":["Poisoned Stab+1","Prepared","Caltrops"],"picked":"SKIP","floor":25.0},{"not_picked":["Deadly Poison+1","Acrobatics+1"],"picked":"Bane+1","floor":31},{"not_picked":["Malaise+1","Adrenaline+1"],"picked":"Venomology+1","floor":33},{"not_picked":["Deflect+1","Prepared+1"],"picked":"Dagger Spray+1","floor":35},{"not_picked":["Dodge and Roll+1","Terror+1"],"picked":"Footwork","floor":39},{"not_picked":["Eviscerate","Finisher+1"],"picked":"Poisoned Stab+1","floor":40},{"not_picked":["Caltrops+1","Quick Slash","Dagger Throw"],"picked":"SKIP","floor":45},{"not_picked":["Impatience+1","Blind+1"],"picked":"Metamorphosis+1","floor":46},{"not_picked":["Slice","Quick Slash","Bane+1"],"picked":"SKIP","floor":48}],"player_experience":285168,"relics_obtained":[{"floor":6.0,"key":"Mango"},{"floor":9.0,"key":"Pear"},{"floor":26,"key":"Toxic Egg 2"},{"floor":28,"key":"Omamori"},{"floor":31,"key":"Ancient Tea Set"},{"floor":40,"key":"War Paint"},{"floor":43,"key":"Pantograph"}],"event_choices":[{"damage_healed":0.0,"max_hp_gain":0.0,"max_hp_loss":0.0,"gold_gain":0.0,"event_name":"Liars Game","player_choice":"Ignored","floor":3.0,"gold_loss":0.0,"damage_taken":0.0},{"damage_healed":0.0,"max_hp_gain":0.0,"max_hp_loss":0.0,"gold_gain":0.0,"cards_transformed":["Strike_G"],"event_name":"Transmorgrifier","player_choice":"Transformed","floor":8.0,"gold_loss":0.0,"damage_taken":0.0,"cards_obtained":["Leg Sweep"]},{"damage_healed":0,"gold_gain":0,"player_choice":"Smashed Altar","damage_taken":0,"max_hp_gain":0,"max_hp_loss":0,"event_name":"Forgotten Altar","floor":30,"gold_loss":0,"cards_obtained":["Decay"]},{"damage_healed":0,"gold_gain":0,"player_choice":"Paid","damage_taken":0,"relics_obtained":["Red Mask"],"max_hp_gain":0,"max_hp_loss":0,"event_name":"Tomb of Lord Red Mask","floor":37,"gold_loss":55},{"damage_healed":0,"gold_gain":0,"player_choice":"Max HP","damage_taken":0,"max_hp_gain":0,"max_hp_loss":5,"event_name":"Winding Halls","floor":38,"gold_loss":0},{"cards_removed":["Noxious Fumes"],"damage_healed":0,"gold_gain":0,"player_choice":"Removed Power","damage_taken":0,"max_hp_gain":0,"max_hp_loss":0,"event_name":"Falling","floor":41,"gold_loss":0},{"damage_healed":0,"gold_gain":0,"player_choice":"Memory 1","damage_taken":0,"max_hp_gain":0,"max_hp_loss":0,"event_name":"SensoryStone","floor":46,"gold_loss":0},{"damage_healed":0,"gold_gain":0,"player_choice":"Rummage","damage_taken":0,"relics_obtained":["WarpedTongs"],"max_hp_gain":0,"max_hp_loss":0,"event_name":"Accursed Blacksmith","floor":47,"gold_loss":0,"cards_obtained":["Pain"]}],"is_beta":false,"boss_relics":[{"not_picked":["Pandora\u0027s Box","Tiny House"],"picked":"Ectoplasm"},{"not_picked":["Cursed Key","HoveringKite"],"picked":"Coffee Dripper"}],"items_purged_floors":[12,20,22],"is_endless":false,"potions_floor_spawned":[2,6,14,18,25,31,35,39],"ascension_level":0}