{"gold_per_floor":[118,128,128,140,44,44,59,388,388,417,417,428,428],"floor_reached":13,"playtime":752,"items_purged":[],"score":100,"play_id":"034e818d-2600-4963-a03f-03a90f62987e","local_time":"20190909215139","is_ascension_mode":true,"campfire_choices":[{"data":"Flash of Steel","floor":6,"key":"SMITH"},{"floor":11,"key":"REST"}],"neow_cost":"NONE","seed_source_timestamp":464206539711200,"circlet_count":0,"master_deck":["Strike_P","Strike_P","Strike_P","Strike_P","Defend_P","Defend_P","Defend_P","Defend_P","Eruption","Vigilance","CutThroughFate","Establishment","Halt","Flash of Steel+1","Protect","FlyingSleeves","Protect"],"relics":["PureWater","Omamori","Old Coin","Bottled Lightning","Girya"],"potions_floor_usage":[1,1,8,8,13],"damage_taken":[{"damage":11,"enemies":"Cultist","floor":1,"turns":7},{"damage":0,"enemies":"Small Slimes","floor":2,"turns":2},{"damage":1,"enemies":"Jaw Worm","floor":4,"turns":4},{"damage":0,"enemies":"2 Fungi Beasts","floor":7,"turns":3},{"damage":8,"enemies":"Lagavulin","floor":8,"turns":8},{"damage":33,"enemies":"3 Sentries","floor":10,"turns":12},{"damage":2,"enemies":"Looter","floor":12,"turns":4},{"damage":43,"enemies":"Lagavulin Event","floor":13,"turns":9}],"seed_played":"-4978491480908348428","potions_obtained":[{"floor":0,"key":"Poison Potion"},{"floor":0,"key":"Ancient Potion"},{"floor":0,"key":"Swift Potion"},{"floor":1,"key":"FearPotion"},{"floor":7,"key":"Regen Potion"},{"floor":8,"key":"DuplicationPotion"}],"is_trial":false,"path_per_floor":["M","M","?","M","$","R","M","E","T","E","R","M","?"],"character_chosen":"WATCHER","items_purchased":["Flash of Steel"],"campfire_rested":1,"item_purchase_floors":[5],"current_hp_per_floor":[54,54,42,41,41,41,41,42,42,9,28,26,0],"gold":428,"neow_bonus":"THREE_SMALL_POTIONS","is_prod":false,"is_daily":false,"chose_seed":false,"campfire_upgraded":1,"win_rate":0,"timestamp":1568080299,"path_taken":["M","?","?","M","?","R","M","E","T","E","R","M","?"],"build_version":"2019-09-09","purchased_purges":0,"victory":false,"max_hp_per_floor":[65,65,65,65,65,65,65,65,65,65,65,65,65],"card_choices":[{"not_picked":["InnerPeace","Halt"],"picked":"CutThroughFate","floor":1},{"not_picked":["ThirdEye","FlyingSleeves"],"picked":"Establishment","floor":2},{"not_picked":["Blasphemy","ClearTheMind"],"picked":"Halt","floor":4},{"not_picked":["EmptyMind","Sanctity"],"picked":"Protect","floor":7},{"not_picked":["Tantrum","Worship"],"picked":"FlyingSleeves","floor":8},{"not_picked":["CarveReality","Tantrum","InnerPeace"],"picked":"SKIP","floor":10},{"not_picked":["CarveReality","FollowUp"],"picked":"Protect","floor":12}],"player_experience":1917957,"relics_obtained":[{"floor":8,"key":"Old Coin"},{"floor":9,"key":"Bottled Lightning"},{"floor":10,"key":"Girya"}],"event_choices":[{"damage_healed":0,"gold_gain":0,"player_choice":"Success","damage_taken":12,"relics_obtained":["Omamori"],"max_hp_gain":0,"max_hp_loss":0,"event_name":"Scrap Ooze","floor":3,"gold_loss":0},{"damage_healed":0,"gold_gain":0,"player_choice":"Searched \u00271\u0027 times","damage_taken":0,"max_hp_gain":0,"max_hp_loss":0,"event_name":"Dead Adventurer","floor":13,"gold_loss":0}],"is_beta":true,"boss_relics":[],"items_purged_floors":[],"is_endless":false,"potions_floor_spawned":[1,7,8],"killed_by":"Lagavulin Event","ascension_level":1}