{"gold_per_floor":[109,59,234,14,24,50,50,9,9,23,40,40,40,57,57,161,161,180,180,197,208,223,257,257,273,299,310,235,235,53,66,66,171,171,187,198,252,51,51,51,51,51,51,15,15,31,31,31,31,31],"floor_reached":50,"playtime":1515,"items_purged":["Doubt","Defend_B","Defend_B"],"score":487,"play_id":"43f255a3-3969-4078-9d98-77943e1de7a7","local_time":"20190911003756","is_ascension_mode":false,"campfire_choices":[{"data":"Zap","floor":7,"key":"SMITH"},{"data":"Dualcast","floor":12,"key":"SMITH"},{"data":"Conserve Battery","floor":15,"key":"SMITH"},{"data":"Ball Lightning","floor":24,"key":"SMITH"},{"data":"Defend_B","floor":29,"key":"SMITH"},{"data":"Defragment","floor":32,"key":"SMITH"},{"data":"Loop","floor":40,"key":"SMITH"},{"data":"Machine Learning","floor":42,"key":"SMITH"},{"data":"Loop","floor":49,"key":"SMITH"}],"neow_cost":"NONE","seed_source_timestamp":17065170305100,"circlet_count":0,"master_deck":["Strike_B","Strike_B","Defend_B+1","Defend_B","Zap+1","Dualcast+1","Conserve Battery+1","Self Repair","Ball Lightning+1","BootSequence","Electrodynamics","Conserve Battery+1","Ball Lightning+1","Go for the Eyes+1","Defragment+1","Machine Learning+1","Conserve Battery+1","Loop+1","Loop+1","Master of Strategy","Madness","Madness"],"relics":["Cracked Core","NeowsBlessing","ClockworkSouvenir","Potion Belt","Question Card","SacredBark","Bottled Flame","Orichalcum","Inserter","Ginger","Bronze Scales"],"potions_floor_usage":[22,22,23,23,33,37,41,50],"damage_taken":[{"damage":0,"enemies":"Jaw Worm","floor":1,"turns":1},{"damage":0,"enemies":"2 Louse","floor":5,"turns":1},{"damage":0,"enemies":"Gremlin Nob","floor":6,"turns":1},{"damage":0,"enemies":"Small Slimes","floor":10,"turns":3},{"damage":7,"enemies":"Blue Slaver","floor":11,"turns":3},{"damage":3,"enemies":"Large Slime","floor":14,"turns":5},{"damage":35,"enemies":"Slime Boss","floor":16,"turns":11},{"damage":25,"enemies":"Spheric Guardian","floor":18,"turns":6},{"damage":5,"enemies":"Shell Parasite","floor":20,"turns":7},{"damage":4,"enemies":"Centurion and Healer","floor":21,"turns":7},{"damage":8,"enemies":"3 Cultists","floor":22,"turns":5},{"damage":45,"enemies":"Gremlin Leader","floor":23,"turns":4},{"damage":0,"enemies":"Snake Plant","floor":25,"turns":4},{"damage":12,"enemies":"Snecko","floor":27,"turns":5},{"damage":5,"enemies":"Chosen and Byrds","floor":31,"turns":5},{"damage":18,"enemies":"Automaton","floor":33,"turns":10},{"damage":12,"enemies":"Orb Walker","floor":35,"turns":4},{"damage":0,"enemies":"3 Shapes","floor":36,"turns":3},{"damage":70,"enemies":"2 Orb Walkers","floor":37,"turns":5},{"damage":0,"enemies":"Maw","floor":41,"turns":2},{"damage":19,"enemies":"3 Darklings","floor":46,"turns":3},{"damage":47,"enemies":"Awakened One","floor":50,"turns":2}],"seed_played":"-7268274706201716502","potions_obtained":[{"floor":1,"key":"Regen Potion"},{"floor":11,"key":"FocusPotion"},{"floor":16,"key":"Fire Potion"},{"floor":20,"key":"AttackPotion"},{"floor":22,"key":"SmokeBomb"},{"floor":23,"key":"FearPotion"},{"floor":25,"key":"SpeedPotion"},{"floor":36,"key":"Swift Potion"},{"floor":37,"key":"Ancient Potion"}],"is_trial":false,"path_per_floor":["M","?","?","$","M","E","R","$","T","M","M","R","$","M","R","B",null,"M","?","M","M","M","E","R","M","T","M","?","R","$","M","R","B",null,"M","M","?","$","?","R","M","R","T","$","?","M","$","?","R","B"],"character_chosen":"DEFECT","items_purchased":["ClockworkSouvenir","Self Repair","Defragment","Loop","Loop"],"campfire_rested":0,"item_purchase_floors":[4,8,30,38,44],"current_hp_per_floor":[75,75,75,75,75,75,75,75,75,75,75,75,75,75,75,47,75,57,43,45,48,80,42,42,42,42,37,37,37,37,39,39,28,80,75,80,10,10,70,70,70,70,70,70,70,51,51,42,42,0],"gold":31,"neow_bonus":"THREE_ENEMY_KILL","is_prod":false,"is_daily":false,"chose_seed":false,"campfire_upgraded":9,"win_rate":0,"timestamp":1568129876,"path_taken":["M","?","?","$","M","E","R","$","T","M","M","R","?","M","R","BOSS","M","?","M","M","M","E","R","M","T","M","?","R","?","M","R","BOSS","M","M","?","$","?","R","M","R","T","$","?","M","?","?","R","BOSS"],"build_version":"2019-09-09v2","purchased_purges":3,"victory":false,"max_hp_per_floor":[75,75,75,75,75,75,75,75,75,75,75,75,75,75,75,75,75,75,80,80,80,80,80,80,80,80,80,80,80,80,80,80,80,80,80,80,80,80,70,70,70,70,70,70,70,70,70,70,70,70],"card_choices":[{"not_picked":["Compile Driver","Beam Cell","Steam"],"picked":"SKIP","floor":1},{"not_picked":["Barrage","Beam Cell","Rip and Tear"],"picked":"SKIP","floor":5},{"not_picked":["Blizzard","White Noise"],"picked":"Conserve Battery","floor":6},{"not_picked":["Stack","Conserve Battery","Cold Snap"],"picked":"Ball Lightning","floor":10},{"not_picked":["Storm","Double Energy","Steam"],"picked":"BootSequence","floor":11},{"not_picked":["Creative AI","Steam","Heatsinks","Hologram"],"picked":"SKIP","floor":14},{"not_picked":["All For One","Fission","Buffer"],"picked":"Electrodynamics","floor":16},{"not_picked":["Cold Snap+1","Turbo","Heatsinks+1"],"picked":"Conserve Battery+1","floor":18},{"not_picked":["Rebound","Beam Cell","Rip and Tear","Double Energy+1"],"picked":"SKIP","floor":20},{"not_picked":["Gash","Go for the Eyes","Beam Cell+1"],"picked":"Ball Lightning+1","floor":21},{"not_picked":["Redo","Static Discharge","Conserve Battery+1"],"picked":"Go for the Eyes+1","floor":22},{"not_picked":["Amplify","Barrage+1","Coolheaded","Double Energy"],"picked":"SKIP","floor":23},{"not_picked":["Self Repair","Leap","Compile Driver+1","Cold Snap"],"picked":"SKIP","floor":25},{"not_picked":["Leap","Reprogram","Sweeping Beam","Steam Power"],"picked":"SKIP","floor":27},{"not_picked":["Fusion","Turbo","Stack+1","Coolheaded+1"],"picked":"SKIP","floor":31},{"not_picked":["All For One","Rainbow","Multi-Cast"],"picked":"Machine Learning","floor":33},{"not_picked":["Rebound","Steam","Conserve Battery","Turbo+1"],"picked":"SKIP","floor":35},{"not_picked":["Compile Driver+1","Gash+1","Blizzard"],"picked":"Conserve Battery+1","floor":36},{"not_picked":["Forethought","Dramatic Entrance","Apotheosis"],"picked":"Master of Strategy","floor":45},{"not_picked":["FTL","Doom and Gloom","Ball Lightning","Capacitor+1"],"picked":"SKIP","floor":46}],"player_experience":412435,"relics_obtained":[{"floor":6,"key":"Potion Belt"},{"floor":9,"key":"Question Card"},{"floor":23,"key":"Bottled Flame"},{"floor":26,"key":"Orichalcum"},{"floor":37,"key":"Ginger"},{"floor":43,"key":"Bronze Scales"}],"event_choices":[{"cards_removed":["Strike_B"],"damage_healed":0,"gold_gain":0,"player_choice":"Card Removal","damage_taken":0,"max_hp_gain":0,"max_hp_loss":0,"event_name":"The Cleric","floor":2,"gold_loss":50},{"damage_healed":0,"gold_gain":175,"player_choice":"AGREE","damage_taken":0,"max_hp_gain":0,"max_hp_loss":0,"event_name":"Liars Game","floor":3,"gold_loss":0,"cards_obtained":["Doubt"]},{"damage_healed":0,"gold_gain":0,"player_choice":"Shed Blood","damage_taken":19,"max_hp_gain":5,"max_hp_loss":0,"event_name":"Forgotten Altar","floor":19,"gold_loss":0},{"cards_removed":["Strike_B"],"damage_healed":0,"gold_gain":0,"player_choice":"Gave Gold","damage_taken":0,"max_hp_gain":0,"max_hp_loss":0,"event_name":"Beggar","floor":28,"gold_loss":75},{"damage_healed":0,"gold_gain":0,"player_choice":"Fight","damage_taken":0,"max_hp_gain":0,"max_hp_loss":0,"event_name":"Mysterious Sphere","floor":37,"gold_loss":0},{"damage_healed":70,"gold_gain":0,"player_choice":"Heal","damage_taken":0,"max_hp_gain":0,"max_hp_loss":10,"event_name":"The Moai Head","floor":39,"gold_loss":0},{"damage_healed":0,"gold_gain":0,"player_choice":"Memory 1","damage_taken":0,"max_hp_gain":0,"max_hp_loss":0,"event_name":"SensoryStone","floor":45,"gold_loss":0},{"damage_healed":0,"gold_gain":0,"player_choice":"Embrace Madness","damage_taken":9,"max_hp_gain":0,"max_hp_loss":0,"event_name":"Winding Halls","floor":48,"gold_loss":0,"cards_obtained":["Madness","Madness"]}],"is_beta":true,"boss_relics":[{"not_picked":["Runic Dome","SlaversCollar"],"picked":"SacredBark"},{"not_picked":["Pandora\u0027s Box","Sozu"],"picked":"Inserter"}],"items_purged_floors":[4,30,38],"is_endless":false,"potions_floor_spawned":[1,11,16,20,22,23,25,36,37],"killed_by":"Awakened One","ascension_level":0}