{"gold_per_floor":[209,134,153,173,248,281,281,281,281,360,360,390,36,36,36,36],"floor_reached":16,"playtime":393,"items_purged":["Strike_R","Strike_R"],"score":106,"play_id":"2e9d580c-793c-4913-a853-798443529c6d","local_time":"20190829165523","is_ascension_mode":false,"campfire_choices":[{"data":"Uppercut","floor":8,"key":"SMITH"},{"data":"Body Slam","floor":11,"key":"SMITH"},{"floor":15,"key":"REST"}],"neow_cost":"NONE","seed_source_timestamp":1150215429654500,"circlet_count":0,"master_deck":["Strike_R","Strike_R","Strike_R","Defend_R","Defend_R","Defend_R","Defend_R","Bash","Body Slam+1","Uppercut+1","Ghostly Armor","Bloodletting"],"relics":["Burning Blood","Mummified Hand","Ornamental Fan","Letter Opener","Turnip","Meat on the Bone","Dream Catcher"],"potions_floor_usage":[6],"damage_taken":[{"damage":3,"enemies":"Jaw Worm","floor":1,"turns":4},{"damage":2,"enemies":"2 Louse","floor":3,"turns":3},{"damage":3,"enemies":"Small Slimes","floor":4,"turns":3},{"damage":39,"enemies":"Lagavulin","floor":6,"turns":8},{"damage":14,"enemies":"Gremlin Nob","floor":12,"turns":5},{"damage":3,"enemies":"Hexaghost","floor":16,"turns":7}],"seed_played":"-8523493539184208481","potions_obtained":[{"floor":1,"key":"Fire Potion"},{"floor":6,"key":"Dexterity Potion"}],"is_trial":false,"path_per_floor":["M","$","M","M","?","E","?","R","T","T","R","E","$","?","R","B"],"character_chosen":"IRONCLAD","items_purchased":["Meat on the Bone"],"campfire_rested":1,"item_purchase_floors":[13],"current_hp_per_floor":[80,80,80,80,69,36,36,36,36,36,36,28,28,16,40,37],"gold":36,"neow_bonus":"HUNDRED_GOLD","is_prod":false,"is_daily":false,"chose_seed":false,"campfire_upgraded":2,"win_rate":0,"timestamp":1567065323,"path_taken":["M","$","M","M","?","E","?","R","T","?","R","E","$","?","R","BOSS"],"build_version":"2019-07-17","purchased_purges":2,"victory":false,"max_hp_per_floor":[80,80,80,80,80,80,80,80,80,80,80,80,80,80,80,80],"card_choices":[{"not_picked":["Power Through","Warcry"],"picked":"Body Slam","floor":1},{"not_picked":["Blood for Blood","Bloodletting"],"picked":"Uppercut","floor":3},{"not_picked":["Clothesline","Thunderclap","Anger"],"picked":"SKIP","floor":4},{"not_picked":["Evolve","Twin Strike"],"picked":"Ghostly Armor","floor":6},{"not_picked":["Twin Strike","Havoc"],"picked":"Bloodletting","floor":12}],"player_experience":305739,"relics_obtained":[{"floor":6,"key":"Mummified Hand"},{"floor":9,"key":"Ornamental Fan"},{"floor":10,"key":"Letter Opener"},{"floor":12,"key":"Turnip"}],"event_choices":[{"damage_healed":0,"gold_gain":75,"player_choice":"Gather Gold","damage_taken":11,"max_hp_gain":0,"max_hp_loss":0,"event_name":"World of Goop","floor":5,"gold_loss":0},{"damage_healed":0,"gold_gain":0,"player_choice":"Ignored","damage_taken":0,"max_hp_gain":0,"max_hp_loss":0,"event_name":"Liars Game","floor":7,"gold_loss":0},{"damage_healed":0,"gold_gain":0,"player_choice":"Success","damage_taken":12,"relics_obtained":["Dream Catcher"],"max_hp_gain":0,"max_hp_loss":0,"event_name":"Scrap Ooze","floor":14,"gold_loss":0}],"is_beta":false,"boss_relics":[],"items_purged_floors":[2,13],"is_endless":false,"potions_floor_spawned":[1,6],"killed_by":"Hexaghost","ascension_level":0}