{"gold_per_floor":[109,34,34,49,61,61,80,92,92,192,53,53,70,83,83,183,183,195,195,182,182,198,228,103,118,118,118,118,130,144,76,76,175,175,188,188,188,206,56,56,72,72,72,82,482,482,35,69,69,69,69,69,69,69],"floor_reached":54,"playtime":2710,"items_purged":["Strike_B","Strike_B","Defend_B","Strike_B","Defend_B"],"score":704,"play_id":"234a614c-3b92-44ac-b0ac-216a2e59e660","local_time":"20190906023213","is_ascension_mode":false,"campfire_choices":[{"data":"Dualcast","floor":6,"key":"SMITH"},{"data":"Defragment","floor":12,"key":"SMITH"},{"data":"Chaos","floor":15,"key":"SMITH"},{"data":"Storm","floor":28,"key":"SMITH"},{"data":"Machine Learning","floor":32,"key":"SMITH"},{"data":"Defragment","floor":40,"key":"SMITH"},{"data":"Echo Form","floor":42,"key":"SMITH"},{"floor":49,"key":"RECALL"},{"data":"Static Discharge","floor":52,"key":"SMITH"}],"neow_cost":"NONE","seed_source_timestamp":1787322128965400,"circlet_count":0,"master_deck":["Zap+1","Dualcast+1","BootSequence","Self Repair","Chill","Defragment+1","Cold Snap","Chaos+1","Machine Learning+1","Conserve Battery","Storm+1","FTL","Defragment+1","Glacier","Streamline+1","Glacier","Skim","Echo Form+1","Compile Driver","Blizzard+1","Cold Snap+1","Core Surge","Static Discharge+1","Leap+1"],"relics":["Cracked Core","Prayer Wheel","Nuclear Battery","FossilizedHelix","Bronze Scales","Empty Cage","Old Coin","Medical Kit","Torii"],"potions_floor_usage":[20,20,23,54],"damage_taken":[{"damage":5,"enemies":"Small Slimes","floor":1,"turns":3},{"damage":0,"enemies":"2 Louse","floor":4,"turns":2},{"damage":0,"enemies":"Cultist","floor":5,"turns":4},{"damage":11,"enemies":"Lots of Slimes","floor":7,"turns":4},{"damage":16,"enemies":"Exordium Thugs","floor":8,"turns":5},{"damage":1,"enemies":"2 Fungi Beasts","floor":13,"turns":3},{"damage":0,"enemies":"Exordium Wildlife","floor":14,"turns":4},{"damage":13,"enemies":"The Guardian","floor":16,"turns":13},{"damage":5,"enemies":"Shell Parasite","floor":18,"turns":7},{"damage":0,"enemies":"2 Thieves","floor":20,"turns":4},{"damage":10,"enemies":"Sentry and Sphere","floor":22,"turns":6},{"damage":39,"enemies":"Gremlin Leader","floor":23,"turns":5},{"damage":0,"enemies":"Cultist and Chosen","floor":25,"turns":7},{"damage":0,"enemies":"Snecko","floor":29,"turns":5},{"damage":0,"enemies":"Centurion and Healer","floor":30,"turns":9},{"damage":26,"enemies":"Champ","floor":33,"turns":14},{"damage":0,"enemies":"3 Shapes","floor":35,"turns":5},{"damage":2,"enemies":"3 Darklings","floor":38,"turns":5},{"damage":0,"enemies":"Sphere and 2 Shapes","floor":41,"turns":4},{"damage":0,"enemies":"4 Shapes","floor":44,"turns":4},{"damage":21,"enemies":"Mind Bloom Boss Battle","floor":45,"turns":5},{"damage":0,"enemies":"Giant Head","floor":48,"turns":10},{"damage":59,"enemies":"Awakened One","floor":50,"turns":12},{"damage":80,"enemies":"Shield and Spear","floor":54,"turns":6}],"seed_played":"-1104772343031874968","potions_obtained":[{"floor":1,"key":"Block Potion"},{"floor":5,"key":"SteroidPotion"},{"floor":8,"key":"AttackPotion"},{"floor":22,"key":"FocusPotion"},{"floor":29,"key":"Fire Potion"},{"floor":33,"key":"EssenceOfSteel"},{"floor":44,"key":"Block Potion"}],"is_trial":false,"path_per_floor":["M","$","?","M","M","R","M","M","T","?","$","R","M","M","R","B",null,"M","?","M","?","M","E","$","M","T","?","R","M","M","$","R","B",null,"M","?","?","M","$","R","M","R","T","M","?","?","$","E","R","B",null,"R","$","E"],"character_chosen":"DEFECT","items_purchased":["Defragment","Skim","Medical Kit","Static Discharge"],"campfire_rested":0,"item_purchase_floors":[11,31,47,47],"current_hp_per_floor":[70,70,63,63,70,70,66,57,57,57,57,57,63,70,70,64,75,75,75,75,75,72,40,40,47,47,47,47,54,61,61,61,42,75,75,75,75,75,75,75,75,75,75,75,61,61,61,75,75,23,75,75,75,0],"gold":69,"neow_bonus":"UPGRADE_CARD","is_prod":false,"is_daily":false,"chose_seed":false,"campfire_upgraded":8,"win_rate":0,"timestamp":1567704733,"path_taken":["M","$","?","M","M","R","M","M","T","?","$","R","M","M","R","BOSS","M","?","?","?","M","E","$","M","T","?","R","?","M","$","R","BOSS","M","?","?","?","?","R","M","R","T","M","?","?","$","E","R","BOSS","R","$","E"],"build_version":"2019-07-17","purchased_purges":5,"victory":false,"max_hp_per_floor":[75,75,75,75,75,75,75,75,75,75,75,75,75,75,75,75,75,75,75,75,75,75,75,75,75,75,75,75,75,75,75,75,75,75,75,75,75,75,75,75,75,75,75,75,75,75,75,75,75,75,75,75,75,75],"card_choices":[{"not_picked":["Auto Shields","Loop"],"picked":"BootSequence","floor":1},{"not_picked":["Steam","Lockon"],"picked":"Self Repair","floor":4},{"not_picked":["Beam Cell","Consume","Redo"],"picked":"SKIP","floor":5},{"not_picked":["Sweeping Beam","Fusion"],"picked":"Chill","floor":7},{"not_picked":["Steam Power","Beam Cell","Sweeping Beam"],"picked":"SKIP","floor":8},{"not_picked":["Turbo","Coolheaded"],"picked":"Leap","floor":13},{"not_picked":["Meteor Strike","Scrape"],"picked":"Cold Snap","floor":13},{"not_picked":["Leap","Force Field"],"picked":"Chaos","floor":14},{"not_picked":["Scrape","Recycle","Heatsinks"],"picked":"SKIP","floor":14},{"not_picked":["Scrape","Recycle","Heatsinks"],"picked":"SKIP","floor":14},{"not_picked":["All For One","Thunder Strike"],"picked":"Machine Learning","floor":16},{"not_picked":["Chaos","Turbo"],"picked":"Conserve Battery","floor":18},{"not_picked":["Conserve Battery","Stack","Rip and Tear"],"picked":"SKIP","floor":18},{"not_picked":["Hologram","Cold Snap"],"picked":"Storm","floor":20},{"not_picked":["Conserve Battery+1","Force Field","Buffer"],"picked":"SKIP","floor":20},{"not_picked":["Reprogram","Tempest+1"],"picked":"Defragment","floor":22},{"not_picked":["Chill+1","Loop","Heatsinks+1"],"picked":"SKIP","floor":22},{"not_picked":["Thunder Strike","Chill","Fusion+1"],"picked":"SKIP","floor":23},{"not_picked":["Coolheaded","Cold Snap"],"picked":"Glacier","floor":25},{"not_picked":["Beam Cell","Melter","Go for the Eyes"],"picked":"SKIP","floor":25},{"not_picked":["Rip and Tear","Steam"],"picked":"Streamline+1","floor":29},{"not_picked":["Gash","Sweeping Beam","Redo"],"picked":"SKIP","floor":29},{"not_picked":["Redo","Conserve Battery+1"],"picked":"Glacier","floor":30},{"not_picked":["Streamline+1","Recycle","Hologram"],"picked":"SKIP","floor":30},{"not_picked":["Amplify","Seek"],"picked":"Echo Form","floor":33},{"not_picked":["Rebound+1","Recycle+1"],"picked":"Compile Driver","floor":35},{"not_picked":["Leap","Hologram+1","Turbo"],"picked":"SKIP","floor":35},{"not_picked":["Coolheaded","Hologram"],"picked":"Blizzard+1","floor":38},{"not_picked":["Turbo","Rebound","Coolheaded+1"],"picked":"SKIP","floor":38},{"not_picked":["Compile Driver","Turbo","Stack"],"picked":"SKIP","floor":41},{"not_picked":["Stack+1","Scrape","Steam+1"],"picked":"SKIP","floor":41},{"not_picked":["Turbo","Beam Cell"],"picked":"Cold Snap+1","floor":44},{"not_picked":["Cold Snap","White Noise","Sunder+1"],"picked":"SKIP","floor":44},{"not_picked":["Steam","Consume+1"],"picked":"Core Surge","floor":45},{"not_picked":["Conserve Battery+1","Redo"],"picked":"Leap+1","floor":48}],"player_experience":327394,"relics_obtained":[{"floor":9,"key":"Prayer Wheel"},{"floor":23,"key":"FossilizedHelix"},{"floor":26,"key":"Bronze Scales"},{"floor":45,"key":"Old Coin"},{"floor":48,"key":"Torii"}],"event_choices":[{"cards_removed":["Defend_B"],"damage_healed":0,"gold_gain":0,"player_choice":"Card Removal","damage_taken":7,"max_hp_gain":0,"max_hp_loss":0,"event_name":"Golden Wing","floor":3,"gold_loss":0},{"damage_healed":0,"gold_gain":100,"player_choice":"Pray","damage_taken":0,"max_hp_gain":0,"max_hp_loss":0,"event_name":"Golden Shrine","floor":10,"gold_loss":0},{"damage_healed":0,"gold_gain":0,"player_choice":"Ignored","damage_taken":0,"max_hp_gain":0,"max_hp_loss":0,"event_name":"N\u0027loth","floor":19,"gold_loss":0},{"damage_healed":0,"gold_gain":0,"player_choice":"Read","damage_taken":0,"max_hp_gain":0,"max_hp_loss":0,"event_name":"The Library","floor":21,"gold_loss":0,"cards_obtained":["FTL"]},{"damage_healed":0,"gold_gain":0,"player_choice":"Ignored","damage_taken":0,"max_hp_gain":0,"max_hp_loss":0,"event_name":"Vampires","floor":27,"gold_loss":0},{"damage_healed":0,"gold_gain":0,"player_choice":"Ignored","damage_taken":0,"max_hp_gain":0,"max_hp_loss":0,"event_name":"Tomb of Lord Red Mask","floor":36,"gold_loss":0},{"damage_healed":0,"gold_gain":0,"player_choice":"Got Potions","damage_taken":0,"max_hp_gain":0,"max_hp_loss":0,"event_name":"Lab","floor":37,"gold_loss":0},{"damage_healed":0,"gold_gain":0,"player_choice":"Fight","damage_taken":0,"max_hp_gain":0,"max_hp_loss":0,"event_name":"MindBloom","floor":45,"gold_loss":0},{"cards_removed":["Leap"],"damage_healed":0,"gold_gain":0,"player_choice":"Removed Skill","damage_taken":0,"max_hp_gain":0,"max_hp_loss":0,"event_name":"Falling","floor":46,"gold_loss":0}],"is_beta":false,"boss_relics":[{"not_picked":["Runic Pyramid","Coffee Dripper"],"picked":"Nuclear Battery"},{"not_picked":["Calling Bell","Pandora\u0027s Box"],"picked":"Empty Cage"}],"items_purged_floors":[2,11,24,39,47],"is_endless":false,"potions_floor_spawned":[1,5,8,18,22,29,33,35,38,44,48],"killed_by":"Shield and Spear","ascension_level":0}