{"gold_per_floor":[114,114,114,128,148,148,178,190,263,263,291,291,291,307,307,405,405,424,349,799,817,835,835,835,835],"floor_reached":25,"playtime":1128,"items_purged":[],"score":300,"play_id":"3ee28eab-37cb-45e7-bf9d-b72c38659352","local_time":"20190911125545","is_ascension_mode":true,"campfire_choices":[{"data":"Perseverance","floor":6,"key":"SMITH"},{"data":"WindmillStrike","floor":10,"key":"SMITH"},{"data":"SandsOfTime","floor":12,"key":"SMITH"},{"data":"FlowState","floor":15,"key":"SMITH"},{"floor":23,"key":"REST"}],"neow_cost":"NONE","seed_source_timestamp":604483882682300,"circlet_count":0,"master_deck":["Strike_P","Strike_P","Defend_P","Defend_P","Defend_P","Defend_P","Eruption","Vigilance","CutThroughFate","Perseverance+1","WindmillStrike+1","FearNoEvil","Protect","SandsOfTime+1","FlowState+1","Pray+1","CurseOfTheBell","Devotion+1"],"relics":["PureWater","Nunchaku","Frozen Egg 2","Lantern","Calling Bell","Toy Ornithopter","TeardropLocket","Ginger"],"potions_floor_usage":[18,18,22,25],"damage_taken":[{"damage":5,"enemies":"Small Slimes","floor":1,"turns":4},{"damage":0,"enemies":"2 Louse","floor":4,"turns":2},{"damage":0,"enemies":"Cultist","floor":5,"turns":2},{"damage":16,"enemies":"Gremlin Nob","floor":7,"turns":3},{"damage":4,"enemies":"Red Slaver","floor":8,"turns":3},{"damage":2,"enemies":"Lagavulin","floor":11,"turns":6},{"damage":0,"enemies":"2 Fungi Beasts","floor":14,"turns":2},{"damage":0,"enemies":"The Guardian","floor":16,"turns":8},{"damage":5,"enemies":"3 Byrds","floor":18,"turns":7},{"damage":10,"enemies":"Spheric Guardian","floor":21,"turns":4},{"damage":12,"enemies":"Shelled Parasite and Fungi","floor":22,"turns":9},{"damage":74,"enemies":"Book of Stabbing","floor":25,"turns":4}],"seed_played":"-7395306844849417597","potions_obtained":[{"floor":4,"key":"Explosive Potion"},{"floor":7,"key":"StancePotion"},{"floor":8,"key":"Explosive Potion"},{"floor":11,"key":"Weak Potion"},{"floor":21,"key":"PowerPotion"}],"is_trial":false,"path_per_floor":["M","?","?","M","M","R","E","M","T","R","E","R","?","M","R","B",null,"M","?","?","M","M","R","?","E"],"character_chosen":"WATCHER","items_purchased":[],"campfire_rested":1,"item_purchase_floors":[],"current_hp_per_floor":[60,60,53,53,53,53,37,33,33,33,31,31,65,65,65,65,65,65,65,29,19,12,31,31,0],"gold":835,"neow_bonus":"RANDOM_COLORLESS","is_prod":false,"is_daily":false,"chose_seed":false,"campfire_upgraded":4,"win_rate":0,"timestamp":1568220945,"path_taken":["M","?","?","M","M","R","E","M","T","R","E","R","?","?","R","BOSS","M","?","?","M","?","R","?","E"],"build_version":"2019-09-10","purchased_purges":0,"victory":false,"max_hp_per_floor":[65,65,65,65,65,65,65,65,65,65,65,65,65,65,65,65,65,65,65,65,65,65,65,65,65],"card_choices":[{"not_picked":["Halt","Fasting"],"picked":"CutThroughFate","floor":1},{"not_picked":["Consecrate","InnerPeace"],"picked":"Perseverance","floor":4},{"not_picked":["JustLucky","FollowUp"],"picked":"WindmillStrike","floor":5},{"not_picked":["FollowUp","CarveReality"],"picked":"FearNoEvil","floor":7},{"not_picked":["Crescendo","Collect"],"picked":"Protect","floor":8},{"not_picked":["Weave","FollowUp"],"picked":"SandsOfTime","floor":11},{"not_picked":["CrushJoints","Adaptation+1"],"picked":"FlowState","floor":14},{"not_picked":["Metaphysics","Ragnarok"],"picked":"Pray","floor":16},{"not_picked":["FollowUp","Halt","Consecrate"],"picked":"SKIP","floor":18},{"not_picked":["JustLucky","Halt","ClearTheMind"],"picked":"SKIP","floor":21},{"not_picked":["ThirdEye","BowlingBash+1"],"picked":"Devotion+1","floor":22}],"player_experience":1943276,"relics_obtained":[{"floor":7,"key":"Nunchaku"},{"floor":9,"key":"Frozen Egg 2"},{"floor":11,"key":"Lantern"},{"floor":17,"key":"Toy Ornithopter"},{"floor":17,"key":"TeardropLocket"},{"floor":17,"key":"Ginger"}],"event_choices":[{"damage_healed":0,"gold_gain":0,"player_choice":"Ignored","damage_taken":0,"max_hp_gain":0,"max_hp_loss":0,"event_name":"Liars Game","floor":2,"gold_loss":0},{"cards_removed":["Strike_P"],"damage_healed":0,"gold_gain":0,"player_choice":"Card Removal","damage_taken":7,"max_hp_gain":0,"max_hp_loss":0,"event_name":"Golden Wing","floor":3,"gold_loss":0},{"cards_removed":["Panacea"],"damage_healed":34,"gold_gain":0,"player_choice":"Offered Uncommon","damage_taken":0,"max_hp_gain":0,"max_hp_loss":0,"event_name":"Bonfire Elementals","floor":13,"gold_loss":0},{"cards_removed":["Strike_P"],"damage_healed":0,"gold_gain":0,"player_choice":"Gave Gold","damage_taken":0,"max_hp_gain":0,"max_hp_loss":0,"event_name":"Beggar","floor":19,"gold_loss":75},{"damage_healed":0,"gold_gain":450,"player_choice":"GOLD GOLD GOLD GOLD GOLD ","damage_taken":36,"max_hp_gain":0,"max_hp_loss":0,"event_name":"Knowing Skull","floor":20,"potions_obtained":[],"gold_loss":0,"cards_obtained":[]},{"damage_healed":0,"gold_gain":0,"player_choice":"Upgraded","damage_taken":0,"max_hp_gain":0,"max_hp_loss":0,"event_name":"Upgrade Shrine","floor":24,"gold_loss":0,"cards_upgraded":["Pray"]}],"is_beta":true,"boss_relics":[{"not_picked":["Busted Crown","Empty Cage"],"picked":"Calling Bell"}],"items_purged_floors":[],"is_endless":false,"potions_floor_spawned":[4,7,8,11,21],"killed_by":"Book of Stabbing","ascension_level":3}