{"gold_per_floor":[114,114,130,19,19,19,36,86,86,86,86],"floor_reached":11,"playtime":242,"items_purged":["Strike_P"],"score":61,"play_id":"885f5a03-3a62-42b8-837f-f30134e366c2","local_time":"20190910135501","is_ascension_mode":false,"campfire_choices":[{"data":"Devotion","floor":6,"key":"SMITH"},{"data":"PathToVictory","floor":10,"key":"SMITH"}],"neow_cost":"NONE","seed_source_timestamp":242745070078931,"circlet_count":0,"master_deck":["Strike_P","Strike_P","Defend_P","Defend_P","Defend_P","Defend_P","Eruption","Vigilance","FearNoEvil","SandsOfTime","Devotion+1","PathToVictory+1"],"relics":["PureWater","Smiling Mask","Toxic Egg 2"],"potions_floor_usage":[11,11],"damage_taken":[{"damage":0,"enemies":"Small Slimes","floor":1,"turns":2},{"damage":1,"enemies":"Cultist","floor":3,"turns":3},{"damage":11,"enemies":"Jaw Worm","floor":7,"turns":3},{"damage":63,"enemies":"Gremlin Nob","floor":11,"turns":4}],"seed_played":"5768067736140318822","potions_obtained":[{"floor":0,"key":"Strength Potion"},{"floor":0,"key":"StancePotion"},{"floor":0,"key":"Strength Potion"},{"floor":3,"key":"Explosive Potion"}],"is_trial":false,"path_per_floor":["M","?","M","$","T","R","M","?","T","R","E"],"character_chosen":"WATCHER","items_purchased":["Devotion"],"campfire_rested":0,"item_purchase_floors":[4],"current_hp_per_floor":[65,65,64,64,64,64,53,53,53,53,0],"gold":86,"neow_bonus":"THREE_SMALL_POTIONS","is_prod":false,"is_daily":false,"chose_seed":false,"campfire_upgraded":2,"win_rate":0.0,"timestamp":1568138101,"path_taken":["M","?","?","$","?","R","M","?","T","R","E"],"build_version":"2019-09-09v2","purchased_purges":1,"victory":false,"max_hp_per_floor":[65,65,65,65,65,65,65,65,65,65,65],"card_choices":[{"not_picked":["WaveOfTheHand","CrushJoints"],"picked":"FearNoEvil","floor":1},{"not_picked":["Prostrate","FollowUp"],"picked":"SandsOfTime","floor":3},{"not_picked":["Weave","FlyingSleeves"],"picked":"PathToVictory","floor":7}],"player_experience":168335,"relics_obtained":[{"floor":5,"key":"Smiling Mask"},{"floor":9,"key":"Toxic Egg 2"}],"event_choices":[{"cards_removed":["Strike_P"],"damage_healed":0,"gold_gain":0,"player_choice":"Purged","damage_taken":0,"max_hp_gain":0,"max_hp_loss":0,"event_name":"Purifier","floor":2,"gold_loss":0},{"damage_healed":0,"gold_gain":50,"player_choice":"Gained Gold","damage_taken":0,"max_hp_gain":0,"max_hp_loss":0,"event_name":"Golden Wing","floor":8,"gold_loss":0}],"is_beta":true,"boss_relics":[],"items_purged_floors":[4],"is_endless":false,"potions_floor_spawned":[3],"killed_by":"Gremlin Nob","ascension_level":0}