{"gold_per_floor":[119,137,156,171,27,27,54,54,54,72,88,19,19,33,33,134,134,153,172,29,29,39,73,73,73,73,73,92,39,59,70,70,166,166,176,176,188,208,226,226],"floor_reached":40,"playtime":2420,"items_purged":["Strike_B"],"score":414,"play_id":"5237af0b-10f4-4a85-82fe-4c93c4de65a1","local_time":"20190222231630","is_ascension_mode":false,"campfire_choices":[{"data":"Dualcast","floor":6.0,"key":"SMITH"},{"data":"Zap","floor":8.0,"key":"SMITH"},{"floor":13.0,"key":"REST"},{"data":"Defragment","floor":15.0,"key":"SMITH"},{"floor":25,"key":"REST"},{"data":"Machine Learning","floor":27,"key":"SMITH"},{"floor":32,"key":"REST"}],"neow_cost":"NONE","seed_source_timestamp":737531254367325,"circlet_count":0,"master_deck":["Strike_B+1","Defend_B","Defend_B","Defend_B","Defend_B","Zap+1","Dualcast+1","Coolheaded","Chill","Loop","Reboot","Sunder+1","Machine Learning+1","Steam","Turbo","Capacitor","Defragment+1","Echo Form","Ball Lightning","Undo+1","Loop+1","Reinforced Body","Compile Driver","Leap","Conserve Battery","Stack+1","Amplify","Conserve Battery+1","Double Energy","Ball Lightning+1","Steam+1"],"special_seed":0,"relics":["Cracked Core","Whetstone","Omamori","Inserter","Lantern","WarpedTongs","Ornamental Fan","Dream Catcher","Fusion Hammer"],"potions_floor_usage":[33,39],"damage_taken":[{"damage":0.0,"enemies":"2 Louse","floor":1.0,"turns":2.0},{"damage":4.0,"enemies":"Cultist","floor":2.0,"turns":4.0},{"damage":0.0,"enemies":"Small Slimes","floor":3.0,"turns":3.0},{"damage":4.0,"enemies":"Red Slaver","floor":4.0,"turns":5.0},{"damage":16.0,"enemies":"Lagavulin","floor":7.0,"turns":7.0},{"damage":11.0,"enemies":"Large Slime","floor":10.0,"turns":3.0},{"damage":4.0,"enemies":"Exordium Thugs","floor":11.0,"turns":3.0},{"damage":1.0,"enemies":"Blue Slaver","floor":14.0,"turns":4.0},{"damage":17.0,"enemies":"Hexaghost","floor":16.0,"turns":9.0},{"damage":20.0,"enemies":"2 Thieves","floor":18.0,"turns":5.0},{"damage":8.0,"enemies":"Shell Parasite","floor":19.0,"turns":6.0},{"damage":0,"enemies":"Centurion and Healer","floor":22,"turns":6},{"damage":24,"enemies":"Gremlin Leader","floor":23,"turns":7},{"damage":27,"enemies":"Cultist and Chosen","floor":28,"turns":6},{"damage":1,"enemies":"3 Cultists","floor":30,"turns":8},{"damage":13,"enemies":"Centurion and Healer","floor":31,"turns":9},{"damage":4,"enemies":"Collector","floor":33,"turns":11},{"damage":2,"enemies":"3 Shapes","floor":35,"turns":5},{"damage":0,"enemies":"3 Darklings","floor":37,"turns":7},{"damage":7,"enemies":"Spire Growth","floor":38,"turns":6},{"damage":19,"enemies":"Jaw Worm Horde","floor":39,"turns":8},{"damage":68,"enemies":"Reptomancer","floor":40,"turns":4}],"seed_played":"-4242223409128660704","potions_obtained":[{"floor":0.0,"key":"LiquidBronze"},{"floor":0.0,"key":"LiquidBronze"},{"floor":0.0,"key":"Poison Potion"},{"floor":2.0,"key":"Energy Potion"},{"floor":11.0,"key":"Swift Potion"},{"floor":14.0,"key":"PowerPotion"},{"floor":19.0,"key":"GamblersBrew"},{"floor":30,"key":"FearPotion"},{"floor":33,"key":"Ancient Potion"},{"floor":35,"key":"Dexterity Potion"}],"is_trial":false,"path_per_floor":["M","M","M","M","$","R","E","R","T","M","M","$","R","M","R","B",null,"M","M","$","?","M","E","?","R","T","R","M","$","M","M","R","B",null,"M","?","M","M","M","E"],"character_chosen":"DEFECT","items_purchased":["Sunder","Capacitor","Lantern","Leap"],"campfire_rested":3,"item_purchase_floors":[5,12,20,29],"current_hp_per_floor":[75,71,71,67,67,67,51,51,51,40,36,36,58,57,57,40,75,55,47,47,47,47,23,23,45,45,45,18,18,17,4,26,22,75,73,73,73,66,47,0],"gold":226,"neow_bonus":"THREE_SMALL_POTIONS","is_prod":false,"is_daily":false,"chose_seed":false,"campfire_upgraded":4,"win_rate":0,"timestamp":1550844990,"path_taken":["M","M","M","M","$","R","E","R","T","M","M","$","R","M","R","BOSS","M","M","$","?","?","E","?","R","T","R","?","$","M","M","R","BOSS","M","?","M","?","M","E"],"build_version":"2019-01-23","purchased_purges":1,"victory":false,"max_hp_per_floor":[75,75,75,75,75,75,75,75,75,75,75,75,75,75,75,75,75,75,75,75,75,75,75,75,75,75,75,75,75,75,75,75,75,75,75,75,75,75,75,75],"card_choices":[{"not_picked":["Undo","Hologram"],"picked":"Coolheaded","floor":1.0},{"not_picked":["Fusion","Gash"],"picked":"Chill","floor":2.0},{"not_picked":["Doom and Gloom","Scrape"],"picked":"Loop","floor":3.0},{"not_picked":["Doom and Gloom","Rebound"],"picked":"Reboot","floor":4.0},{"not_picked":["Consume","Coolheaded"],"picked":"Machine Learning","floor":7.0},{"not_picked":["Undo","Hologram"],"picked":"Steam","floor":10.0},{"not_picked":["Genetic Algorithm","Hologram"],"picked":"Turbo","floor":11.0},{"not_picked":["Go for the Eyes","Sweeping Beam"],"picked":"Defragment","floor":14.0},{"not_picked":["Biased Cognition","Amplify"],"picked":"Echo Form","floor":16.0},{"not_picked":["Hello World","Leap"],"picked":"Ball Lightning","floor":18.0},{"not_picked":["Recycle","Reprogram"],"picked":"Undo+1","floor":19.0},{"not_picked":["Ball Lightning","Storm"],"picked":"Loop+1","floor":22},{"not_picked":["Heatsinks","Reprogram+1"],"picked":"Reinforced Body","floor":23},{"not_picked":["Go for the Eyes","Genetic Algorithm","Blizzard+1"],"picked":"SKIP","floor":28},{"not_picked":["Reprogram","Sweeping Beam","Hello World"],"picked":"SKIP","floor":30},{"not_picked":["Aggregate","Genetic Algorithm"],"picked":"Conserve Battery","floor":31},{"not_picked":["Sweeping Beam","Creative AI"],"picked":"Stack+1","floor":32},{"not_picked":["Hyperbeam","Creative AI"],"picked":"Amplify","floor":33},{"not_picked":["Steam","Rip and Tear+1"],"picked":"Conserve Battery+1","floor":35},{"not_picked":["Go for the Eyes","FTL+1"],"picked":"Ball Lightning+1","floor":37},{"not_picked":["Rebound+1","Heatsinks+1","Undo"],"picked":"SKIP","floor":38},{"not_picked":["Gash","Turbo"],"picked":"Steam+1","floor":39}],"player_experience":253843,"relics_obtained":[{"floor":7.0,"key":"Whetstone"},{"floor":9.0,"key":"Omamori"},{"floor":23,"key":"Ornamental Fan"},{"floor":26,"key":"Dream Catcher"}],"event_choices":[{"damage_healed":0,"gold_gain":0,"player_choice":"Rummage","damage_taken":0,"relics_obtained":["WarpedTongs"],"max_hp_gain":0,"max_hp_loss":0,"event_name":"Accursed Blacksmith","floor":21,"gold_loss":0,"cards_obtained":["Pain"]},{"damage_healed":0,"gold_gain":0,"cards_transformed":["Strike_B"],"player_choice":"Transformed","damage_taken":0,"max_hp_gain":0,"max_hp_loss":0,"event_name":"Transmorgrifier","floor":24,"gold_loss":0,"cards_obtained":["Compile Driver"]},{"damage_healed":0,"gold_gain":0,"cards_transformed":["Strike_B"],"player_choice":"Transformed","damage_taken":0,"max_hp_gain":0,"max_hp_loss":0,"event_name":"Transmorgrifier","floor":36,"gold_loss":0,"cards_obtained":["Double Energy"]}],"is_beta":false,"boss_relics":[{"not_picked":["Ectoplasm","Astrolabe"],"picked":"Inserter"},{"not_picked":["FrozenCore","Runic Dome"],"picked":"Fusion Hammer"}],"items_purged_floors":[5],"is_endless":false,"potions_floor_spawned":[2,3,4,11,14,19,30,33,35],"killed_by":"Reptomancer","ascension_level":0}