{"gold_per_floor":[118,16,28,38,52,52,62,62,88,88,119,19,19,39,39,134,134,146,26,26,26,46,46,46,72,72,87,105,105],"floor_reached":29,"playtime":1594,"items_purged":["Defend_G","Strike_G"],"score":247,"play_id":"9171a797-b93e-4446-869e-914590b0a39e","local_time":"20190226205819","is_ascension_mode":false,"campfire_choices":[{"data":"Infinite Blades","floor":6,"key":"SMITH"},{"data":"Neutralize","floor":8,"key":"SMITH"},{"data":"Poisoned Stab","floor":15,"key":"SMITH"},{"data":"Dash","floor":23,"key":"SMITH"}],"neow_cost":"NONE","seed_source_timestamp":1075689059743867,"circlet_count":0,"master_deck":["Defend_G","Defend_G","Defend_G","Defend_G","Strike_G","Strike_G","Strike_G","Survivor","Neutralize+1","Well Laid Plans","Poisoned Stab+1","Dagger Throw","Infinite Blades+1","Acrobatics","Burst","Poisoned Stab","Dash+1","Footwork","Cloak And Dagger","Deflect","PiercingWail+1","Dagger Throw"],"relics":["Ring of the Serpent","Potion Belt","Snake Skull","Strawberry","Unceasing Top"],"potions_floor_usage":[20,25,25,25],"damage_taken":[{"damage":0,"enemies":"2 Louse","floor":1,"turns":2},{"damage":0,"enemies":"Small Slimes","floor":3,"turns":3},{"damage":0,"enemies":"Cultist","floor":4,"turns":3},{"damage":0,"enemies":"Blue Slaver","floor":5,"turns":4},{"damage":0,"enemies":"Exordium Wildlife","floor":7,"turns":2},{"damage":12,"enemies":"Lagavulin","floor":11,"turns":6},{"damage":0,"enemies":"3 Louse","floor":14,"turns":3},{"damage":14,"enemies":"Hexaghost","floor":16,"turns":11},{"damage":8,"enemies":"Shell Parasite","floor":18,"turns":6},{"damage":10,"enemies":"2 Thieves","floor":20,"turns":4},{"damage":15,"enemies":"Snake Plant","floor":22,"turns":5},{"damage":32,"enemies":"Slavers","floor":25,"turns":4},{"damage":9,"enemies":"Chosen and Byrds","floor":27,"turns":7},{"damage":6,"enemies":"Centurion and Healer","floor":28,"turns":9}],"seed_played":"5191680490191069053","potions_obtained":[{"floor":3,"key":"Swift Potion"},{"floor":5,"key":"Explosive Potion"},{"floor":11,"key":"SpeedPotion"},{"floor":13,"key":"GamblersBrew"},{"floor":13,"key":"AttackPotion"},{"floor":16,"key":"Explosive Potion"},{"floor":22,"key":"Weak Potion"},{"floor":28,"key":"Ancient Potion"}],"is_trial":false,"path_per_floor":["M","$","M","M","M","R","M","R","T","?","E","$","?","M","R","B",null,"M","$","M","?","M","R","$","E","T","M","M","?"],"character_chosen":"THE_SILENT","items_purchased":["Poisoned Stab","Dash","Footwork"],"campfire_rested":0,"item_purchase_floors":[2,19,19],"current_hp_per_floor":[70,70,70,70,70,70,70,70,70,75,63,63,63,63,63,49,75,67,67,57,57,42,42,42,17,17,8,2,0],"gold":105,"neow_bonus":"REMOVE_CARD","is_prod":false,"is_daily":false,"chose_seed":false,"campfire_upgraded":4,"win_rate":0,"timestamp":1551182299,"path_taken":["M","$","M","M","M","R","M","R","T","?","E","$","?","M","R","BOSS","M","?","M","?","M","R","?","E","T","M","M","?"],"build_version":"2019-01-23","purchased_purges":2,"victory":false,"max_hp_per_floor":[70,70,70,70,70,70,70,70,70,75,75,75,75,75,75,75,75,75,75,75,75,75,75,75,82,82,82,82,82],"card_choices":[{"not_picked":["Cloak And Dagger","Noxious Fumes"],"picked":"Well Laid Plans","floor":1},{"not_picked":["Poisoned Stab","Leg Sweep"],"picked":"Dagger Throw","floor":3},{"not_picked":["Well Laid Plans","Flechettes","Outmaneuver"],"picked":"SKIP","floor":4},{"not_picked":["Underhanded Strike","Backflip"],"picked":"Infinite Blades","floor":5},{"not_picked":["Outmaneuver","Blade Dance","Prepared"],"picked":"SKIP","floor":7},{"not_picked":["Sucker Punch","Underhanded Strike"],"picked":"Acrobatics","floor":11},{"not_picked":["Endless Agony","Flying Knee","Storm of Steel"],"picked":"SKIP","floor":14},{"not_picked":["Unload","Grand Finale"],"picked":"Burst","floor":16},{"not_picked":["Heel Hook","Dagger Throw"],"picked":"Poisoned Stab","floor":18},{"not_picked":["Skewer","Riddle With Holes"],"picked":"Cloak And Dagger","floor":20},{"not_picked":["Well Laid Plans+1","Skewer+1"],"picked":"Deflect","floor":22},{"not_picked":["Grand Finale","Infinite Blades","Acrobatics+1"],"picked":"SKIP","floor":25},{"not_picked":["All Out Attack","Dagger Spray+1"],"picked":"PiercingWail+1","floor":27},{"not_picked":["Skewer","Backflip"],"picked":"Dagger Throw","floor":28}],"player_experience":259759,"relics_obtained":[{"floor":9,"key":"Potion Belt"},{"floor":11,"key":"Snake Skull"},{"floor":25,"key":"Strawberry"},{"floor":26,"key":"Unceasing Top"}],"event_choices":[{"damage_healed":0,"gold_gain":0,"player_choice":"Donut","damage_taken":0,"max_hp_gain":5,"max_hp_loss":0,"event_name":"Big Fish","floor":10,"gold_loss":0},{"damage_healed":0,"gold_gain":0,"player_choice":"Got Potions","damage_taken":0,"max_hp_gain":0,"max_hp_loss":0,"event_name":"Lab","floor":13,"gold_loss":0},{"damage_healed":0,"gold_gain":0,"player_choice":"Ignored","damage_taken":0,"max_hp_gain":0,"max_hp_loss":0,"event_name":"Ghosts","floor":21,"gold_loss":0}],"is_beta":false,"boss_relics":[{"not_picked":["Busted Crown","Coffee Dripper"],"picked":"Ring of the Serpent"}],"items_purged_floors":[2,12],"is_endless":false,"potions_floor_spawned":[3,5,11,16,22,28],"ascension_level":0}