{"gold_per_floor":[17,33,33,133,150,150,163,163,213,388,405,438,456,456,456,456],"floor_reached":16,"playtime":997,"items_purged":[],"score":102,"play_id":"bb2f6c1d-6a6f-4b13-9fed-48c8b3b61581","local_time":"20190621222756","is_ascension_mode":false,"campfire_choices":[{"data":"Backflip","floor":6,"key":"SMITH"},{"data":"Neutralize","floor":8,"key":"SMITH"},{"floor":15,"key":"REST"}],"neow_cost":"NO_GOLD","seed_source_timestamp":1028115539959169,"circlet_count":0,"master_deck":["Defend_G","Defend_G","Defend_G","Defend_G","Defend_G","Strike_G","Strike_G","Strike_G","Strike_G","Survivor","Neutralize+1","Outmaneuver","Backflip+1","Masterful Stab","Dagger Spray","Concentrate","PiercingWail","Iron Wave"],"relics":["Ring of the Snake","The Specimen","Centennial Puzzle","Smiling Mask"],"potions_floor_usage":[12,16,16],"damage_taken":[{"damage":0,"enemies":"2 Louse","floor":1,"turns":3},{"damage":0,"enemies":"Cultist","floor":2,"turns":4},{"damage":0,"enemies":"Small Slimes","floor":5,"turns":4},{"damage":0,"enemies":"2 Fungi Beasts","floor":7,"turns":6},{"damage":5,"enemies":"Red Slaver","floor":11,"turns":7},{"damage":56,"enemies":"3 Sentries","floor":12,"turns":22},{"damage":0,"enemies":"Blue Slaver","floor":13,"turns":4},{"damage":35,"enemies":"The Guardian","floor":16,"turns":11}],"seed_played":"-9109135610935314527","potions_obtained":[{"floor":1,"key":"EssenceOfSteel"},{"floor":7,"key":"Strength Potion"},{"floor":12,"key":"Ancient Potion"},{"floor":13,"key":"GamblersBrew"}],"is_trial":false,"path_per_floor":["M","M","?","?","M","R","M","R","T","?","M","E","M","?","R","B"],"character_chosen":"THE_SILENT","items_purchased":[],"campfire_rested":1,"item_purchase_floors":[],"current_hp_per_floor":[70,70,70,70,70,70,70,70,70,70,65,9,9,9,30,0],"gold":456,"neow_bonus":"ONE_RARE_RELIC","is_prod":false,"is_daily":false,"chose_seed":false,"campfire_upgraded":2,"win_rate":0,"timestamp":1561170476,"path_taken":["M","M","?","?","M","R","?","R","T","?","M","E","M","?","R","BOSS"],"build_version":"2019-01-23","purchased_purges":0,"victory":false,"max_hp_per_floor":[70,70,70,70,70,70,70,70,70,70,70,70,70,70,70,70],"card_choices":[{"not_picked":["Riddle With Holes","Expertise"],"picked":"Outmaneuver","floor":1},{"not_picked":["Dagger Throw","Cloak And Dagger"],"picked":"Backflip","floor":2},{"not_picked":["Underhanded Strike","Skewer","Deflect"],"picked":"SKIP","floor":5},{"not_picked":["Backflip","Cloak And Dagger"],"picked":"Masterful Stab","floor":7},{"not_picked":["Slice","Dodge and Roll"],"picked":"Dagger Spray","floor":11},{"not_picked":["Masterful Stab","Backflip"],"picked":"Concentrate","floor":12},{"not_picked":["Concentrate","All Out Attack"],"picked":"PiercingWail","floor":13}],"player_experience":528598,"relics_obtained":[{"floor":9,"key":"Centennial Puzzle"},{"floor":12,"key":"Smiling Mask"}],"event_choices":[{"cards_removed":["Strike_G"],"damage_healed":0,"gold_gain":0,"player_choice":"Forget","damage_taken":0,"max_hp_gain":0,"max_hp_loss":0,"event_name":"Living Wall","floor":3,"gold_loss":0},{"damage_healed":0,"gold_gain":100,"player_choice":"Pray","damage_taken":0,"max_hp_gain":0,"max_hp_loss":0,"event_name":"Golden Shrine","floor":4,"gold_loss":0},{"damage_healed":0,"gold_gain":175,"player_choice":"AGREE","damage_taken":0,"max_hp_gain":0,"max_hp_loss":0,"event_name":"Liars Game","floor":10,"gold_loss":0,"cards_obtained":["Doubt"]},{"cards_removed":["Doubt"],"damage_healed":0,"gold_gain":0,"player_choice":"Took Card","damage_taken":0,"max_hp_gain":0,"max_hp_loss":0,"event_name":"NoteForYourself","floor":14,"gold_loss":0,"cards_obtained":["Iron Wave"]}],"is_beta":false,"boss_relics":[],"items_purged_floors":[],"is_endless":false,"potions_floor_spawned":[1,7,12,13],"killed_by":"The Guardian","ascension_level":0}