{"gold_per_floor":[117,117,117,181,181,252,252,272,297,297,317,335,35,56,56,184,184,184,184],"floor_reached":19,"playtime":526,"items_purged":[],"score":167,"play_id":"85f197cb-f8e6-4d1f-b642-01cd36e03df7","local_time":"20181128051655","is_ascension_mode":false,"campfire_choices":[{"floor":7,"key":"REST"},{"data":"Apotheosis","floor":10,"key":"SMITH"},{"floor":15,"key":"REST"}],"neow_cost":"PERCENT_DAMAGE","seed_source_timestamp":1058219201319843,"circlet_count":0,"master_deck":["Strike_B","Strike_B","Strike_B","Strike_B","Defend_B","Defend_B","Defend_B","Zap","Dualcast","Apotheosis+1","Good Instincts","Sunder","Ball Lightning","Coolheaded","Storm","Machine Learning","Electrodynamics"],"relics":["Cracked Core","Golden Idol","Tiny Chest","Oddly Smooth Stone","Eternal Feather"],"potions_floor_usage":[18,19,19],"damage_taken":[{"damage":0,"enemies":"Cultist","floor":1,"turns":3},{"damage":30,"enemies":"Gremlin Nob","floor":6,"turns":4},{"damage":0,"enemies":"Jaw Worm","floor":8,"turns":3},{"damage":0,"enemies":"2 Louse","floor":11,"turns":3},{"damage":0,"enemies":"Looter","floor":12,"turns":3},{"damage":4,"enemies":"2 Fungi Beasts","floor":14,"turns":4},{"damage":43,"enemies":"Hexaghost","floor":16,"turns":8},{"damage":4,"enemies":"Spheric Guardian","floor":18,"turns":3},{"damage":20,"enemies":"Colosseum Slavers","floor":19,"turns":3},{"damage":65,"enemies":"Colosseum Nobs","floor":19,"turns":4}],"seed_played":"-7603295963767981828","potions_obtained":[{"floor":1,"key":"SpeedPotion"},{"floor":12,"key":"Dexterity Potion"},{"floor":16,"key":"SmokeBomb"}],"is_trial":false,"path_per_floor":["M","?","$","?","?","E","R","M","T","R","M","M","$","M","R","B",null,"M","?"],"character_chosen":"DEFECT","items_purchased":["Machine Learning","Oddly Smooth Stone"],"campfire_rested":2,"item_purchase_floors":[13,13],"current_hp_per_floor":[54,36,36,36,36,6,28,28,28,28,28,28,28,24,46,3,75,71,0],"gold":184,"neow_bonus":"RANDOM_COLORLESS_2","is_prod":false,"is_daily":false,"chose_seed":false,"campfire_upgraded":1,"win_rate":0,"timestamp":1543403815,"path_taken":["M","?","$","?","?","E","R","M","T","R","M","?","$","M","R","BOSS","M","?"],"build_version":"2018-11-15","purchased_purges":0,"victory":false,"max_hp_per_floor":[75,75,75,75,75,75,75,75,75,75,75,75,75,75,75,75,75,75,75],"card_choices":[{"not_picked":["Cold Snap","Hologram"],"picked":"Sunder","floor":1},{"not_picked":["Compile Driver","Melter","Reprogram"],"picked":"SKIP","floor":6},{"not_picked":["Turbo","Static Discharge"],"picked":"Ball Lightning","floor":8},{"not_picked":["Go for the Eyes","Compile Driver"],"picked":"Coolheaded","floor":11},{"not_picked":["Barrage","Turbo"],"picked":"Storm","floor":12},{"not_picked":["Rip and Tear","Compile Driver","Barrage"],"picked":"SKIP","floor":14},{"not_picked":["Amplify","Thunder Strike"],"picked":"Electrodynamics","floor":16}],"player_experience":262777,"relics_obtained":[{"floor":6,"key":"Tiny Chest"}],"event_choices":[{"damage_healed":0,"gold_gain":0,"player_choice":"Take Damage","damage_taken":18,"relics_obtained":["Golden Idol"],"max_hp_gain":0,"max_hp_loss":0,"event_name":"Golden Idol","floor":2,"gold_loss":0},{"damage_healed":0,"gold_gain":64,"player_choice":"Gained Gold","damage_taken":0,"max_hp_gain":0,"max_hp_loss":0,"event_name":"Golden Wing","floor":4,"gold_loss":0},{"cards_removed":["Defend_B"],"damage_healed":0,"gold_gain":0,"player_choice":"Offered Basic","damage_taken":0,"max_hp_gain":0,"max_hp_loss":0,"event_name":"Bonfire Elementals","floor":5,"gold_loss":0},{"damage_healed":0,"gold_gain":0,"player_choice":"Fight","damage_taken":0,"max_hp_gain":0,"max_hp_loss":0,"event_name":"Colosseum","floor":19,"gold_loss":0},{"damage_healed":0,"gold_gain":0,"player_choice":"Fought Nobs","damage_taken":0,"max_hp_gain":0,"max_hp_loss":0,"event_name":"Colosseum","floor":19,"gold_loss":0}],"is_beta":true,"boss_relics":[{"not_picked":["Ectoplasm","Busted Crown"],"picked":"Eternal Feather"}],"items_purged_floors":[],"is_endless":false,"potions_floor_spawned":[1,12,16,18,19],"killed_by":"Colosseum Nobs","ascension_level":0}