{"path_per_floor":["M","M","?","?","M","E","R","M","T","$","R","E","?","?","R","B",null,"M","?","M","$","M","R","E","R","T","M","$","?","$","M","R","B",null,"M","$","?","T","?","E","$","?","T","M","?","M","M","?","R","B"],"character_chosen":"IRONCLAD","items_purchased":["Clash","Pummel","Gambling Chip","Pen Nib"],"gold_per_floor":[116,136,211,211,231,265,265,277,359,235,235,266,266,266,266,395,395,420,420,440,404,422,422,461,461,484,504,404,404,279,292,292,421,421,439,289,289,289,622,650,28,28,28,45,45,56,76,0,0,0],"floor_reached":51,"campfire_rested":2,"playtime":2990,"current_hp_per_floor":[66,65,54,47,48,18,18,20,20,20,44,50,30,27,27,7,80,80,80,80,80,80,80,51,51,51,49,49,49,49,43,80,27,80,80,80,80,80,80,79,79,69,69,71,71,77,79,79,80,80],"items_purged":["Strike_R","Defend_R","Strike_R","Defend_R","Defend_R"],"gold":0,"score":801,"play_id":"a0426535-5bfd-46c6-a544-2c667e3c78ae","local_time":"20180515232342","is_prod":false,"is_daily":false,"chose_seed":false,"is_ascension_mode":false,"campfire_upgraded":5,"timestamp":1526419422,"path_taken":["M","M","?","?","M","E","R","M","T","$","R","E","?","?","R","BOSS","M","?","M","$","M","R","E","R","T","M","$","?","?","M","R","BOSS","M","$","?","?","?","E","$","?","T","M","?","?","M","?","R","BOSS"],"build_version":"2018-05-14v2","seed_source_timestamp":22328117212449,"purchased_purges":5,"victory":true,"master_deck":["Bash+1","Flex+1","Heavy Blade+1","Shrug It Off+1","Clash+1","Offering+1","Impervious+1","Blood for Blood+1","Twin Strike+1","Flex+1","Pummel+1","Limit Break+1","Whirlwind+1","Madness","Madness","Flash of Steel+1"],"max_hp_per_floor":[80,80,80,80,80,80,80,80,80,80,80,80,80,80,80,80,80,80,80,80,80,80,80,80,80,80,80,80,80,80,80,80,80,80,80,80,80,80,80,80,80,80,80,80,80,80,80,80,80,80],"relics":["Burning Blood","Bag of Preparation","Ginger","Molten Egg 2","Dream Catcher","Mercury Hourglass","Astrolabe","Regal Pillow","Oddly Smooth Stone","Eternal Feather","Darkstone Periapt","Happy Flower","Gambling Chip","Pen Nib","Letter Opener","Red Mask"],"card_choices":[{"not_picked":["Second Wind","Wild Strike","Fire Breathing"],"picked":"SKIP","floor":1},{"not_picked":["Twin Strike","Inflame"],"picked":"Flex","floor":2},{"not_picked":["Thunderclap","Twin Strike"],"picked":"Heavy Blade","floor":5},{"not_picked":["Flame Barrier","Anger"],"picked":"Shrug It Off","floor":6},{"not_picked":["Wild Strike","Shockwave","Uppercut"],"picked":"SKIP","floor":8},{"not_picked":["Headbutt+1","Thunderclap+1","Shrug It Off"],"picked":"SKIP","floor":12},{"not_picked":["Fiend Fire+1","Bludgeon+1"],"picked":"Offering","floor":16},{"not_picked":["Cleave+1","Clothesline+1","Wild Strike+1"],"picked":"SKIP","floor":18},{"not_picked":["Warcry","Carnage+1","Flex"],"picked":"SKIP","floor":20},{"not_picked":["Warcry","Rupture","Sever Soul+1"],"picked":"SKIP","floor":22},{"not_picked":["Cleave+1","Wild Strike+1","Bloodletting"],"picked":"SKIP","floor":24},{"not_picked":["Rage","Thunderclap+1","Headbutt+1"],"picked":"SKIP","floor":27},{"not_picked":["Warcry+1","True Grit","Hemokinesis+1"],"picked":"SKIP","floor":31},{"not_picked":["Fiend Fire+1","Feed+1"],"picked":"Limit Break","floor":33},{"not_picked":["Clothesline+1","Evolve"],"picked":"Whirlwind+1","floor":35},{"not_picked":["Wild Strike+1","Dropkick+1","Body Slam+1"],"picked":"SKIP","floor":40},{"not_picked":["Spot Weakness","Armaments","Warcry+1"],"picked":"SKIP","floor":44},{"not_picked":["Jack Of All Trades","Deep Breath"],"picked":"Flash of Steel","floor":45},{"not_picked":["Corruption+1","Evolve+1","Sword Boomerang+1"],"picked":"SKIP","floor":46},{"not_picked":["Warcry","Clash+1","Body Slam+1"],"picked":"SKIP","floor":47}],"player_experience":59522,"potions_floor_usage":[],"damage_taken":[{"damage":20,"enemies":"Jaw Worm","floor":1,"turns":6},{"damage":7,"enemies":"Small Slimes","floor":2,"turns":5},{"damage":5,"enemies":"2 Louse","floor":5,"turns":3},{"damage":36,"enemies":"Lagavulin","floor":6,"turns":5},{"damage":4,"enemies":"Blue Slaver","floor":8,"turns":4},{"damage":0,"enemies":"Gremlin Nob","floor":12,"turns":3},{"damage":26,"enemies":"Slime Boss","floor":16,"turns":9},{"damage":4,"enemies":"Shell Parasite","floor":18,"turns":4},{"damage":4,"enemies":"Spheric Guardian","floor":20,"turns":1},{"damage":4,"enemies":"Centurion and Healer","floor":22,"turns":2},{"damage":35,"enemies":"Gremlin Leader","floor":24,"turns":6},{"damage":8,"enemies":"Snecko","floor":27,"turns":3},{"damage":12,"enemies":"Slaver and Parasite","floor":31,"turns":4},{"damage":59,"enemies":"Collector","floor":33,"turns":8},{"damage":4,"enemies":"3 Darklings","floor":35,"turns":2},{"damage":7,"enemies":"Nemesis","floor":40,"turns":3},{"damage":4,"enemies":"Flame Bruiser 1 Orb","floor":44,"turns":2},{"damage":0,"enemies":"Spire Growth","floor":46,"turns":1},{"damage":4,"enemies":"4 Shapes","floor":47,"turns":1},{"damage":4,"enemies":"Time Eater","floor":50,"turns":4}],"relics_obtained":[{"floor":6,"key":"Ginger"},{"floor":9,"key":"Molten Egg 2"},{"floor":12,"key":"Dream Catcher"},{"floor":24,"key":"Regal Pillow"},{"floor":26,"key":"Oddly Smooth Stone"},{"floor":38,"key":"Darkstone Periapt"},{"floor":40,"key":"Happy Flower"},{"floor":43,"key":"Letter Opener"}],"event_choices":[{"event_name":"World of Goop","player_choice":"Gather Gold","floor":3,"damage_taken":0},{"event_name":"Golden Wing","player_choice":"Card Removal","floor":4,"damage_taken":0},{"event_name":"Golden Idol","player_choice":"Take Damage","floor":13,"damage_taken":0},{"event_name":"Scrap Ooze","player_choice":"success","floor":14,"damage_taken":3},{"event_name":"Duplicator","player_choice":"One dupe","floor":19,"damage_taken":0},{"event_name":"Upgrade Shrine","player_choice":"Upgraded","floor":29,"damage_taken":0},{"event_name":"The Lab","player_choice":"Got Potions","floor":37,"damage_taken":0},{"event_name":"The Moai Head","player_choice":"Gave Idol","floor":39,"damage_taken":0},{"event_name":"Winding Halls","player_choice":"Embrace Madness","floor":42,"damage_taken":0},{"event_name":"SensoryStone","player_choice":"Memory 1","floor":45,"damage_taken":0},{"event_name":"Tomb of Lord Red Mask","player_choice":"Paid","floor":48,"damage_taken":0}],"boss_relics":[{"not_picked":["Velvet Choker","Cursed Key"],"picked":"Astrolabe"},{"not_picked":["Philosopher\u0027s Stone","Runic Dome"],"picked":"Eternal Feather"}],"potions_floor_spawned":[1,2,12,16,20,24,33,44,46],"seed_played":"6295812596532261107","ascension_level":0,"potions_obtained":[{"floor":1,"key":"Energy Potion"},{"floor":2,"key":"Regen Potion"},{"floor":12,"key":"Regen Potion"},{"floor":16,"key":"EssenceOfSteel"},{"floor":37,"key":"FearPotion"},{"floor":37,"key":"Fire Potion"},{"floor":46,"key":"SteroidPotion"}],"is_trial":false}