{"gold_per_floor":[113,132,152,0,0,28,54,54,54,73,99,112,139,152,152,250,275,319,363,71,114,114,165,165,206,258,317,365,405,405,440,440,543,568,606,329,40,75,119,175,233,290,670,729,770,824,882,938,938,1034,1059,1103,1140,367,407,452,483,509,539,589,615,650,685,723,18,18,113,138,173,218,255,285,327,361,214,245,278,75,108,140,171,201,201,300,325],"floor_reached":85,"playtime":6225,"items_purged":["SuperNova","Slimebound:DuplicatedForm","Shame"],"score":2637,"play_id":"147f47c9-ae04-4299-808c-9a7b16e4810f","local_time":"20190630151400","daily_mods":["Draft","Vintage","Allstar","Colorless Cards","Heirloom","Time Dilation","Flight","DeadlyEvents","Elite Swarm"],"is_ascension_mode":false,"campfire_choices":[{"data":"animator:Eve","floor":8.0,"key":"SMITH"},{"floor":15.0,"key":"REST"},{"data":"animator:Hibiki","floor":24.0,"key":"SMITH"},{"floor":30.0,"key":"REST"},{"data":"Wraith Form v2","floor":32.0,"key":"SMITH"},{"data":"Apotheosis","floor":49.0,"key":"SMITH"},{"data":"Echo Form","floor":66.0,"key":"SMITH"},{"data":"animator:Megumin+10","floor":83.0,"key":"SMITH"}],"neow_cost":"","seed_source_timestamp":0,"circlet_count":0,"master_deck":["Demon Form","Wraith Form v2+1","Echo Form","Echo Form+1","Demon Form","Wraith Form v2+1","animator:Megumin+12","animator:Tyuule+1","Forethought+1","animator:PandorasActor","Finesse","animator:MaesHughes","Madness","Deep Breath","animator:Ara","animator:Illya","animator:Konayuki","animator:Demiurge+1","animator:MumenRider+1","Madness","animator:Spearman+1","animator:Eve+1","animator:Saber","animator:Hibiki+1","animator:Gilgamesh+39","animator:Kyubey","Apotheosis+1","Magnetism","animator:MetalKnight","animator:PinaCoLada","animator:Envy","animator:Ainz","animator:Geryuganshoop","animator:Eris","animator:SwordMaiden","Secret Weapon","animator:FeridBathory","Panache","Panache","animator:Shiro","animator:Shizu","animator:Kuroyukihime","Thinking Ahead","animator:Kyubey","Violence","animator:TanyaDegurechaff","animator:Boros+1","animator:Darkness+1","animator:Eve+1","animator:Boros+1","animator:Wiz","animator:Shiro+1"],"special_seed":0,"relics":["animator:VividPicture","animator:PurgingStone_Cards","animator:TheMissingPiece","StoneCalendar","Ancient Tea Set","Ornamental Fan","Dodecahedron","Dream Catcher","animator:Buoy","Pocketwatch","Mercury Hourglass","Bottled Tornado","Dead Branch","Vajra","PreservedInsect","Kunai","Lizard Tail","Prayer Wheel","Smiling Mask","animator:HeavyHalberd","Mummified Hand","Unceasing Top","Blood Vial","War Paint","Pantograph","Question Card","Pen Nib","Whetstone","Coffee Dripper","animator:ShionDessert","Strawberry","Ice Cream","Ginger","Matryoshka","animator:BattleDrones","Darkstone Periapt","Bottled Lightning","Tiny Chest","Old Coin","Du-Vu Doll","Pear","Letter Opener","Gambling Chip","animator:HallowedScabbard","Cursed Key","Anchor","Bird Faced Urn","Gremlin Horn","Oddly Smooth Stone","ClockworkSouvenir","Art of War","Shuriken","Happy Flower","Sundial","Meat on the Bone","Bag of Marbles","Blue Candle","Frozen Egg 2","animator:EngravedStaff","Boot","animator:OldCoffin","Lantern","Potion Belt","Sozu"],"potions_floor_usage":[],"damage_taken":[{"damage":1.0,"enemies":"Small Slimes","floor":1.0,"turns":2.0},{"damage":10.0,"enemies":"2 Louse","floor":2.0,"turns":3.0},{"damage":3.0,"enemies":"Cultist","floor":3.0,"turns":3.0},{"damage":11.0,"enemies":"Lagavulin","floor":6.0,"turns":7.0},{"damage":12.0,"enemies":"3 Sentries","floor":7.0,"turns":6.0},{"damage":2.0,"enemies":"Exordium Wildlife","floor":10.0,"turns":3.0},{"damage":0.0,"enemies":"Gremlin Nob","floor":11.0,"turns":3.0},{"damage":5.0,"enemies":"3 Louse","floor":12.0,"turns":2.0},{"damage":9.0,"enemies":"3 Sentries","floor":13.0,"turns":3.0},{"damage":16.0,"enemies":"Large Slime","floor":14.0,"turns":4.0},{"damage":0.0,"enemies":"The Guardian","floor":16.0,"turns":7.0},{"damage":18.0,"enemies":"2 Thieves","floor":18.0,"turns":4.0},{"damage":13.0,"enemies":"3 Byrds","floor":19.0,"turns":4.0},{"damage":0.0,"enemies":"3 Cultists","floor":21.0,"turns":4.0},{"damage":3.0,"enemies":"Book of Stabbing","floor":23.0,"turns":3.0},{"damage":0.0,"enemies":"Shelled Parasite and Fungi","floor":25.0,"turns":2.0},{"damage":24.0,"enemies":"Slavers","floor":27.0,"turns":3.0},{"damage":4.0,"enemies":"Cultist and Chosen","floor":28.0,"turns":2.0},{"damage":0.0,"enemies":"Centurion and Healer","floor":29.0,"turns":2.0},{"damage":2.0,"enemies":"Snake Plant","floor":31.0,"turns":3.0},{"damage":22.0,"enemies":"Champ","floor":33.0,"turns":4.0},{"damage":0.0,"enemies":"theFactory:4_Mini-Bots","floor":35.0,"turns":1.0},{"damage":16.0,"enemies":"theFactory:2_Experiment_Personnel","floor":38.0,"turns":3.0},{"damage":26.0,"enemies":"theFactory:Personnel_and_Mini-Bots","floor":39.0,"turns":2.0},{"damage":2.0,"enemies":"theFactory:SmogElemental","floor":40.0,"turns":2.0},{"damage":0.0,"enemies":"theFactory:Manservantes","floor":41.0,"turns":3.0},{"damage":5.0,"enemies":"theFactory:SmogElemental","floor":42.0,"turns":3.0},{"damage":1.0,"enemies":"theFactory:Manservantes","floor":44.0,"turns":4.0},{"damage":9.0,"enemies":"theFactory:Big_Bot_Bundle","floor":45.0,"turns":3.0},{"damage":20.0,"enemies":"theFactory:DrinkBrewer","floor":46.0,"turns":2.0},{"damage":0.0,"enemies":"theFactory:Manservantes","floor":47.0,"turns":4.0},{"damage":8.0,"enemies":"theFactory:DrinkBrewer","floor":48.0,"turns":3.0},{"damage":4.0,"enemies":"theFactory:Guardian2","floor":50.0,"turns":2.0},{"damage":0.0,"enemies":"Jaw Worm","floor":52.0,"turns":2.0},{"damage":0.0,"enemies":"2 Louse","floor":53.0,"turns":1.0},{"damage":0.0,"enemies":"Small Slimes","floor":55.0,"turns":2.0},{"damage":0.0,"enemies":"Blue Slaver","floor":56.0,"turns":1.0},{"damage":0.0,"enemies":"Gremlin Nob","floor":57.0,"turns":1.0},{"damage":0.0,"enemies":"3 Sentries","floor":58.0,"turns":2.0},{"damage":0.0,"enemies":"Lagavulin","floor":59.0,"turns":2.0},{"damage":0.0,"enemies":"Gremlin Nob","floor":61.0,"turns":1.0},{"damage":0.0,"enemies":"3 Sentries","floor":62.0,"turns":1.0},{"damage":0.0,"enemies":"Lagavulin","floor":63.0,"turns":1.0},{"damage":0.0,"enemies":"2 Fungi Beasts","floor":64.0,"turns":1.0},{"damage":0.0,"enemies":"The Guardian","floor":67.0,"turns":1.0},{"damage":0.0,"enemies":"theJungle:Flameango_and_Byrd","floor":69.0,"turns":2.0},{"damage":0.0,"enemies":"theJungle:GiantWrat","floor":70.0,"turns":2.0},{"damage":0.0,"enemies":"Snake Plant","floor":71.0,"turns":1.0},{"damage":0.0,"enemies":"theJungle:Cassacara","floor":72.0,"turns":1.0},{"damage":0.0,"enemies":"theJungle:Snecko_Cultist_And_Trap","floor":73.0,"turns":1.0},{"damage":0.0,"enemies":"theJungle:MamaSnecko","floor":74.0,"turns":1.0},{"damage":0.0,"enemies":"theJungle:Cassacara","floor":76.0,"turns":2.0},{"damage":0.0,"enemies":"theJungle:MamaSnecko","floor":77.0,"turns":1.0},{"damage":0.0,"enemies":"theJungle:2_Phrogs","floor":79.0,"turns":1.0},{"damage":0.0,"enemies":"theJungle:MamaSnecko","floor":80.0,"turns":2.0},{"damage":0.0,"enemies":"theJungle:2_Phrogs","floor":81.0,"turns":1.0},{"damage":0.0,"enemies":"theJungle:MamaSnecko","floor":82.0,"turns":2.0},{"damage":0.0,"enemies":"theJungle:TotemBoss","floor":84.0,"turns":2.0}],"seed_played":"-6179998460565847889","potions_obtained":[{"floor":2.0,"key":"animator:FalseLifePotion"},{"floor":6.0,"key":"Fire Potion"},{"floor":7.0,"key":"Strength Potion"},{"floor":11.0,"key":"Ancient Potion"},{"floor":16.0,"key":"SkillPotion"},{"floor":22.0,"key":"AttackPotion"},{"floor":22.0,"key":"SpeedPotion"},{"floor":22.0,"key":"Weak Potion"},{"floor":27.0,"key":"Swift Potion"},{"floor":29.0,"key":"Poison Potion"},{"floor":31.0,"key":"GamblersBrew"},{"floor":42.0,"key":"FearPotion"},{"floor":46.0,"key":"Block Potion"},{"floor":47.0,"key":"Weak Potion"},{"floor":81.0,"key":"GamblersBrew"}],"is_trial":true,"path_per_floor":["M","M","M","$","?","E","E","R","T","M","E","M","E","M","R","B",null,"M","M","$","M","?","E","R","M","T","E","M","M","R","M","R","B",null,"M","$","$","M","M","E","E","E","T","E","M","E","E","E","R","B",null,"M","M","$","M","M","E","E","E","T","E","E","E","M","$","R","B",null,"M","M","M","E","M","E","$","E","E","$","E","E","E","E","R","B",null],"character_chosen":"THE_ANIMATOR","items_purchased":["Dream Catcher","animator:HeavyHalberd","animator:MetalKnight","Strawberry","Ice Cream","Gremlin Horn","Oddly Smooth Stone","ClockworkSouvenir","Secret Weapon","Bag of Marbles","Blue Candle","animator:Kuroyukihime","Thinking Ahead","Lantern","Potion Belt","animator:Darkness+1"],"campfire_rested":2,"item_purchase_floors":[4,20,36,36,37,54,54,54,54,65,65,65,65,75,78,78],"current_hp_per_floor":[70,60,57,57,57,46,34,34,34,32,32,27,18,2,23,23,71,53,40,40,40,40,37,37,37,37,15,13,15,36,36,36,41,71,71,78,78,62,38,38,40,37,37,38,41,46,56,64,64,84,88,88,88,88,88,88,88,88,88,94,94,94,94,94,94,94,94,94,94,94,94,94,94,94,94,94,94,94,94,94,94,94,94,94,94],"gold":325,"neow_bonus":"","is_prod":false,"is_daily":false,"chose_seed":false,"campfire_upgraded":6,"win_rate":0,"timestamp":1561922040,"path_taken":["M","M","M","$","?","E","E","R","T","M","E","M","E","M","R","BOSS","M","M","$","M","?","E","R","M","T","E","M","M","R","M","R","BOSS","M","$","$","M","M","E","E","E","T","E","M","E","E","E","R","BOSS","M","M","$","M","M","E","E","E","T","E","E","E","M","$","R","BOSS","M","M","M","?","M","E","$","E","E","$","E","E","E","E","R","BOSS"],"build_version":"2019-01-23","purchased_purges":3,"victory":false,"max_hp_per_floor":[71,71,71,71,71,71,71,71,71,71,71,71,71,71,71,71,71,71,71,71,71,71,71,71,71,71,71,71,71,71,71,71,71,71,71,78,78,78,78,78,78,78,78,78,88,88,88,88,88,88,88,88,88,88,88,88,88,88,88,94,94,94,94,94,94,94,94,94,94,94,94,94,94,94,94,94,94,94,94,94,94,94,94,94,94],"card_choices":[{"not_picked":["animator:Chung","animator:ZankiKiguchi"],"picked":"animator:Megumin","floor":0.0},{"not_picked":["animator:LizardPriest","animator:Kazuma"],"picked":"animator:Tyuule","floor":0.0},{"not_picked":["animator:Hakurou","Finesse"],"picked":"Forethought","floor":0.0},{"not_picked":["animator:ElricEdward","animator:Guy"],"picked":"animator:PandorasActor","floor":0.0},{"not_picked":["animator:Togame","animator:Archer"],"picked":"Finesse","floor":0.0},{"not_picked":["animator:Azekura","animator:TukaLunaMarceau"],"picked":"animator:MaesHughes","floor":0.0},{"not_picked":["animator:Hakurou","animator:Jibril"],"picked":"Madness","floor":0.0},{"not_picked":["animator:CrowleyEusford","animator:Emonzaemon"],"picked":"Deep Breath","floor":0.0},{"not_picked":["animator:SilverFang","animator:Evileye"],"picked":"animator:Ara","floor":0.0},{"not_picked":["animator:Jibril","animator:ZankiKiguchi"],"picked":"animator:Illya","floor":0.0},{"not_picked":["animator:Cocytus","PanicButton"],"picked":"animator:Konayuki","floor":0.0},{"not_picked":["animator:Viivi","animator:Evileye"],"picked":"animator:Demiurge","floor":0.0},{"not_picked":["animator:Elsword","animator:Sonic"],"picked":"animator:MumenRider","floor":0.0},{"not_picked":["animator:Evileye","animator:SilverFang"],"picked":"Madness","floor":0.0},{"not_picked":["animator:TukaLunaMarceau","animator:RoryMercury"],"picked":"animator:Spearman","floor":0.0},{"not_picked":["Metamorphosis","Transmutation"],"picked":"animator:Eve","floor":7.0},{"not_picked":["Sadistic Nature","Transmutation"],"picked":"animator:Saber","floor":11.0},{"not_picked":["animator:Lelouch","animator:Wiz"],"picked":"animator:Hibiki","floor":13.0},{"not_picked":["animator:AcuraShin","animator:HigakiRinne"],"picked":"animator:Gilgamesh","floor":16.0},{"not_picked":["animator:TanyaDegurechaff","animator:Eris"],"picked":"animator:Kyubey","floor":23.0},{"not_picked":["animator:GoblinSlayer","Panache"],"picked":"Apotheosis","floor":27.0},{"not_picked":["animator:Gilgamesh","animator:Shizu","Chrysalis"],"picked":"Magnetism","floor":33.0},{"not_picked":["The Bomb","animator:Saitama","animator:Kyubey"],"picked":"animator:PinaCoLada","floor":40.0},{"not_picked":["animator:Rimuru","Mayhem","animator:Lelouch"],"picked":"animator:Envy","floor":41.0},{"not_picked":["animator:Albedo","Metamorphosis","Violence"],"picked":"animator:Ainz","floor":42.0},{"not_picked":["animator:Tatsumaki","animator:Sonic+1","animator:MumenRider"],"picked":"animator:Geryuganshoop","floor":44.0},{"not_picked":["Transmutation","animator:Lelouch","HandOfGreed"],"picked":"animator:Eris","floor":46.0},{"not_picked":["Violence","animator:Hibiki","Transmutation","animator:Kira"],"picked":"SKIP","floor":47.0},{"not_picked":["animator:PinaCoLada","Chrysalis","Metamorphosis"],"picked":"animator:SwordMaiden","floor":50.0},{"not_picked":["Violence","animator:Hibiki","Thinking Ahead"],"picked":"animator:FeridBathory","floor":57.0},{"not_picked":["Mayhem","animator:Greed","animator:Albedo"],"picked":"Panache","floor":58.0},{"not_picked":["animator:Wiz","Sadistic Nature","animator:SwordMaiden"],"picked":"Panache","floor":61.0},{"not_picked":["animator:Boros","animator:Shizu","animator:Kyubey"],"picked":"animator:Shiro","floor":62.0},{"not_picked":["Magnetism","animator:Lelouch","animator:Hibiki"],"picked":"animator:Shizu","floor":63.0},{"not_picked":["Transmutation","Panache","animator:HigakiRinne"],"picked":"animator:Kyubey","floor":67.0},{"not_picked":["animator:Wiz","Apotheosis","Chrysalis"],"picked":"Violence","floor":72.0},{"not_picked":["animator:Kyubey","animator:HououinKyouma","Transmutation"],"picked":"animator:TanyaDegurechaff","floor":74.0},{"not_picked":["animator:Kyubey","HandOfGreed","animator:Guren"],"picked":"animator:Boros+1","floor":77.0},{"not_picked":["animator:FeridBathory+1","animator:HououinKyouma","HandOfGreed"],"picked":"animator:Eve+1","floor":79.0},{"not_picked":["Chrysalis","animator:Albedo","Metamorphosis"],"picked":"animator:Boros+1","floor":80.0},{"not_picked":["animator:Gilgamesh","The Bomb","Apotheosis"],"picked":"animator:Wiz","floor":82.0},{"not_picked":["Mayhem+1","animator:Hibiki","animator:Boros+1"],"picked":"animator:Shiro+1","floor":84.0}],"player_experience":574533,"relics_obtained":[{"floor":1.0,"key":"Ancient Tea Set"},{"floor":2.0,"key":"Ornamental Fan"},{"floor":3.0,"key":"Dodecahedron"},{"floor":6.0,"key":"animator:Buoy"},{"floor":7.0,"key":"Pocketwatch"},{"floor":9.0,"key":"Mercury Hourglass"},{"floor":10.0,"key":"Bottled Tornado"},{"floor":11.0,"key":"Dead Branch"},{"floor":12.0,"key":"Vajra"},{"floor":13.0,"key":"PreservedInsect"},{"floor":14.0,"key":"Kunai"},{"floor":18.0,"key":"Prayer Wheel"},{"floor":19.0,"key":"Smiling Mask"},{"floor":21.0,"key":"Mummified Hand"},{"floor":23.0,"key":"Unceasing Top"},{"floor":25.0,"key":"Blood Vial"},{"floor":26.0,"key":"War Paint"},{"floor":27.0,"key":"Pantograph"},{"floor":28.0,"key":"Question Card"},{"floor":29.0,"key":"Pen Nib"},{"floor":31.0,"key":"Whetstone"},{"floor":35.0,"key":"animator:ShionDessert"},{"floor":38.0,"key":"Ginger"},{"floor":39.0,"key":"Matryoshka"},{"floor":40.0,"key":"animator:BattleDrones"},{"floor":41.0,"key":"Darkstone Periapt"},{"floor":42.0,"key":"Bottled Lightning"},{"floor":43.0,"key":"Tiny Chest"},{"floor":43.0,"key":"Old Coin"},{"floor":44.0,"key":"Du-Vu Doll"},{"floor":45.0,"key":"Pear"},{"floor":46.0,"key":"Letter Opener"},{"floor":47.0,"key":"Gambling Chip"},{"floor":48.0,"key":"animator:HallowedScabbard"},{"floor":52.0,"key":"Anchor"},{"floor":53.0,"key":"Bird Faced Urn"},{"floor":55.0,"key":"Art of War"},{"floor":56.0,"key":"Shuriken"},{"floor":60.0,"key":"Happy Flower"},{"floor":60.0,"key":"Sundial"},{"floor":64.0,"key":"Meat on the Bone"},{"floor":69.0,"key":"Frozen Egg 2"},{"floor":70.0,"key":"animator:EngravedStaff"},{"floor":71.0,"key":"Boot"},{"floor":73.0,"key":"animator:OldCoffin"}],"event_choices":[{"damage_healed":0.0,"max_hp_gain":0.0,"max_hp_loss":0.0,"gold_gain":0.0,"event_name":"World of Goop","player_choice":"Left Gold","floor":5.0,"gold_loss":0.0,"damage_taken":0.0},{"damage_healed":0.0,"max_hp_gain":0.0,"max_hp_loss":0.0,"gold_gain":0.0,"event_name":"Lab","player_choice":"Got Potions","floor":22.0,"gold_loss":0.0,"damage_taken":0.0}],"is_beta":false,"boss_relics":[{"not_picked":["Runic Pyramid","Snecko Eye"],"picked":"Lizard Tail"},{"not_picked":["Tiny House","Astrolabe"],"picked":"Coffee Dripper"},{"not_picked":["animator:CursedBlade","Empty Cage"],"picked":"Cursed Key"},{"not_picked":["animator:RacePiece","Snecko Eye"],"picked":"animator:VividPicture"},{"not_picked":["Ectoplasm","Calling Bell"],"picked":"Sozu"}],"items_purged_floors":[20,36,65],"is_endless":true,"potions_floor_spawned":[2,6,7,11,16,25,27,29,31,35,42,46,47,48,50,55,56,59,62,64,69,71,76,77,81],"ascension_level":0}