{"gold_per_floor":[111,36,56,56,56,95,95,119,189,213,213,213,228,251,251,251],"floor_reached":16,"playtime":430,"items_purged":["Strike_R"],"score":165,"play_id":"b7405d38-18c6-4f2d-a70e-c31eeeb66c70","local_time":"20190713174333","is_ascension_mode":true,"campfire_choices":[{"data":"True Grit","floor":7,"key":"SMITH"},{"data":"Armaments","floor":11,"key":"SMITH"},{"data":"Pommel Strike","floor":15,"key":"SMITH"}],"neow_cost":"NONE","seed_source_timestamp":31740008293397,"circlet_count":0,"master_deck":["Strike_R","Strike_R","Strike_R","Strike_R","Defend_R","Defend_R","Defend_R","Defend_R","Bash","True Grit+1","Pommel Strike+1","Regret","Spot Weakness","Ghostly Armor","Armaments+1","Headbutt"],"relics":["Burning Blood","NeowsBlessing","Golden Idol","Orichalcum","Darkstone Periapt","The Courier"],"potions_floor_usage":[16,16],"damage_taken":[{"damage":0,"enemies":"Small Slimes","floor":1,"turns":2},{"damage":0,"enemies":"Jaw Worm","floor":3,"turns":1},{"damage":0,"enemies":"Gremlin Nob","floor":6,"turns":1},{"damage":3,"enemies":"Cultist","floor":8,"turns":3},{"damage":6,"enemies":"Red Slaver","floor":10,"turns":5},{"damage":11,"enemies":"3 Louse","floor":13,"turns":6},{"damage":12,"enemies":"2 Fungi Beasts","floor":14,"turns":4},{"damage":60,"enemies":"Slime Boss","floor":16,"turns":11}],"seed_played":"-5133700430729102656","potions_obtained":[{"floor":6,"key":"SteroidPotion"},{"floor":10,"key":"LiquidBronze"},{"floor":14,"key":"Strength Potion"}],"is_trial":false,"path_per_floor":["M","$","M","?","?","E","R","M","T","M","R","T","M","M","R","B"],"character_chosen":"IRONCLAD","items_purchased":[],"campfire_rested":0,"item_purchase_floors":[],"current_hp_per_floor":[78,78,80,60,60,66,66,69,69,69,69,69,64,58,58,0],"gold":251,"neow_bonus":"THREE_ENEMY_KILL","is_prod":false,"is_daily":false,"chose_seed":false,"campfire_upgraded":3,"win_rate":0,"timestamp":1563054213,"path_taken":["M","$","M","?","?","E","R","M","T","M","R","?","?","M","R","BOSS"],"build_version":"2019-07-05","purchased_purges":1,"victory":false,"max_hp_per_floor":[80,80,80,80,80,80,80,80,80,80,80,80,80,80,80,80],"card_choices":[{"not_picked":["Flex","Blood for Blood"],"picked":"True Grit","floor":1},{"not_picked":["Perfected Strike","Clash"],"picked":"Pommel Strike","floor":3},{"not_picked":["Havoc","Double Tap"],"picked":"Spot Weakness","floor":6},{"not_picked":["Flex","Havoc"],"picked":"Ghostly Armor","floor":8},{"not_picked":["Warcry","Havoc"],"picked":"Armaments","floor":10},{"not_picked":["Corruption","Armaments","Iron Wave"],"picked":"SKIP","floor":13},{"not_picked":["Flex","Thunderclap"],"picked":"Headbutt","floor":14}],"player_experience":288759,"relics_obtained":[{"floor":6,"key":"Darkstone Periapt"},{"floor":12,"key":"The Courier"}],"event_choices":[{"damage_healed":0,"gold_gain":0,"player_choice":"Take Damage","damage_taken":20,"relics_obtained":["Golden Idol"],"max_hp_gain":0,"max_hp_loss":0,"event_name":"Golden Idol","floor":4,"gold_loss":0},{"damage_healed":0,"gold_gain":0,"player_choice":"Box","damage_taken":0,"relics_obtained":["Orichalcum"],"max_hp_gain":0,"max_hp_loss":0,"event_name":"Big Fish","floor":5,"gold_loss":0,"cards_obtained":["Regret"]}],"is_beta":false,"boss_relics":[],"items_purged_floors":[2],"is_endless":false,"potions_floor_spawned":[6,10,14],"killed_by":"Slime Boss","ascension_level":6}