{"gold_per_floor":[116,136,150,160,174,174,187,187,214,214,225,225,238,252,252,356,356,372,390,404,101,119,119,129,162,162,174,134,151,151,13,13,111,111,127,145,192,192],"floor_reached":38,"playtime":2460,"items_purged":["Parasite","Auto Shields"],"score":496,"play_id":"c3366183-eb19-45bf-b3f2-17e9b6919bb8","local_time":"20181130022123","is_ascension_mode":false,"campfire_choices":[{"data":"Chill","floor":6,"key":"SMITH"},{"data":"Redo","floor":8,"key":"SMITH"},{"data":"Chaos","floor":10,"key":"SMITH"},{"floor":15,"key":"REST"},{"data":"Blizzard","floor":23,"key":"SMITH"},{"data":"Hologram","floor":30,"key":"SMITH"},{"floor":32,"key":"REST"}],"neow_cost":"CURSE","seed_source_timestamp":1218556623405632,"circlet_count":0,"master_deck":["Zap","Dualcast","Conserve Battery","Blizzard","Ball Lightning","Capacitor","Conserve Battery","Chaos+1","Glacier","Seek","Chill+1","Loop","Loop","Redo+1","Rebound","Chill","Electrodynamics","Coolheaded","Redo","Creative AI","Capacitor","Stack","Hologram","Stack","Sunder","Reprogram","Rebound","Redo+1","Scrape","Self Repair+1","Coolheaded+1","Conserve Battery","Blizzard+1","Core Surge","Loop","Hologram+1","Coolheaded+1","Redo","Rainbow","Redo+1","Conserve Battery","Consume","Rainbow","Coolheaded+1","Chill+1"],"relics":["Cracked Core","Prayer Wheel","Bronze Scales","Pandora\u0027s Box","Art of War","Busted Crown","Du-Vu Doll"],"potions_floor_usage":[16,16,19,27,29,29,33,37],"damage_taken":[{"damage":0,"enemies":"2 Louse","floor":1,"turns":2},{"damage":4,"enemies":"Cultist","floor":2,"turns":4},{"damage":6,"enemies":"Jaw Worm","floor":3,"turns":3},{"damage":30,"enemies":"Gremlin Gang","floor":4,"turns":5},{"damage":5,"enemies":"Looter","floor":5,"turns":4},{"damage":5,"enemies":"Blue Slaver","floor":7,"turns":4},{"damage":0,"enemies":"2 Fungi Beasts","floor":11,"turns":3},{"damage":2,"enemies":"Large Slime","floor":13,"turns":6},{"damage":0,"enemies":"Exordium Wildlife","floor":14,"turns":4},{"damage":23,"enemies":"The Guardian","floor":16,"turns":10},{"damage":3,"enemies":"Spheric Guardian","floor":18,"turns":7},{"damage":14,"enemies":"Shell Parasite","floor":19,"turns":8},{"damage":2,"enemies":"Cultist and Chosen","floor":20,"turns":6},{"damage":4,"enemies":"Chosen and Byrds","floor":22,"turns":9},{"damage":11,"enemies":"Snecko","floor":24,"turns":6},{"damage":27,"enemies":"Slavers","floor":25,"turns":6},{"damage":13,"enemies":"Snake Plant","floor":27,"turns":6},{"damage":2,"enemies":"Centurion and Healer","floor":29,"turns":8},{"damage":25,"enemies":"Collector","floor":33,"turns":10},{"damage":4,"enemies":"3 Shapes","floor":35,"turns":3},{"damage":0,"enemies":"Orb Walker","floor":36,"turns":4},{"damage":45,"enemies":"2 Orb Walkers","floor":37,"turns":6},{"damage":39,"enemies":"Maw","floor":38,"turns":10}],"seed_played":"-958300505610024996","potions_obtained":[{"floor":2,"key":"EssenceOfSteel"},{"floor":5,"key":"FearPotion"},{"floor":11,"key":"FearPotion"},{"floor":14,"key":"GamblersBrew"},{"floor":18,"key":"Weak Potion"},{"floor":24,"key":"Ancient Potion"},{"floor":25,"key":"Fire Potion"},{"floor":28,"key":"Block Potion"},{"floor":28,"key":"Ancient Potion"},{"floor":33,"key":"Ancient Potion"},{"floor":35,"key":"SteroidPotion"},{"floor":37,"key":"Dexterity Potion"}],"is_trial":false,"path_per_floor":["M","M","M","M","M","R","M","R","T","R","M","?","M","M","R","B",null,"M","M","M","$","M","R","M","E","T","M","?","M","R","$","R","B",null,"M","M","?","M"],"character_chosen":"DEFECT","items_purchased":["Blizzard","Core Surge","Consume"],"campfire_rested":2,"item_purchase_floors":[21,21,31],"current_hp_per_floor":[75,71,65,35,30,30,25,25,25,25,25,25,23,23,45,22,75,72,58,56,56,62,62,51,24,24,21,21,29,29,29,50,35,72,68,68,23,0],"gold":192,"neow_bonus":"ONE_RARE_RELIC","is_prod":false,"is_daily":false,"chose_seed":false,"campfire_upgraded":5,"win_rate":0,"timestamp":1543566083,"path_taken":["M","M","M","M","M","R","M","R","T","R","M","?","M","M","R","BOSS","M","M","M","$","M","R","M","E","T","M","?","M","R","?","R","BOSS","M","M","?","M"],"build_version":"2018-11-15","purchased_purges":2,"victory":false,"max_hp_per_floor":[75,75,75,75,75,75,75,75,75,75,75,75,75,75,75,75,75,75,75,75,72,72,72,72,72,72,72,72,72,72,72,72,72,72,72,72,72,72],"card_choices":[{"not_picked":["Coolheaded","Barrage"],"picked":"Conserve Battery","floor":1},{"not_picked":["Go for the Eyes","Steam"],"picked":"Blizzard","floor":1},{"not_picked":["Rebound","Hologram"],"picked":"Ball Lightning","floor":2},{"not_picked":["Recycle","Force Field"],"picked":"Capacitor","floor":2},{"not_picked":["Stack","Darkness"],"picked":"Conserve Battery","floor":3},{"not_picked":["Compile Driver","Hologram"],"picked":"Chaos","floor":3},{"not_picked":["Steam","Streamline"],"picked":"Glacier","floor":4},{"not_picked":["Chaos","Steam"],"picked":"Seek","floor":4},{"not_picked":["Sweeping Beam","Darkness"],"picked":"Chill","floor":5},{"not_picked":["Go for the Eyes","Genetic Algorithm"],"picked":"Loop","floor":5},{"not_picked":["Leap","Reinforced Body"],"picked":"Loop","floor":7},{"not_picked":["Gash","Consume"],"picked":"Redo","floor":7},{"not_picked":["Leap","Darkness"],"picked":"Rebound","floor":11},{"not_picked":["Turbo","Doom and Gloom","Recycle"],"picked":"SKIP","floor":11},{"not_picked":["Leap","Streamline"],"picked":"Chill","floor":13},{"not_picked":["Streamline","Fusion"],"picked":"Electrodynamics","floor":13},{"not_picked":["Static Discharge","Auto Shields"],"picked":"Coolheaded","floor":14},{"not_picked":["Steam","Recycle"],"picked":"Redo","floor":14},{"not_picked":["Machine Learning","Core Surge"],"picked":"Creative AI","floor":16},{"not_picked":["Stack","Turbo+1"],"picked":"Redo+1","floor":18},{"not_picked":["Leap","Go for the Eyes"],"picked":"Scrape","floor":18},{"not_picked":["Double Energy","Doom and Gloom"],"picked":"Self Repair+1","floor":19},{"not_picked":["Turbo","Gash","Barrage"],"picked":"SKIP","floor":19},{"not_picked":["Turbo","Gash","Barrage"],"picked":"SKIP","floor":19},{"not_picked":["Hologram","Steam"],"picked":"Coolheaded+1","floor":20},{"not_picked":["Beam Cell","Redo"],"picked":"Conserve Battery","floor":20},{"not_picked":["Lockon","Beam Cell+1"],"picked":"Loop","floor":22},{"not_picked":["Redo","Barrage"],"picked":"Hologram","floor":22},{"not_picked":["Sweeping Beam+1","Gash"],"picked":"Coolheaded+1","floor":24},{"not_picked":["Genetic Algorithm","Auto Shields"],"picked":"Redo","floor":24},{"not_picked":["Aggregate","Barrage"],"picked":"Rainbow","floor":25},{"not_picked":["Compile Driver","Static Discharge+1"],"picked":"Redo+1","floor":27},{"not_picked":["Force Field+1","Beam Cell"],"picked":"Conserve Battery","floor":27},{"not_picked":["Redo","Streamline","Turbo"],"picked":"SKIP","floor":29},{"not_picked":["Beam Cell+1","Reinforced Body","Gash+1"],"picked":"SKIP","floor":29},{"not_picked":["Hyperbeam","Thunder Strike"],"picked":"Rainbow","floor":33},{"not_picked":["Hello World"],"picked":"SKIP","floor":35},{"not_picked":["Fusion+1"],"picked":"SKIP","floor":35},{"not_picked":[],"picked":"Coolheaded+1","floor":36},{"not_picked":["Recycle"],"picked":"SKIP","floor":36},{"not_picked":[],"picked":"Chill+1","floor":37}],"player_experience":296318,"relics_obtained":[{"floor":9,"key":"Bronze Scales"},{"floor":25,"key":"Art of War"},{"floor":37,"key":"Du-Vu Doll"}],"event_choices":[{"damage_healed":0,"gold_gain":0,"player_choice":"Ignored","damage_taken":0,"max_hp_gain":0,"max_hp_loss":0,"event_name":"Golden Wing","floor":12,"gold_loss":0},{"damage_healed":0,"gold_gain":0,"player_choice":"Bought 3 Potions","damage_taken":0,"max_hp_gain":0,"max_hp_loss":0,"event_name":"The Woman in Blue","floor":28,"gold_loss":0},{"damage_healed":0,"gold_gain":0,"player_choice":"Fight","damage_taken":0,"max_hp_gain":0,"max_hp_loss":0,"event_name":"Mysterious Sphere","floor":37,"gold_loss":0}],"is_beta":true,"boss_relics":[{"not_picked":["Cursed Key","Ectoplasm"],"picked":"Pandora\u0027s Box"},{"not_picked":["Snecko Eye","White Beast Statue"],"picked":"Busted Crown"}],"items_purged_floors":[21,31],"is_endless":false,"potions_floor_spawned":[2,5,11,14,18,24,25,33,35,37],"killed_by":"Maw","ascension_level":0}