{"gold_per_floor":[111,111,36,51,51,84,359,359,359,359,374,406,425,437,437,535,535,554,554,570,570,589,620,620,178,201,201],"floor_reached":27,"playtime":1045,"items_purged":["Strike_P","Regret"],"score":304,"play_id":"bc236be3-1f33-49fe-a822-f136e110602f","local_time":"20190909211134","is_ascension_mode":true,"campfire_choices":[{"data":"ForeignInfluence","floor":8,"key":"SMITH"},{"data":"Eruption","floor":10,"key":"SMITH"},{"data":"Devotion","floor":15,"key":"SMITH"},{"floor":24,"key":"DIG"}],"neow_cost":"NONE","seed_source_timestamp":461508926955600,"circlet_count":0,"master_deck":["Defend_P","Defend_P","Defend_P","Defend_P","Eruption+1","Vigilance","Halt","SpiritShield","ForeignInfluence+1","WindmillStrike+1","Perseverance","Devotion+1","CrushJoints+1","Pray","WaveOfTheHand+1","Bite+1","Bite+1","Bite+1","Bite+1","Bite+1","Establishment","EmptyFist+1","FearNoEvil+1","Writhe"],"relics":["PureWater","NeowsBlessing","Turnip","Molten Egg 2","Letter Opener","Cursed Key","Shovel","Question Card","Art of War","Frozen Eye","Orichalcum"],"potions_floor_usage":[16,16,16,23],"damage_taken":[{"damage":0,"enemies":"Jaw Worm","floor":1,"turns":1},{"damage":0,"enemies":"Cultist","floor":4,"turns":1},{"damage":0,"enemies":"Gremlin Nob","floor":6,"turns":1},{"damage":4,"enemies":"Small Slimes","floor":11,"turns":3},{"damage":19,"enemies":"Lagavulin","floor":12,"turns":5},{"damage":5,"enemies":"Red Slaver","floor":13,"turns":3},{"damage":9,"enemies":"2 Fungi Beasts","floor":14,"turns":4},{"damage":20,"enemies":"The Guardian","floor":16,"turns":9},{"damage":19,"enemies":"Chosen","floor":18,"turns":7},{"damage":9,"enemies":"Shell Parasite","floor":20,"turns":5},{"damage":16,"enemies":"Centurion and Healer","floor":22,"turns":7},{"damage":25,"enemies":"Book of Stabbing","floor":23,"turns":4},{"damage":51,"enemies":"Slavers","floor":27,"turns":3}],"seed_played":"5685990341857938220","potions_obtained":[{"floor":4,"key":"StancePotion"},{"floor":11,"key":"Dexterity Potion"},{"floor":12,"key":"Block Potion"},{"floor":18,"key":"SpeedPotion"},{"floor":22,"key":"Regen Potion"}],"is_trial":false,"path_per_floor":["M","?","$","M","$","E","?","R","T","R","M","E","M","M","R","B",null,"M","?","M","?","M","E","R","$","T","E"],"character_chosen":"WATCHER","items_purchased":["FearNoEvil+1","Art of War","Frozen Eye"],"campfire_rested":0,"item_purchase_floors":[25,25,25],"current_hp_per_floor":[65,65,65,65,65,65,65,65,65,65,61,42,37,28,28,8,65,46,45,45,45,45,35,35,35,35,0],"gold":201,"neow_bonus":"THREE_ENEMY_KILL","is_prod":false,"is_daily":false,"chose_seed":false,"campfire_upgraded":3,"win_rate":0,"timestamp":1568077894,"path_taken":["M","?","?","M","$","E","?","R","T","R","M","E","?","M","R","BOSS","M","?","M","?","M","E","R","$","T","E"],"build_version":"2019-09-09","purchased_purges":2,"victory":false,"max_hp_per_floor":[65,65,65,65,65,65,65,65,65,65,65,65,65,65,65,65,65,65,45,45,45,45,45,45,45,45,45],"card_choices":[{"not_picked":["Crescendo","Sanctity"],"picked":"Halt","floor":1},{"not_picked":["EmptyMind","Fasting"],"picked":"SpiritShield","floor":4},{"not_picked":["WaveOfTheHand","ClearTheMind"],"picked":"ForeignInfluence","floor":6},{"not_picked":["FlyingSleeves+1","Weave+1"],"picked":"WindmillStrike+1","floor":11},{"not_picked":["Adaptation","DeceiveReality"],"picked":"Perseverance","floor":12},{"not_picked":["InnerPeace","Vengeance"],"picked":"Devotion","floor":13},{"not_picked":["Swivel","Crescendo"],"picked":"CrushJoints+1","floor":14},{"not_picked":["Brilliance","Omniscience"],"picked":"Pray","floor":16},{"not_picked":["EmptyBody","BowlingBash+1"],"picked":"WaveOfTheHand+1","floor":18},{"not_picked":["Collect","WaveOfTheHand+1","FollowUp+1"],"picked":"SKIP","floor":20},{"not_picked":["Collect","WaveOfTheHand+1","FollowUp+1"],"picked":"SKIP","floor":20},{"not_picked":["FlyingSleeves+1","BowlingBash+1"],"picked":"EmptyFist+1","floor":22},{"not_picked":["EmptyFist+1","Collect","EmptyBody"],"picked":"SKIP","floor":23}],"player_experience":1915345,"relics_obtained":[{"floor":6,"key":"Turnip"},{"floor":9,"key":"Molten Egg 2"},{"floor":12,"key":"Letter Opener"},{"floor":23,"key":"Shovel"},{"floor":24,"key":"Question Card"},{"floor":26,"key":"Orichalcum"}],"event_choices":[{"damage_healed":0,"gold_gain":0,"player_choice":"0 cards matched","damage_taken":0,"max_hp_gain":0,"max_hp_loss":0,"event_name":"Match and Keep!","floor":2,"gold_loss":0,"cards_obtained":[]},{"damage_healed":0,"gold_gain":275,"player_choice":"Desecrate","damage_taken":0,"max_hp_gain":0,"max_hp_loss":0,"event_name":"Golden Shrine","floor":7,"gold_loss":0,"cards_obtained":["Regret"]},{"damage_healed":0,"gold_gain":0,"player_choice":"Became a vampire","damage_taken":0,"max_hp_gain":0,"max_hp_loss":20,"event_name":"Vampires","floor":19,"gold_loss":0,"cards_obtained":["Bite","Bite","Bite","Bite","Bite"]},{"damage_healed":0,"gold_gain":0,"player_choice":"Read","damage_taken":0,"max_hp_gain":0,"max_hp_loss":0,"event_name":"The Library","floor":21,"gold_loss":0,"cards_obtained":["Establishment"]}],"is_beta":true,"boss_relics":[{"not_picked":["Calling Bell","Tiny House"],"picked":"Cursed Key"}],"items_purged_floors":[3,25],"is_endless":false,"potions_floor_spawned":[4,11,12,13,18,22],"killed_by":"Slavers","ascension_level":1}