{"gold_per_floor":[109,121,131,33,33,64,64,64,64,97,97,29,102,120,120,240,240,235,150,164,164,164],"floor_reached":22,"playtime":871,"items_purged":[],"score":259,"play_id":"91560cc0-b7f7-48e1-98a7-9166e131ceed","local_time":"20190512193946","is_ascension_mode":true,"campfire_choices":[{"data":"True Grit","floor":7,"key":"SMITH"},{"data":"Havoc","floor":11,"key":"SMITH"},{"floor":15,"key":"REST"}],"neow_cost":"NONE","seed_source_timestamp":26921921140305,"circlet_count":0,"master_deck":["Strike_R","Strike_R","Strike_R","Strike_R+1","Strike_R","Defend_R","Defend_R","Defend_R","Defend_R","Bash","Corruption","Cleave","Carnage","True Grit+1","Feel No Pain","Battle Trance+1","Havoc+1","Burning Pact","Clothesline+1","Reaper+1","True Grit","Havoc","Writhe"],"relics":["Burning Blood","NeowsBlessing","Golden Idol","Torii","Dodecahedron","Anchor","Molten Egg 2","Runic Pyramid","Thread and Needle","Juzu Bracelet"],"potions_floor_usage":[6,16,18],"damage_taken":[{"damage":0,"enemies":"Jaw Worm","floor":1,"turns":1},{"damage":0,"enemies":"2 Louse","floor":2,"turns":1},{"damage":0,"enemies":"Small Slimes","floor":3,"turns":1},{"damage":24,"enemies":"Gremlin Nob","floor":6,"turns":4},{"damage":14,"enemies":"3 Sentries","floor":10,"turns":7},{"damage":2,"enemies":"Blue Slaver","floor":14,"turns":3},{"damage":49,"enemies":"Slime Boss","floor":16,"turns":11},{"damage":23,"enemies":"2 Thieves","floor":18,"turns":4},{"damage":19,"enemies":"3 Byrds","floor":20,"turns":7},{"damage":66,"enemies":"3 Cultists","floor":22,"turns":5}],"seed_played":"-232754353671089032","potions_obtained":[{"floor":1,"key":"SteroidPotion"},{"floor":3,"key":"EssenceOfSteel"},{"floor":6,"key":"Energy Potion"},{"floor":14,"key":"Energy Potion"},{"floor":18,"key":"EssenceOfSteel"}],"is_trial":false,"path_per_floor":["M","M","M","$","?","E","R","?","T","E","R","$","T","M","R","B",null,"M","?","M","?","M"],"character_chosen":"IRONCLAD","items_purchased":["True Grit","Feel No Pain","Burning Pact"],"campfire_rested":1,"item_purchase_floors":[4,4,12],"current_hp_per_floor":[78,80,80,80,74,56,56,41,41,33,33,33,33,37,59,16,60,53,53,46,46,0],"gold":164,"neow_bonus":"THREE_ENEMY_KILL","is_prod":false,"is_daily":false,"chose_seed":false,"campfire_upgraded":2,"win_rate":0,"timestamp":1557682786,"path_taken":["M","M","M","$","?","E","R","?","T","E","R","$","?","M","R","BOSS","M","?","M","?","M"],"build_version":"2019-05-07","purchased_purges":0,"victory":false,"max_hp_per_floor":[80,80,80,80,74,74,74,74,74,74,74,74,74,74,74,74,74,74,74,74,74,74],"card_choices":[{"not_picked":["Shockwave","Bloodletting"],"picked":"Corruption","floor":1},{"not_picked":["Wild Strike","Ghostly Armor"],"picked":"Cleave","floor":2},{"not_picked":["Cleave","Iron Wave"],"picked":"Carnage","floor":3},{"not_picked":["Carnage","Heavy Blade"],"picked":"Battle Trance","floor":6},{"not_picked":["Twin Strike","Bludgeon"],"picked":"Havoc","floor":10},{"not_picked":["Perfected Strike+1","Sword Boomerang+1"],"picked":"Clothesline+1","floor":14},{"not_picked":["Fiend Fire+1","Offering"],"picked":"Reaper+1","floor":16},{"not_picked":["Anger+1","Disarm"],"picked":"True Grit","floor":18},{"not_picked":["Anger+1","Clothesline+1"],"picked":"Havoc","floor":20}],"player_experience":339665,"relics_obtained":[{"floor":6,"key":"Torii"},{"floor":9,"key":"Dodecahedron"},{"floor":10,"key":"Anchor"},{"floor":13,"key":"Molten Egg 2"}],"event_choices":[{"damage_healed":0,"gold_gain":0,"player_choice":"Lose Max HP","damage_taken":0,"relics_obtained":["Golden Idol"],"max_hp_gain":0,"max_hp_loss":6,"event_name":"Golden Idol","floor":5,"gold_loss":0},{"damage_healed":0,"gold_gain":0,"player_choice":"Entered Light","damage_taken":15,"max_hp_gain":0,"max_hp_loss":0,"event_name":"Shining Light","floor":8,"gold_loss":0,"cards_upgraded":["Battle Trance","Strike_R"]},{"damage_healed":0,"gold_gain":0,"player_choice":"Obtained Relic","damage_taken":0,"relics_obtained":["Thread and Needle"],"max_hp_gain":0,"max_hp_loss":0,"event_name":"Addict","floor":19,"gold_loss":85},{"damage_healed":0,"gold_gain":0,"player_choice":"Opened","damage_taken":0,"relics_obtained":["Juzu Bracelet"],"max_hp_gain":0,"max_hp_loss":0,"event_name":"The Mausoleum","floor":21,"gold_loss":0,"cards_obtained":["Writhe"]}],"is_beta":true,"boss_relics":[{"not_picked":["Eternal Feather","Pandora\u0027s Box"],"picked":"Runic Pyramid"}],"items_purged_floors":[],"is_endless":false,"potions_floor_spawned":[1,3,6,14,18],"killed_by":"3 Cultists","ascension_level":7}