{"gold_per_floor":[117,134,145,164,179,179,209,209,262,262,21,33,33,43,43,143,143,156,167,167,187,13,45,45,57,57,57,69,169,169,94,94,192,192,203,219,237,285,285,285,285,295,295,311,323,341,341,2,2,2],"floor_reached":51,"playtime":4392,"items_purged":["Defend_G"],"score":698,"play_id":"5c88f682-776a-4eac-a25f-0e041ad5fa74","local_time":"20190201010314","is_ascension_mode":false,"campfire_choices":[{"data":"Glass Knife","floor":6.0,"key":"SMITH"},{"data":"Blur","floor":8.0,"key":"SMITH"},{"data":"Survivor","floor":10.0,"key":"SMITH"},{"data":"Neutralize","floor":15.0,"key":"SMITH"},{"data":"After Image","floor":24.0,"key":"SMITH"},{"floor":30,"key":"DIG"},{"data":"Backflip","floor":32,"key":"SMITH"},{"floor":40,"key":"REST"},{"data":"Madness","floor":49,"key":"SMITH"}],"neow_cost":"NONE","seed_source_timestamp":0,"circlet_count":0,"master_deck":["Defend_G","Defend_G","Defend_G","Defend_G","Strike_G","Strike_G","Strike_G","Survivor+1","Neutralize+1","Glass Knife+1","Slice","Deflect","Blur+1","Masterful Stab","Backflip+1","Deadly Poison","Panache","Deadly Poison","Backflip","After Image+1","Slice","Backflip","RitualDagger","Expertise","Master of Strategy","Flying Knee+1","Blade Dance","Blade Dance+1","Corpse Explosion","Madness","Madness+1","Well Laid Plans","Noxious Fumes","Backflip+1","Deflect","Enlightenment"],"special_seed":0,"relics":["Ring of the Serpent","Strawberry","Oddly Smooth Stone","Sozu","Shuriken","Meat on the Bone","Shovel","Singing Bowl","Blood Vial","Dead Branch","Prayer Wheel","Ancient Tea Set"],"potions_floor_usage":[],"damage_taken":[{"damage":0.0,"enemies":"2 Louse","floor":1.0,"turns":2.0},{"damage":0.0,"enemies":"Small Slimes","floor":2.0,"turns":3.0},{"damage":0.0,"enemies":"Cultist","floor":3.0,"turns":3.0},{"damage":1.0,"enemies":"Exordium Wildlife","floor":4.0,"turns":4.0},{"damage":0.0,"enemies":"3 Louse","floor":5.0,"turns":2.0},{"damage":3.0,"enemies":"Gremlin Nob","floor":7.0,"turns":4.0},{"damage":0.0,"enemies":"2 Fungi Beasts","floor":12.0,"turns":3.0},{"damage":0.0,"enemies":"Looter","floor":14.0,"turns":2.0},{"damage":23.0,"enemies":"Hexaghost","floor":16.0,"turns":11.0},{"damage":3.0,"enemies":"3 Byrds","floor":18.0,"turns":5.0},{"damage":0.0,"enemies":"Shell Parasite","floor":19.0,"turns":4.0},{"damage":5.0,"enemies":"Sentry and Sphere","floor":21.0,"turns":7.0},{"damage":4.0,"enemies":"Gremlin Leader","floor":23.0,"turns":7.0},{"damage":0.0,"enemies":"Cultist and Chosen","floor":25.0,"turns":7.0},{"damage":0,"enemies":"3 Cultists","floor":28,"turns":4},{"damage":0,"enemies":"Colosseum Slavers","floor":29,"turns":4},{"damage":1,"enemies":"Colosseum Nobs","floor":29,"turns":5},{"damage":19,"enemies":"Collector","floor":33,"turns":8},{"damage":0,"enemies":"Orb Walker","floor":35,"turns":2},{"damage":6,"enemies":"3 Darklings","floor":36,"turns":4},{"damage":5,"enemies":"Sphere and 2 Shapes","floor":37,"turns":5},{"damage":34,"enemies":"2 Orb Walkers","floor":38,"turns":4},{"damage":10,"enemies":"4 Shapes","floor":42,"turns":2},{"damage":22,"enemies":"Maw","floor":44,"turns":7},{"damage":1,"enemies":"Sphere and 2 Shapes","floor":45,"turns":7},{"damage":13,"enemies":"Spire Growth","floor":46,"turns":5},{"damage":20,"enemies":"Awakened One","floor":50,"turns":12}],"seed_played":"-7254444821781535037","potions_obtained":[{"floor":1.0,"key":"Fire Potion"},{"floor":4.0,"key":"Fire Potion"},{"floor":14.0,"key":"GamblersBrew"}],"is_trial":false,"path_per_floor":["M","M","M","M","M","R","E","R","T","R","$","M","?","M","R","B",null,"M","M","?","M","$","E","R","M","T","?","M","?","R","?","R","B",null,"M","M","M","?","?","R","?","M","T","M","M","M","?","$","R","B",null],"character_chosen":"THE_SILENT","items_purchased":["Deadly Poison","Panache","Master of Strategy","Deflect","Enlightenment","Ancient Tea Set"],"campfire_rested":1,"item_purchase_floors":[11,11,22,48,48,48],"current_hp_per_floor":[70,70,70,69,69,69,73,73,73,73,73,73,73,73,73,50,77,74,74,68,63,63,59,59,59,59,59,59,58,58,58,58,41,77,79,73,72,54,44,68,68,62,62,56,59,50,91,91,91,71],"gold":2,"neow_bonus":"ONE_RANDOM_RARE_CARD","is_prod":false,"is_daily":false,"chose_seed":false,"campfire_upgraded":7,"win_rate":0.0,"timestamp":1548950594,"path_taken":["M","M","M","M","M","R","E","R","T","R","$","M","?","M","R","BOSS","M","M","?","M","$","E","R","M","T","?","?","?","R","?","R","BOSS","M","M","M","?","?","R","?","M","T","?","M","M","?","$","R","BOSS"],"build_version":"2019-01-23","purchased_purges":1,"victory":true,"max_hp_per_floor":[70,70,70,70,70,70,77,77,77,77,77,77,77,77,77,77,77,77,77,77,77,77,77,77,77,77,77,77,77,77,77,77,77,77,79,79,81,83,83,83,83,85,85,87,89,91,91,91,91,91],"card_choices":[{"not_picked":["Eviscerate","Dagger Throw"],"picked":"Slice","floor":1.0},{"not_picked":["Dodge and Roll","Prepared"],"picked":"Deflect","floor":2.0},{"not_picked":["Flying Knee","Underhanded Strike"],"picked":"Blur","floor":3.0},{"not_picked":["Outmaneuver","Dagger Throw"],"picked":"Masterful Stab","floor":4.0},{"not_picked":["Sucker Punch","Quick Slash"],"picked":"Backflip","floor":5.0},{"not_picked":["Leg Sweep","Dagger Throw","Caltrops"],"picked":"SKIP","floor":7.0},{"not_picked":["Bane","Crippling Poison"],"picked":"Deadly Poison","floor":12.0},{"not_picked":["Finisher","Blade Dance"],"picked":"Backflip","floor":14.0},{"not_picked":["Wraith Form v2","Tools of the Trade"],"picked":"After Image","floor":16.0},{"not_picked":["Well Laid Plans","Quick Slash"],"picked":"Slice","floor":18.0},{"not_picked":["Leg Sweep+1","Outmaneuver"],"picked":"Backflip","floor":19.0},{"not_picked":["Leg Sweep","Eviscerate"],"picked":"Expertise","floor":21.0},{"not_picked":["Poisoned Stab","Terror"],"picked":"Flying Knee+1","floor":23.0},{"not_picked":["Underhanded Strike","Dagger Throw"],"picked":"Blade Dance","floor":25.0},{"not_picked":["Sucker Punch","Predator","Phantasmal Killer"],"picked":"SKIP","floor":28},{"not_picked":["Acrobatics","Skewer"],"picked":"Blade Dance+1","floor":29},{"not_picked":["Wraith Form v2","Glass Knife"],"picked":"Corpse Explosion","floor":33},{"not_picked":["Expertise+1","Flechettes","Prepared+1"],"picked":"Singing Bowl","floor":35},{"not_picked":["Prepared+1","Eviscerate+1"],"picked":"Quick Slash+1","floor":36},{"not_picked":["Dagger Throw","Blade Dance","Dash"],"picked":"Singing Bowl","floor":37},{"not_picked":["Poisoned Stab","Blade Dance","All Out Attack"],"picked":"Singing Bowl","floor":38},{"not_picked":["Backflip","Flechettes+1","Dash+1"],"picked":"Singing Bowl","floor":42},{"not_picked":["Bouncing Flask","Doppelganger","Acrobatics"],"picked":"Singing Bowl","floor":44},{"not_picked":["Bane+1","Dagger Throw+1"],"picked":"Well Laid Plans","floor":44},{"not_picked":["Dagger Spray","Deadly Poison","Prepared"],"picked":"Singing Bowl","floor":45},{"not_picked":["Poisoned Stab","Acrobatics"],"picked":"Noxious Fumes","floor":45},{"not_picked":["Dodge and Roll","Quick Slash","Die Die Die"],"picked":"Singing Bowl","floor":46},{"not_picked":["Outmaneuver+1","Tactician"],"picked":"Backflip+1","floor":46}],"player_experience":51833,"relics_obtained":[{"floor":7.0,"key":"Strawberry"},{"floor":9.0,"key":"Oddly Smooth Stone"},{"floor":23.0,"key":"Shuriken"},{"floor":26,"key":"Meat on the Bone"},{"floor":29,"key":"Shovel"},{"floor":29,"key":"Singing Bowl"},{"floor":30,"key":"Blood Vial"},{"floor":38,"key":"Dead Branch"},{"floor":43,"key":"Prayer Wheel"}],"event_choices":[{"damage_healed":0.0,"max_hp_gain":0.0,"max_hp_loss":0.0,"gold_gain":0.0,"event_name":"The Cleric","player_choice":"Leave","floor":13.0,"gold_loss":0.0,"damage_taken":0.0},{"damage_healed":0.0,"max_hp_gain":0.0,"max_hp_loss":0.0,"gold_gain":0.0,"event_name":"Nest","player_choice":"Joined the Cult","floor":20.0,"gold_loss":0.0,"damage_taken":6.0,"cards_obtained":["RitualDagger"]},{"cards_removed":["Strike_G"],"damage_healed":0,"gold_gain":0,"player_choice":"Purged","damage_taken":0,"max_hp_gain":0,"max_hp_loss":0,"event_name":"Purifier","floor":27,"gold_loss":0},{"damage_healed":0,"gold_gain":0,"player_choice":"Fight","damage_taken":0,"max_hp_gain":0,"max_hp_loss":0,"event_name":"Colosseum","floor":29,"gold_loss":0},{"damage_healed":0,"gold_gain":0,"player_choice":"Fought Nobs","damage_taken":0,"max_hp_gain":0,"max_hp_loss":0,"event_name":"Colosseum","floor":29,"gold_loss":0},{"cards_removed":["Strike_G"],"damage_healed":0,"gold_gain":0,"player_choice":"Gave Gold","damage_taken":0,"max_hp_gain":0,"max_hp_loss":0,"event_name":"Beggar","floor":31,"gold_loss":75},{"damage_healed":0,"gold_gain":0,"player_choice":"Fight","damage_taken":0,"max_hp_gain":0,"max_hp_loss":0,"event_name":"Mysterious Sphere","floor":38,"gold_loss":0},{"damage_healed":0,"gold_gain":0,"player_choice":"Embrace Madness","damage_taken":10,"max_hp_gain":0,"max_hp_loss":0,"event_name":"Winding Halls","floor":39,"gold_loss":0,"cards_obtained":["Madness","Madness"]},{"cards_removed":["Quick Slash"],"damage_healed":0,"gold_gain":0,"player_choice":"Removed Attack","damage_taken":0,"max_hp_gain":0,"max_hp_loss":0,"event_name":"Falling","floor":41,"gold_loss":0},{"damage_healed":41,"gold_gain":0,"player_choice":"Full Heal","damage_taken":0,"max_hp_gain":0,"max_hp_loss":0,"event_name":"Wheel of Change","floor":47,"gold_loss":0}],"is_beta":false,"boss_relics":[{"not_picked":["Busted Crown","Velvet Choker"],"picked":"Sozu"},{"not_picked":["Astrolabe","Black Star"],"picked":"Ring of the Serpent"}],"items_purged_floors":[48],"is_endless":false,"potions_floor_spawned":[1,4,14,18,19,28,29,35,42,44,45],"ascension_level":0}