{"gold_per_floor":[115,128,140,151,162,162,187,187,257,286,12,12,38,3,3,102,102,102,102,17,0,0,0,0,0,0,0,0],"floor_reached":28,"playtime":1472,"items_purged":[],"score":282,"play_id":"561ddbc7-db5b-4612-82fb-ae0d6e4d7604","local_time":"20190817212948","is_ascension_mode":true,"campfire_choices":[{"data":"Dark Embrace","floor":6,"key":"SMITH"},{"floor":8,"key":"REST"},{"floor":12,"key":"REST"},{"data":"Rampage","floor":15,"key":"SMITH"},{"floor":23,"key":"REST"}],"neow_cost":"NONE","seed_source_timestamp":265865873484818,"circlet_count":0,"master_deck":["Strike_R","Strike_R","Strike_R","Strike_R","Defend_R","Defend_R","Defend_R","Defend_R","Bash+1","Dark Embrace","Headbutt","Anger","Dark Embrace+1","Metallicize","Feel No Pain","Reaper","Rampage+1","Corruption+1","Immolate","Ghostly Armor","Ghostly Armor","Impervious","Shrug It Off","Body Slam+1","Offering","Shockwave"],"relics":["Burning Blood","Frozen Egg 2","Question Card","Champion Belt","Centennial Puzzle","Ectoplasm","Pantograph","Old Coin","Red Skull"],"potions_floor_usage":[16,25],"damage_taken":[{"damage":6,"enemies":"Cultist","floor":1,"turns":3},{"damage":5,"enemies":"Small Slimes","floor":2,"turns":3},{"damage":1,"enemies":"2 Louse","floor":3,"turns":4},{"damage":2,"enemies":"2 Fungi Beasts","floor":4,"turns":4},{"damage":25,"enemies":"Large Slime","floor":5,"turns":7},{"damage":19,"enemies":"3 Sentries","floor":7,"turns":9},{"damage":27,"enemies":"Lagavulin","floor":10,"turns":7},{"damage":29,"enemies":"3 Sentries","floor":13,"turns":6},{"damage":54,"enemies":"The Guardian","floor":16,"turns":14},{"damage":31,"enemies":"Shell Parasite","floor":18,"turns":7},{"damage":31,"enemies":"2 Thieves","floor":21,"turns":5},{"damage":58,"enemies":"Book of Stabbing","floor":24,"turns":6},{"damage":12,"enemies":"Shelled Parasite and Fungi","floor":25,"turns":3},{"damage":27,"enemies":"Snake Plant","floor":28,"turns":2}],"seed_played":"6416067091112463547","potions_obtained":[{"floor":2,"key":"FairyPotion"},{"floor":5,"key":"SteroidPotion"},{"floor":7,"key":"Strength Potion"},{"floor":10,"key":"Ancient Potion"},{"floor":18,"key":"AttackPotion"}],"is_trial":false,"path_per_floor":["M","M","M","M","M","R","E","R","T","E","$","R","E","?","R","B",null,"M","?","?","M","$","R","E","M","T","?","M"],"character_chosen":"IRONCLAD","items_purchased":["Corruption+1","Immolate","Ghostly Armor"],"campfire_rested":3,"item_purchase_floors":[11,11,11],"current_hp_per_floor":[80,80,80,80,61,61,48,72,72,57,57,80,65,80,80,32,80,59,59,59,42,42,66,20,20,20,20,0],"gold":0,"neow_bonus":"TRANSFORM_CARD","is_prod":false,"is_daily":false,"chose_seed":false,"campfire_upgraded":2,"win_rate":0,"timestamp":1566091788,"path_taken":["M","?","M","M","M","R","E","R","T","E","$","R","E","?","R","BOSS","M","?","?","M","$","R","E","M","T","?","M"],"build_version":"2019-07-17","purchased_purges":0,"victory":false,"max_hp_per_floor":[80,80,80,80,80,80,80,80,80,80,80,80,80,80,80,80,80,80,80,80,80,80,80,80,80,80,80,80],"card_choices":[{"not_picked":["Thunderclap","Body Slam"],"picked":"Headbutt","floor":1},{"not_picked":["True Grit","Warcry"],"picked":"Anger","floor":2},{"not_picked":["Iron Wave","Hemokinesis"],"picked":"Dark Embrace","floor":3},{"not_picked":["Sword Boomerang","Cleave"],"picked":"Metallicize","floor":4},{"not_picked":["Shrug It Off","Carnage"],"picked":"Feel No Pain","floor":5},{"not_picked":["Wild Strike","Clash"],"picked":"Reaper","floor":7},{"not_picked":["Heavy Blade","Iron Wave","Headbutt"],"picked":"Rampage","floor":10},{"not_picked":["Perfected Strike","Pommel Strike","Cleave"],"picked":"Ghostly Armor","floor":13},{"not_picked":["Brutality+1","Berserk+1","Dark Embrace+1"],"picked":"Impervious","floor":16},{"not_picked":["Clash","Fire Breathing+1","Anger"],"picked":"Shrug It Off","floor":18},{"not_picked":["Clash+1","Intimidate","Perfected Strike"],"picked":"Body Slam+1","floor":21},{"not_picked":["Entrench","Perfected Strike","Cleave+1"],"picked":"Offering","floor":24},{"not_picked":["Bloodletting+1","Pommel Strike","Flex"],"picked":"Shockwave","floor":25}],"player_experience":114974,"relics_obtained":[{"floor":7,"key":"Frozen Egg 2"},{"floor":9,"key":"Question Card"},{"floor":10,"key":"Champion Belt"},{"floor":13,"key":"Centennial Puzzle"},{"floor":24,"key":"Old Coin"},{"floor":26,"key":"Red Skull"}],"event_choices":[{"damage_healed":20,"gold_gain":0,"player_choice":"Healed","damage_taken":0,"max_hp_gain":0,"max_hp_loss":0,"event_name":"The Cleric","floor":14,"gold_loss":35},{"damage_healed":0,"gold_gain":0,"player_choice":"Ignored","damage_taken":0,"max_hp_gain":0,"max_hp_loss":0,"event_name":"Vampires","floor":19,"gold_loss":0},{"damage_healed":0,"gold_gain":0,"player_choice":"Obtained Relic","damage_taken":0,"relics_obtained":["Pantograph"],"max_hp_gain":0,"max_hp_loss":0,"event_name":"Addict","floor":20,"gold_loss":85},{"damage_healed":0,"gold_gain":0,"player_choice":"Upgraded","damage_taken":0,"max_hp_gain":0,"max_hp_loss":0,"event_name":"Upgrade Shrine","floor":27,"gold_loss":0,"cards_upgraded":["Bash"]}],"is_beta":false,"boss_relics":[{"not_picked":["Runic Pyramid","Velvet Choker"],"picked":"Ectoplasm"}],"items_purged_floors":[],"is_endless":false,"potions_floor_spawned":[2,5,7,10,13,18],"killed_by":"Snake Plant","ascension_level":2}