{"gold_per_floor":[109,59,74,93,70,70,102,102,102,128,128,145,163,173,173,273,273,289,34,59,59,78,78,90,90,90,90,90,115,115,142,142,237,237,249,268,155,171,171,197,212,212,212,212,241,254,266,294,294,294],"floor_reached":51,"playtime":3762,"items_purged":["Bite"],"score":902,"play_id":"6cdcf093-cffb-4ff6-8874-dd6b5bc07fdb","local_time":"20190205220341","is_ascension_mode":true,"campfire_choices":[{"data":"Zap","floor":6,"key":"SMITH"},{"data":"Dualcast","floor":11,"key":"SMITH"},{"floor":15,"key":"REST"},{"data":"Recycle","floor":23,"key":"SMITH"},{"data":"Redo","floor":25,"key":"SMITH"},{"data":"Seek","floor":27,"key":"SMITH"},{"data":"Go for the Eyes","floor":30,"key":"SMITH"},{"data":"Amplify","floor":32,"key":"SMITH"},{"data":"Loop","floor":42,"key":"SMITH"},{"data":"Fission","floor":44,"key":"SMITH"},{"data":"Capacitor","floor":49,"key":"SMITH"}],"neow_cost":"NONE","seed_source_timestamp":732814529920336,"circlet_count":0,"master_deck":["Zap+1","Dualcast+1","Recycle+1","Cold Snap","Steam","Redo+1","Genetic Algorithm","Glacier","Capacitor+1","Conserve Battery","Creative AI+1","Compile Driver","Sweeping Beam","Beam Cell","Seek+1","Go for the Eyes+1","Heatsinks","Core Surge","Coolheaded+1","Bite","Bite","Bite","Bite","Amplify+1","Fission+1","Heatsinks+1","Hologram+1","Recycle+1","Undo+1","Defragment+1","Loop+1","Redo+1","White Noise+1"],"relics":["Cracked Core","Pen Nib","Singing Bowl","Question Card","Letter Opener","Pandora\u0027s Box","Mummified Hand","Orichalcum","Ornamental Fan","DataDisk","Regal Pillow","Coffee Dripper","The Courier","Bottled Lightning","Symbiotic Virus","Dream Catcher"],"potions_floor_usage":[10,16,29],"damage_taken":[{"damage":1,"enemies":"2 Louse","floor":1,"turns":3},{"damage":1,"enemies":"Jaw Worm","floor":3,"turns":3},{"damage":0,"enemies":"Cultist","floor":4,"turns":3},{"damage":11,"enemies":"3 Sentries","floor":7,"turns":9},{"damage":23,"enemies":"Lagavulin","floor":10,"turns":9},{"damage":0,"enemies":"Looter","floor":12,"turns":3},{"damage":12,"enemies":"Exordium Thugs","floor":13,"turns":5},{"damage":4,"enemies":"Large Slime","floor":14,"turns":6},{"damage":21,"enemies":"The Guardian","floor":16,"turns":15},{"damage":10,"enemies":"Chosen","floor":18,"turns":6},{"damage":0,"enemies":"3 Byrds","floor":22,"turns":4},{"damage":9,"enemies":"Snake Plant","floor":24,"turns":6},{"damage":8,"enemies":"Book of Stabbing","floor":29,"turns":6},{"damage":13,"enemies":"Slavers","floor":31,"turns":6},{"damage":9,"enemies":"Champ","floor":33,"turns":12},{"damage":1,"enemies":"3 Shapes","floor":35,"turns":4},{"damage":3,"enemies":"3 Darklings","floor":36,"turns":5},{"damage":0,"enemies":"Spire Growth","floor":38,"turns":6},{"damage":0,"enemies":"Giant Head","floor":40,"turns":8},{"damage":0,"enemies":"Sphere and 2 Shapes","floor":41,"turns":5},{"damage":12,"enemies":"Reptomancer","floor":45,"turns":5},{"damage":0,"enemies":"Transient","floor":46,"turns":5},{"damage":4,"enemies":"Jaw Worm Horde","floor":47,"turns":4},{"damage":6,"enemies":"Nemesis","floor":48,"turns":5},{"damage":0,"enemies":"Time Eater","floor":50,"turns":6}],"seed_played":"-6336044963114246590","potions_obtained":[{"floor":1,"key":"Energy Potion"},{"floor":10,"key":"SpeedPotion"},{"floor":13,"key":"SpeedPotion"},{"floor":16,"key":"SpeedPotion"},{"floor":29,"key":"Poison Potion"},{"floor":31,"key":"Fire Potion"},{"floor":36,"key":"Block Potion"}],"is_trial":false,"path_per_floor":["M","?","M","M","$","R","E","?","T","E","R","M","M","M","R","B",null,"M","$","T","?","M","R","M","R","T","R","?","E","R","E","R","B",null,"M","M","$","M","?","E","M","R","T","R","E","M","M","E","R","B",null],"character_chosen":"DEFECT","items_purchased":["Redo","Mummified Hand","Recycle"],"campfire_rested":1,"item_purchase_floors":[5,19,37],"current_hp_per_floor":[74,74,73,73,73,73,62,62,62,39,39,39,27,25,48,27,77,67,67,67,67,69,69,62,62,62,62,56,53,53,52,52,58,58,58,57,57,58,58,58,58,58,58,58,52,60,62,62,62,62],"gold":294,"neow_bonus":"RANDOM_COMMON_RELIC","is_prod":false,"is_daily":false,"chose_seed":false,"campfire_upgraded":10,"win_rate":0,"timestamp":1549371821,"path_taken":["M","?","M","M","$","R","E","?","T","E","R","?","M","M","R","BOSS","M","$","?","?","?","R","M","R","T","R","?","E","R","E","R","BOSS","M","M","$","M","?","E","M","R","T","R","E","?","?","E","R","BOSS"],"build_version":"2019-01-23","purchased_purges":1,"victory":true,"max_hp_per_floor":[75,75,75,75,75,75,75,75,75,75,75,75,75,77,77,77,77,77,77,77,77,79,79,81,81,81,81,56,58,58,58,58,58,58,58,58,58,58,58,58,58,58,58,58,58,60,62,62,62,62],"card_choices":[{"not_picked":["FTL","Beam Cell"],"picked":"Recycle","floor":1},{"not_picked":["Sweeping Beam","Consume"],"picked":"Cold Snap","floor":3},{"not_picked":["Go for the Eyes","Rip and Tear"],"picked":"Steam","floor":4},{"not_picked":["Redo","Recycle"],"picked":"Genetic Algorithm","floor":7},{"not_picked":["Double Energy","Redo","Lockon"],"picked":"Glacier","floor":10},{"not_picked":["Steam","Turbo","Beam Cell"],"picked":"Capacitor","floor":12},{"not_picked":["Leap","Chill","Go for the Eyes"],"picked":"Conserve Battery","floor":13},{"not_picked":["Redo","Conserve Battery","Beam Cell","FTL"],"picked":"Singing Bowl","floor":14},{"not_picked":["Meteor Strike","Biased Cognition","All For One"],"picked":"Creative AI","floor":16},{"not_picked":["Double Energy+1","Turbo+1","Heatsinks+1"],"picked":"Coolheaded+1","floor":18},{"not_picked":["Turbo","Streamline","Beam Cell","Leap+1"],"picked":"Singing Bowl","floor":22},{"not_picked":["Hyperbeam","Reinforced Body","Compile Driver","Leap"],"picked":"Singing Bowl","floor":24},{"not_picked":["FTL","Reprogram","Glacier","Lockon"],"picked":"Singing Bowl","floor":29},{"not_picked":["Steam Power","Barrage","Go for the Eyes"],"picked":"Amplify","floor":31},{"not_picked":["Core Surge","Creative AI","Thunder Strike"],"picked":"Fission","floor":33},{"not_picked":["Conserve Battery+1","Tempest","Chill"],"picked":"Heatsinks+1","floor":35},{"not_picked":["Cold Snap","Compile Driver","Steam Power+1"],"picked":"Hologram+1","floor":36},{"not_picked":["Biased Cognition","Redo","Recycle"],"picked":"Undo+1","floor":38},{"not_picked":["Gash","Ball Lightning","Aggregate"],"picked":"Defragment+1","floor":40},{"not_picked":["Steam+1","Beam Cell+1","Fusion"],"picked":"Loop","floor":41},{"not_picked":["Rip and Tear+1","Sweeping Beam","Hologram+1"],"picked":"Redo+1","floor":45},{"not_picked":["Scrape","Reinforced Body","Static Discharge","Rebound+1"],"picked":"Singing Bowl","floor":46},{"not_picked":["Gash+1","Conserve Battery+1","Stack+1","Steam+1"],"picked":"Singing Bowl","floor":47},{"not_picked":["Glacier+1","Turbo+1","All For One"],"picked":"White Noise+1","floor":48}],"player_experience":165083,"relics_obtained":[{"floor":7,"key":"Singing Bowl"},{"floor":9,"key":"Question Card"},{"floor":10,"key":"Letter Opener"},{"floor":20,"key":"Orichalcum"},{"floor":26,"key":"Ornamental Fan"},{"floor":29,"key":"DataDisk"},{"floor":31,"key":"Regal Pillow"},{"floor":40,"key":"The Courier"},{"floor":43,"key":"Bottled Lightning"},{"floor":45,"key":"Symbiotic Virus"},{"floor":48,"key":"Dream Catcher"}],"event_choices":[{"cards_removed":["Strike_B"],"damage_healed":0,"gold_gain":0,"player_choice":"Card Removal","damage_taken":0,"max_hp_gain":0,"max_hp_loss":0,"event_name":"The Cleric","floor":2,"gold_loss":50},{"damage_healed":0,"gold_gain":0,"player_choice":"Ignored","damage_taken":0,"max_hp_gain":0,"max_hp_loss":0,"event_name":"Liars Game","floor":8,"gold_loss":0},{"damage_healed":0,"gold_gain":0,"player_choice":"Upgraded","damage_taken":0,"max_hp_gain":0,"max_hp_loss":0,"event_name":"Upgrade Shrine","floor":21,"gold_loss":0,"cards_upgraded":["Creative AI"]},{"damage_healed":0,"gold_gain":0,"player_choice":"Became a vampire","damage_taken":0,"max_hp_gain":0,"max_hp_loss":25,"event_name":"Vampires","floor":28,"gold_loss":0,"cards_obtained":["Bite","Bite","Bite","Bite","Bite"]},{"damage_healed":0,"gold_gain":0,"player_choice":"Forge","damage_taken":0,"max_hp_gain":0,"max_hp_loss":0,"event_name":"Accursed Blacksmith","floor":39,"gold_loss":0,"cards_upgraded":["Recycle"]}],"is_beta":false,"boss_relics":[{"not_picked":["Fusion Hammer","Tiny House"],"picked":"Pandora\u0027s Box"},{"not_picked":["Empty Cage","Orrery"],"picked":"Coffee Dripper"}],"items_purged_floors":[37],"is_endless":false,"potions_floor_spawned":[1,10,13,16,29,31,36,41,45,47],"ascension_level":1}