{"gold_per_floor":[110,127,146,165,165,165,184,213,213,213,227,227,107,119,119,220,220,230,241,156,156,175,175,207,207,207,107,107,37,37,37,37,132,132,152,152,162,0,100,131,150,183,264,264],"floor_reached":44,"playtime":1746,"items_purged":["Strike_R","Strike_R"],"score":486,"play_id":"71a2c5f7-0f94-46ab-b650-abcc5eb19db2","local_time":"20190214170438","is_ascension_mode":false,"campfire_choices":[{"data":"Shrug It Off","floor":6.0,"key":"SMITH"},{"data":"Offering","floor":10.0,"key":"SMITH"},{"data":"True Grit","floor":12.0,"key":"SMITH"},{"data":"Body Slam","floor":15.0,"key":"SMITH"},{"data":"Sentinel","floor":23.0,"key":"SMITH"},{"data":"Immolate","floor":25.0,"key":"SMITH"},{"data":"Bash","floor":28.0,"key":"SMITH"},{"data":"Cleave","floor":30.0,"key":"SMITH"},{"data":"Clothesline","floor":32.0,"key":"SMITH"}],"neow_cost":"NONE","seed_source_timestamp":0,"circlet_count":0,"master_deck":["Strike_R","Strike_R","Strike_R","Defend_R","Defend_R","Defend_R","Defend_R","Bash+1","Cleave+1","Inflame","Twin Strike","Shrug It Off+1","Offering+1","True Grit+1","Sentinel+1","Clothesline+1","Body Slam+1","Immolate+1","Ghostly Armor","Power Through+1","Pummel+1","Metallicize+1","Bludgeon","Second Wind+1","Limit Break","Shockwave+1","Havoc+1"],"special_seed":0,"relics":["Burning Blood","NeowsBlessing","Ancient Tea Set","Meat on the Bone","Sozu","Frozen Egg 2","Bottled Lightning","Matryoshka","Fusion Hammer","Vajra","Shuriken","Red Mask","Question Card","Mercury Hourglass","Omamori","Kunai"],"potions_floor_usage":[],"damage_taken":[{"damage":0.0,"enemies":"Small Slimes","floor":1.0,"turns":1.0},{"damage":0.0,"enemies":"Cultist","floor":2.0,"turns":1.0},{"damage":0.0,"enemies":"Jaw Worm","floor":3.0,"turns":1.0},{"damage":17.0,"enemies":"Large Slime","floor":4.0,"turns":6.0},{"damage":10.0,"enemies":"Exordium Wildlife","floor":7.0,"turns":3.0},{"damage":19.0,"enemies":"Gremlin Nob","floor":8.0,"turns":4.0},{"damage":5.0,"enemies":"Red Slaver","floor":11.0,"turns":4.0},{"damage":4.0,"enemies":"Looter","floor":14.0,"turns":4.0},{"damage":47.0,"enemies":"Hexaghost","floor":16.0,"turns":11.0},{"damage":10.0,"enemies":"Chosen","floor":18.0,"turns":4.0},{"damage":6.0,"enemies":"Spheric Guardian","floor":19.0,"turns":4.0},{"damage":27.0,"enemies":"Chosen and Byrds","floor":22.0,"turns":6.0},{"damage":6.0,"enemies":"Slavers","floor":24.0,"turns":5.0},{"damage":33.0,"enemies":"Collector","floor":33.0,"turns":11.0},{"damage":1,"enemies":"3 Darklings","floor":35,"turns":4},{"damage":0,"enemies":"3 Shapes","floor":37,"turns":3},{"damage":23,"enemies":"Nemesis","floor":40,"turns":7},{"damage":6,"enemies":"Sphere and 2 Shapes","floor":41,"turns":3},{"damage":50,"enemies":"Giant Head","floor":42,"turns":8},{"damage":39,"enemies":"Reptomancer","floor":44,"turns":5}],"seed_played":"6829237589058915881","potions_obtained":[{"floor":2.0,"key":"Energy Potion"},{"floor":4.0,"key":"SpeedPotion"},{"floor":14.0,"key":"Energy Potion"}],"is_trial":false,"path_per_floor":["M","M","M","M","?","R","M","E","T","R","M","R","$","M","R","B",null,"M","M","?","?","M","R","E","R","T","$","R","$","R","$","R","B",null,"M","T","M","?","?","E","M","E","T","E"],"character_chosen":"IRONCLAD","items_purchased":["Clothesline","Metallicize+1"],"campfire_rested":0,"item_purchase_floors":[13,29],"current_hp_per_floor":[80,80,80,69,69,69,65,52,52,52,53,53,53,55,55,26,80,76,76,76,61,52,52,52,52,52,52,52,52,52,52,52,37,85,85,85,85,85,85,68,68,36,36,0],"gold":264,"neow_bonus":"THREE_ENEMY_KILL","is_prod":false,"is_daily":false,"chose_seed":false,"campfire_upgraded":9,"win_rate":0,"timestamp":1550131478,"path_taken":["M","M","M","M","?","R","?","E","T","R","M","R","$","M","R","BOSS","M","M","?","?","M","R","E","R","T","$","R","$","R","?","R","BOSS","M","?","M","?","?","E","?","E","T","E"],"build_version":"2019-01-23","purchased_purges":2,"victory":false,"max_hp_per_floor":[80,80,80,80,80,80,80,80,80,80,80,80,80,80,80,80,80,80,80,80,85,85,85,85,85,85,85,85,85,85,85,85,85,85,85,85,85,85,85,85,85,85,85,85],"card_choices":[{"not_picked":["Rampage","Wild Strike"],"picked":"Cleave","floor":1.0},{"not_picked":["Perfected Strike","Twin Strike"],"picked":"Inflame","floor":2.0},{"not_picked":["Cleave","Body Slam"],"picked":"Twin Strike","floor":3.0},{"not_picked":["Twin Strike","Heavy Blade"],"picked":"Shrug It Off","floor":4.0},{"not_picked":["Cleave","Feel No Pain"],"picked":"Offering","floor":7.0},{"not_picked":["Offering","Havoc"],"picked":"True Grit","floor":8.0},{"not_picked":["Iron Wave","Rupture"],"picked":"Sentinel","floor":11.0},{"not_picked":["Thunderclap","Spot Weakness"],"picked":"Body Slam","floor":14.0},{"not_picked":["Exhume","Brutality"],"picked":"Immolate","floor":16.0},{"not_picked":["Pommel Strike","Heavy Blade"],"picked":"Ghostly Armor","floor":18.0},{"not_picked":["Sever Soul","Ghostly Armor+1"],"picked":"Power Through+1","floor":19.0},{"not_picked":["Sentinel+1","Shockwave"],"picked":"Pummel+1","floor":22.0},{"not_picked":["Iron Wave","Clothesline+1","Anger+1"],"picked":"SKIP","floor":24.0},{"not_picked":["Brutality+1","Exhume"],"picked":"Bludgeon","floor":33.0},{"not_picked":["Searing Blow+1","Hemokinesis+1","Perfected Strike"],"picked":"SKIP","floor":35},{"not_picked":["Thunderclap","Sword Boomerang"],"picked":"Second Wind+1","floor":37},{"not_picked":["Body Slam","Armaments"],"picked":"Limit Break","floor":40},{"not_picked":["Fire Breathing+1","Anger","Clash"],"picked":"Shockwave+1","floor":41},{"not_picked":["Cleave","Iron Wave","Twin Strike"],"picked":"Havoc+1","floor":42}],"player_experience":242415,"relics_obtained":[{"floor":8.0,"key":"Ancient Tea Set"},{"floor":9.0,"key":"Meat on the Bone"},{"floor":24.0,"key":"Bottled Lightning"},{"floor":26.0,"key":"Matryoshka"},{"floor":36,"key":"Vajra"},{"floor":36,"key":"Shuriken"},{"floor":40,"key":"Question Card"},{"floor":42,"key":"Mercury Hourglass"},{"floor":43,"key":"Omamori"},{"floor":43,"key":"Kunai"}],"event_choices":[{"damage_healed":0.0,"max_hp_gain":0.0,"max_hp_loss":0.0,"gold_gain":0.0,"event_name":"NoteForYourself","player_choice":"Ignored","floor":5.0,"gold_loss":0.0,"damage_taken":0.0},{"damage_healed":0.0,"max_hp_gain":0.0,"max_hp_loss":0.0,"gold_gain":0.0,"event_name":"Addict","player_choice":"Obtained Relic","floor":20.0,"gold_loss":85.0,"damage_taken":0.0,"relics_obtained":["Frozen Egg 2"]},{"damage_healed":0.0,"max_hp_gain":5.0,"max_hp_loss":0.0,"gold_gain":0.0,"event_name":"Forgotten Altar","player_choice":"Shed Blood","floor":21.0,"gold_loss":0.0,"damage_taken":20.0},{"damage_healed":0,"gold_gain":0,"player_choice":"Paid","damage_taken":0,"relics_obtained":["Red Mask"],"max_hp_gain":0,"max_hp_loss":0,"event_name":"Tomb of Lord Red Mask","floor":38,"gold_loss":162},{"damage_healed":0,"gold_gain":100,"player_choice":"Pray","damage_taken":0,"max_hp_gain":0,"max_hp_loss":0,"event_name":"Golden Shrine","floor":39,"gold_loss":0}],"is_beta":false,"boss_relics":[{"not_picked":["Lizard Tail","Philosopher\u0027s Stone"],"picked":"Sozu"},{"not_picked":["Busted Crown","Snecko Eye"],"picked":"Fusion Hammer"}],"items_purged_floors":[13,27],"is_endless":false,"potions_floor_spawned":[2,4,14,22,33,35,40,41,42],"killed_by":"Reptomancer","ascension_level":0}