{"gold_per_floor":[114,126,140,152,77,77,93,108,134,146,157,176,210,230,230,330,330,319,334],"floor_reached":19,"playtime":991,"items_purged":["Strike_B"],"score":204,"play_id":"ab8a8906-6a56-45a5-948d-029ea677577e","local_time":"20190820132327","is_ascension_mode":false,"campfire_choices":[{"data":"Zap","floor":6.0,"key":"SMITH"},{"floor":15.0,"key":"REST"}],"neow_cost":"NONE","seed_source_timestamp":0,"circlet_count":0,"master_deck":["Strike_B","Strike_B","Defend_B","Defend_B","Defend_B","Defend_B","Zap+1","Dualcast","Ball Lightning","Conserve Battery","Coolheaded","Ball Lightning","Leap","Chaos","Streamline","Leap","Chaos","Thunder Strike","Beam Cell","Buffer"],"special_seed":0,"relics":["Cracked Core","Oddly Smooth Stone","Lizard Tail"],"potions_floor_usage":[],"damage_taken":[{"damage":4.0,"enemies":"Cultist","floor":1.0,"turns":5.0},{"damage":0.0,"enemies":"Small Slimes","floor":2.0,"turns":2.0},{"damage":0.0,"enemies":"Jaw Worm","floor":3.0,"turns":3.0},{"damage":20.0,"enemies":"Gremlin Gang","floor":4.0,"turns":4.0},{"damage":6.0,"enemies":"Lots of Slimes","floor":7.0,"turns":3.0},{"damage":0.0,"enemies":"Looter","floor":8.0,"turns":3.0},{"damage":0.0,"enemies":"Blue Slaver","floor":10.0,"turns":3.0},{"damage":14.0,"enemies":"Large Slime","floor":11.0,"turns":7.0},{"damage":3.0,"enemies":"Lots of Slimes","floor":12.0,"turns":3.0},{"damage":0.0,"enemies":"3 Sentries","floor":13.0,"turns":5.0},{"damage":0.0,"enemies":"3 Louse","floor":14.0,"turns":2.0},{"damage":25.0,"enemies":"The Guardian","floor":16.0,"turns":12.0},{"damage":28.0,"enemies":"2 Thieves","floor":18.0,"turns":4.0},{"damage":2.0,"enemies":"Chosen","floor":19.0,"turns":5.0}],"seed_played":"-7943313528270451250","potions_obtained":[{"floor":1.0,"key":"Strength Potion"},{"floor":4.0,"key":"FearPotion"},{"floor":8.0,"key":"SmokeBomb"},{"floor":10.0,"key":"AttackPotion"},{"floor":13.0,"key":"Block Potion"},{"floor":18.0,"key":"SkillPotion"}],"is_trial":false,"path_per_floor":["M","M","M","M","$","R","M","M","T","M","M","M","E","M","R","B",null,"M","M"],"character_chosen":"DEFECT","items_purchased":[],"campfire_rested":1,"item_purchase_floors":[],"current_hp_per_floor":[71,71,71,51,51,51,45,45,45,45,31,28,28,28,50,25,75,47,45],"gold":334,"neow_bonus":"REMOVE_CARD","is_prod":false,"is_daily":false,"chose_seed":false,"campfire_upgraded":1,"win_rate":0,"timestamp":1566275007,"path_taken":["M","M","M","M","?","R","M","M","T","M","M","M","E","M","R","BOSS","M","?"],"build_version":"2019-07-17","purchased_purges":1,"victory":false,"max_hp_per_floor":[75,75,75,75,75,75,75,75,75,75,75,75,75,75,75,75,75,75,75],"card_choices":[{"not_picked":["Consume","Sunder"],"picked":"Ball Lightning","floor":1.0},{"not_picked":["Fusion","Sweeping Beam"],"picked":"Conserve Battery","floor":2.0},{"not_picked":["Stack","Scrape"],"picked":"Coolheaded","floor":3.0},{"not_picked":["Turbo","Hello World"],"picked":"Ball Lightning","floor":4.0},{"not_picked":["Redo","Defragment"],"picked":"Leap","floor":7.0},{"not_picked":["Conserve Battery","Auto Shields"],"picked":"Chaos","floor":8.0},{"not_picked":["Stack","Sweeping Beam"],"picked":"Streamline","floor":10.0},{"not_picked":["Beam Cell","Sweeping Beam"],"picked":"Leap","floor":11.0},{"not_picked":["Compile Driver","FTL"],"picked":"Chaos","floor":12.0},{"not_picked":["Cold Snap","Turbo"],"picked":"Thunder Strike","floor":13.0},{"not_picked":["Streamline","Melter"],"picked":"Beam Cell","floor":14.0},{"not_picked":["Seek","Biased Cognition"],"picked":"Buffer","floor":16.0},{"not_picked":["Scrape+1","Go for the Eyes","Sweeping Beam"],"picked":"SKIP","floor":18.0},{"not_picked":["Storm","White Noise","Streamline"],"picked":"SKIP","floor":19}],"player_experience":269465,"relics_obtained":[{"floor":13.0,"key":"Oddly Smooth Stone"}],"event_choices":[],"is_beta":false,"boss_relics":[{"not_picked":["Ectoplasm","Snecko Eye"],"picked":"Lizard Tail"}],"items_purged_floors":[5],"is_endless":false,"potions_floor_spawned":[1,4,8,10,11,13,14,18],"killed_by":"Chosen","ascension_level":0}