{"gold_per_floor":[110,285,302,302,317,317,353,428,455,455,470,486,510,154,154,275,275,293,318,318,318,318],"floor_reached":22,"playtime":1089,"items_purged":["Doubt"],"score":195,"play_id":"209fe38a-fb62-4647-a755-70823ab52069","local_time":"20190601145647","is_ascension_mode":true,"campfire_choices":[{"floor":6,"key":"RECALL"},{"floor":10,"key":"REST"},{"floor":15,"key":"REST"}],"neow_cost":"NONE","seed_source_timestamp":18851511384141,"circlet_count":0,"master_deck":["Defend_G","Defend_G","Defend_G","Defend_G","Defend_G","Strike_G","Strike_G","Strike_G","Strike_G","Strike_G","Survivor","Neutralize","Corpse Explosion","Backflip","Deadly Poison","Caltrops","Dodge and Roll","Cloak And Dagger","Burst","Well Laid Plans","Endless Agony","A Thousand Cuts","Noxious Fumes+1"],"relics":["Ring of the Serpent","Bloody Idol","Lantern","Vajra","Toolbox"],"potions_floor_usage":[16,16,20,20],"damage_taken":[{"damage":0,"enemies":"Cultist","floor":1,"turns":4},{"damage":2,"enemies":"Small Slimes","floor":3,"turns":6},{"damage":0,"enemies":"2 Louse","floor":5,"turns":2},{"damage":34,"enemies":"3 Sentries","floor":7,"turns":6},{"damage":1,"enemies":"Looter","floor":11,"turns":4},{"damage":2,"enemies":"2 Fungi Beasts","floor":12,"turns":3},{"damage":1,"enemies":"Blue Slaver","floor":13,"turns":4},{"damage":22,"enemies":"The Guardian","floor":16,"turns":8},{"damage":21,"enemies":"3 Byrds","floor":18,"turns":4},{"damage":6,"enemies":"Chosen","floor":19,"turns":5},{"damage":19,"enemies":"Colosseum Slavers","floor":20,"turns":5},{"damage":25,"enemies":"Shelled Parasite and Fungi","floor":22,"turns":3}],"seed_played":"-1873348922921677820","potions_obtained":[{"floor":7,"key":"Block Potion"},{"floor":11,"key":"Strength Potion"},{"floor":12,"key":"Poison Potion"},{"floor":16,"key":"Energy Potion"},{"floor":18,"key":"Strength Potion"}],"is_trial":false,"path_per_floor":["M","?","M","?","M","R","E","?","T","R","M","M","M","$","R","B",null,"M","M","?","?","M"],"character_chosen":"THE_SILENT","items_purchased":["Toolbox","Endless Agony"],"campfire_rested":2,"item_purchase_floors":[14,14],"current_hp_per_floor":[70,70,68,51,51,51,17,6,6,27,26,24,23,23,44,22,70,49,43,24,24,0],"gold":318,"neow_bonus":"ONE_RANDOM_RARE_CARD","is_prod":false,"is_daily":false,"chose_seed":false,"campfire_upgraded":0,"win_rate":0,"timestamp":1559415407,"path_taken":["M","?","M","?","M","R","E","?","T","R","M","M","M","$","R","BOSS","M","M","?","?","M"],"build_version":"2019-01-23","purchased_purges":1,"victory":false,"max_hp_per_floor":[70,70,70,70,70,70,70,70,70,70,70,70,70,70,70,70,70,70,70,70,70,70],"card_choices":[{"not_picked":["Blade Dance","Terror"],"picked":"Backflip","floor":1},{"not_picked":["Expertise","Quick Slash"],"picked":"Deadly Poison","floor":3},{"not_picked":["Finisher","Dagger Spray"],"picked":"Caltrops","floor":5},{"not_picked":["All Out Attack","Acrobatics"],"picked":"Dodge and Roll","floor":7},{"not_picked":["Prepared","Dagger Spray"],"picked":"Cloak And Dagger","floor":11},{"not_picked":["Blade Dance","Outmaneuver"],"picked":"Burst","floor":12},{"not_picked":["Prepared","Terror"],"picked":"Well Laid Plans","floor":13},{"not_picked":["Storm of Steel","Burst"],"picked":"A Thousand Cuts","floor":16},{"not_picked":["Underhanded Strike","Blade Dance"],"picked":"Noxious Fumes+1","floor":18},{"not_picked":["Outmaneuver","Underhanded Strike+1","Dagger Spray"],"picked":"SKIP","floor":19}],"player_experience":61475,"relics_obtained":[{"floor":7,"key":"Lantern"},{"floor":9,"key":"Vajra"}],"event_choices":[{"damage_healed":0,"gold_gain":175,"player_choice":"AGREE","damage_taken":0,"max_hp_gain":0,"max_hp_loss":0,"event_name":"Liars Game","floor":2,"gold_loss":0,"cards_obtained":["Doubt"]},{"damage_healed":0,"gold_gain":0,"player_choice":"Take Damage","damage_taken":17,"relics_obtained":["Golden Idol"],"max_hp_gain":0,"max_hp_loss":0,"event_name":"Golden Idol","floor":4,"gold_loss":0},{"damage_healed":0,"gold_gain":75,"player_choice":"Gather Gold","damage_taken":11,"max_hp_gain":0,"max_hp_loss":0,"event_name":"World of Goop","floor":8,"gold_loss":0},{"damage_healed":0,"gold_gain":0,"player_choice":"Fight","damage_taken":0,"max_hp_gain":0,"max_hp_loss":0,"event_name":"Colosseum","floor":20,"gold_loss":0},{"damage_healed":0,"gold_gain":0,"player_choice":"Fled From Nobs","damage_taken":0,"max_hp_gain":0,"max_hp_loss":0,"event_name":"Colosseum","floor":20,"gold_loss":0},{"damage_healed":0,"gold_gain":0,"player_choice":"Gave Idol","damage_taken":0,"relics_obtained":["Bloody Idol"],"max_hp_gain":0,"max_hp_loss":0,"event_name":"Forgotten Altar","floor":21,"relics_lost":["Golden Idol"],"gold_loss":0}],"is_beta":false,"boss_relics":[{"not_picked":["Empty Cage","Coffee Dripper"],"picked":"Ring of the Serpent"}],"items_purged_floors":[14],"is_endless":false,"potions_floor_spawned":[7,11,12,16,18],"killed_by":"Shelled Parasite and Fungi","ascension_level":1}