{"path_per_floor":["M","M","M","?","M","R","M","E","T","?"],"character_chosen":"DEFECT","items_purchased":[],"gold_per_floor":[109,124,138,118,135,135,154,186,186,186,186],"floor_reached":11,"campfire_rested":0,"playtime":717,"item_purchase_floors":[],"current_hp_per_floor":[70,70,58,58,54,54,34,1,1,1,0],"items_purged":[],"gold":186,"score":83,"play_id":"aaca2d3a-2c92-47fb-8fa1-e080c6caa767","local_time":"20180613212057","is_prod":false,"is_daily":false,"chose_seed":false,"is_ascension_mode":true,"campfire_upgraded":1,"win_rate":0,"timestamp":1528917657,"campfire_choices":[{"data":"Zap","floor":6,"key":"SMITH"}],"path_taken":["M","M","M","?","M","R","M","E","T","?","M"],"build_version":"2018-06-13","seed_source_timestamp":10457132743250,"purchased_purges":0,"victory":false,"master_deck":["Strike_B","Strike_B","Strike_B","Strike_B","Defend_B","Defend_B","Defend_B","Defend_B","Zap+1","Dualcast","Chaos","Undo","Sweeping Beam","Tempest","Reinforced Body"],"max_hp_per_floor":[75,75,75,75,75,75,75,75,75,75,75],"special_seed":0,"relics":["Inserter","Matryoshka","Vajra","Shuriken"],"card_choices":[{"not_picked":["Fusion","Streamline","Leap"],"picked":"SKIP","floor":1},{"not_picked":["Go for the Eyes","Stack"],"picked":"Chaos","floor":2},{"not_picked":["Consume","Turbo"],"picked":"Undo","floor":3},{"not_picked":["Undo","Steam Power"],"picked":"Sweeping Beam","floor":5},{"not_picked":["Compile Driver","Cold Snap"],"picked":"Tempest","floor":7},{"not_picked":["Rebound","Genetic Algorithm"],"picked":"Reinforced Body","floor":8}],"player_experience":181734,"potions_floor_usage":[7,7,8,11,11],"damage_taken":[{"damage":5,"enemies":"2 Louse","floor":1,"turns":4},{"damage":0,"enemies":"Cultist","floor":2,"turns":4},{"damage":12,"enemies":"Small Slimes","floor":3,"turns":3},{"damage":4,"enemies":"2 Fungi Beasts","floor":5,"turns":3},{"damage":25,"enemies":"Gremlin Gang","floor":7,"turns":3},{"damage":33,"enemies":"Lagavulin","floor":8,"turns":6},{"damage":1,"enemies":"Large Slime","floor":11,"turns":8}],"relics_obtained":[{"floor":8,"key":"Matryoshka"},{"floor":9,"key":"Vajra"},{"floor":9,"key":"Shuriken"}],"event_choices":[{"event_name":"The Woman in Blue","player_choice":"Bought 1 Potion","floor":4,"damage_taken":0},{"event_name":"Accursed Blacksmith","player_choice":"Ignore","floor":10,"damage_taken":0}],"boss_relics":[],"items_purged_floors":[],"potions_floor_spawned":[1,3,7,8],"seed_played":"4636633542022791818","killed_by":"Large Slime","ascension_level":2,"potions_obtained":[{"floor":1,"key":"Swift Potion"},{"floor":3,"key":"Regen Potion"},{"floor":4,"key":"GamblersBrew"},{"floor":7,"key":"Poison Potion"},{"floor":8,"key":"Weak Potion"}],"is_trial":false}