{"path_per_floor":["M","?","M","M","M","E","?","R","T","M","$","M","M","M","R"],"character_chosen":"THE_SILENT","items_purchased":["Dagger Throw","Acrobatics"],"gold_per_floor":[117,117,134,147,167,201,201,201,254,267,119,135,150,160,160],"floor_reached":16,"campfire_rested":2,"playtime":1353,"current_hp_per_floor":[69,66,66,64,64,10,3,24,24,21,21,21,16,16,37],"items_purged":["Strike_G"],"gold":160,"score":106,"play_id":"e3d528b6-0a48-4e30-8b09-97045bdbec2a","is_prod":false,"is_daily":false,"is_ascension_mode":false,"campfire_upgraded":0,"path_taken":["M","?","?","M","M","E","?","R","T","M","$","M","?","M","R","BOSS"],"build_version":"2018-02-05-BETA1","purchased_purges":1,"victory":false,"master_deck":["Defend_G","Defend_G","Defend_G","Defend_G","Defend_G","Strike_G","Strike_G","Strike_G","Strike_G","Survivor","Neutralize","Burst","Outmaneuver","Underhanded Strike","Dagger Throw","Underhanded Strike","Acrobatics","Acrobatics","Dagger Throw","Acrobatics","Well Laid Plans","Dagger Throw"],"max_hp_per_floor":[70,70,70,70,70,70,70,70,70,70,70,70,70,70,70],"relics":["Ring of the Snake","Letter Opener","Bag of Preparation","Anchor"],"card_choices":[{"not_picked":["Quick Slash","Well Laid Plans"],"picked":"Outmaneuver"},{"not_picked":["Quick Slash","Footwork"],"picked":"Underhanded Strike"},{"not_picked":["Well Laid Plans","Underhanded Strike"],"picked":"Dagger Throw"},{"not_picked":["Quick Slash","Catalyst"],"picked":"Underhanded Strike"},{"not_picked":["Quick Slash","Doppelganger"],"picked":"Acrobatics"},{"not_picked":["Slice","Predator"],"picked":"Acrobatics"},{"not_picked":["Bane","Slice"],"picked":"Well Laid Plans"},{"not_picked":["Cloak And Dagger","Dash"],"picked":"Dagger Throw"}],"player_experience":80072,"potions_floor_usage":[5,6,16,16],"damage_taken":[{"damage":1,"enemies":"Jaw Worm","floor":1,"turns":6},{"damage":0,"enemies":"Small Slimes","floor":3,"turns":4},{"damage":2,"enemies":"Blue Slaver","floor":4,"turns":5},{"damage":0,"enemies":"2 Fungi Beasts","floor":5,"turns":4},{"damage":54,"enemies":"Gremlin Nob","floor":6,"turns":7},{"damage":3,"enemies":"Lots of Slimes","floor":10,"turns":5},{"damage":0,"enemies":"3 Louse","floor":12,"turns":3},{"damage":5,"enemies":"Exordium Thugs","floor":13,"turns":5},{"damage":0,"enemies":"Lots of Slimes","floor":14,"turns":3},{"damage":56,"enemies":"Hexaghost","floor":16,"turns":10}],"event_choices":[{"event_name":"Scrap Ooze","player_choice":"success","floor":2,"damage_taken":3},{"event_name":"Wheel of Change","player_choice":"Damage","floor":7,"damage_taken":0}],"boss_relics":[],"potions_floor_spawned":[3,5,12,13],"seed_played":"-8391227164693379671","killed_by":"Hexaghost","ascension_level":0,"is_trial":false}