{"path_per_floor":["M","M","$","M","M","R","M","M","T","$","M","?","E","M","R","B",null,"M","M","$","T","M","E","R"],"character_chosen":"THE_SILENT","items_purchased":["Bandage Up","SteroidPotion"],"gold_per_floor":[115,126,51,66,76,76,87,101,101,12,24,24,49,67,67,168,168,181,191,40,40,58,89,89,89],"floor_reached":25,"campfire_rested":2,"playtime":1606,"current_hp_per_floor":[64,54,54,54,54,54,45,39,39,39,43,36,24,28,49,25,70,69,63,63,63,44,3,24,0],"items_purged":["Injury","Storm of Steel"],"gold":89,"score":227,"play_id":"fb8e59a5-6f61-4a1c-a499-5b679de31057","local_time":"20180513075308","is_prod":false,"is_daily":false,"chose_seed":false,"is_ascension_mode":false,"campfire_upgraded":1,"timestamp":1526215988,"path_taken":["M","M","$","M","M","R","?","M","T","?","?","?","E","?","R","BOSS","M","M","$","?","M","E","R","E"],"build_version":"2018-05-10","seed_source_timestamp":386316764739976,"purchased_purges":4,"victory":false,"master_deck":["Defend_G","Defend_G","Defend_G","Defend_G","Strike_G","Strike_G","Strike_G","Strike_G","Survivor","Neutralize","Masterful Stab","Slice","Endless Agony","Prepared+1","Calculated Gamble","Bandage Up","Slice","After Image"],"max_hp_per_floor":[70,70,70,70,70,70,70,70,70,70,70,70,70,70,70,70,70,70,70,70,70,70,70,70,70],"relics":["Ring of the Snake","Shuriken","Lantern","Black Star","Toolbox","Ornamental Fan","Dodecahedron"],"card_choices":[{"not_picked":["Dagger Throw","Outmaneuver"],"picked":"Slice","floor":1},{"not_picked":["Prepared","Poisoned Stab"],"picked":"Endless Agony","floor":4},{"not_picked":["Dagger Throw","A Thousand Cuts"],"picked":"Prepared","floor":5},{"not_picked":["Prepared","Quick Slash"],"picked":"Calculated Gamble","floor":8},{"not_picked":["Flechettes","Prepared"],"picked":"Slice","floor":13},{"not_picked":["Choke","Backflip"],"picked":"After Image","floor":14},{"not_picked":["Phantasmal Killer","Wraith Form v2"],"picked":"Storm of Steel","floor":16}],"player_experience":147065,"potions_floor_usage":[13,14,16,18,22,23,23],"damage_taken":[{"damage":6,"enemies":"Cultist","floor":1,"turns":4},{"damage":10,"enemies":"2 Louse","floor":2,"turns":4},{"damage":0,"enemies":"Small Slimes","floor":4,"turns":3},{"damage":0,"enemies":"Exordium Wildlife","floor":5,"turns":3},{"damage":9,"enemies":"Blue Slaver","floor":7,"turns":4},{"damage":6,"enemies":"Exordium Thugs","floor":8,"turns":4},{"damage":0,"enemies":"Lots of Slimes","floor":11,"turns":3},{"damage":16,"enemies":"Lagavulin","floor":13,"turns":7},{"damage":0,"enemies":"3 Louse","floor":14,"turns":2},{"damage":28,"enemies":"Hexaghost","floor":16,"turns":7},{"damage":1,"enemies":"3 Byrds","floor":18,"turns":6},{"damage":7,"enemies":"Shell Parasite","floor":19,"turns":8},{"damage":32,"enemies":"Snake Plant","floor":22,"turns":7},{"damage":45,"enemies":"Gremlin Leader","floor":23,"turns":7},{"damage":32,"enemies":"Slavers","floor":25,"turns":3}],"event_choices":[{"event_name":"Golden Wing","player_choice":"Card Removal","floor":12,"damage_taken":0}],"boss_relics":[{"not_picked":["Ectoplasm","White Beast Statue"],"picked":"Black Star"}],"potions_floor_spawned":[4,5,13,14,16,19],"seed_played":"8403121633577467026","killed_by":"Slavers","ascension_level":0,"is_trial":false}