{"gold_per_floor":[13,33,47,47,47,47,63,93,93,93,93,103,103,130,130,130],"floor_reached":16,"playtime":859,"items_purged":[],"score":163,"play_id":"7dccf28c-775f-4b63-9cd2-d0f8111a9bc9","local_time":"20180715204235","is_ascension_mode":true,"campfire_choices":[{"data":"Bash","floor":6,"key":"SMITH"},{"data":"Flex","floor":11,"key":"SMITH"},{"floor":13,"key":"REST"},{"floor":15,"key":"REST"}],"neow_cost":"NO_GOLD","seed_source_timestamp":24077658588626,"circlet_count":0,"master_deck":["Strike_R","Strike_R","Strike_R","Defend_R","Defend_R","Defend_R","Bash+1","Flex","Flex+1","Uppercut"],"relics":["Burning Blood","Matryoshka","Pear","Bottled Flame","Anchor"],"potions_floor_usage":[8,14,16],"damage_taken":[{"damage":3,"enemies":"Jaw Worm","floor":1,"turns":6},{"damage":1,"enemies":"2 Louse","floor":2,"turns":2},{"damage":7,"enemies":"Small Slimes","floor":3,"turns":5},{"damage":15,"enemies":"Gremlin Gang","floor":7,"turns":7},{"damage":56,"enemies":"Gremlin Nob","floor":8,"turns":5},{"damage":8,"enemies":"Blue Slaver","floor":12,"turns":4},{"damage":25,"enemies":"Lagavulin","floor":14,"turns":5},{"damage":71,"enemies":"Slime Boss","floor":16,"turns":9}],"seed_played":"4386992937406580613","potions_obtained":[{"floor":3,"key":"SpeedPotion"},{"floor":7,"key":"Ancient Potion"},{"floor":8,"key":"Swift Potion"},{"floor":14,"key":"PowerPotion"}],"is_trial":false,"path_per_floor":["M","M","M","?","$","R","M","E","T","?","R","M","R","E","R"],"character_chosen":"IRONCLAD","items_purchased":[],"campfire_rested":2,"item_purchase_floors":[],"current_hp_per_floor":[80,80,79,84,84,84,75,25,35,28,28,26,54,35,63,0],"gold":130,"neow_bonus":"REMOVE_TWO","is_prod":false,"is_daily":false,"chose_seed":false,"campfire_upgraded":2,"win_rate":0,"timestamp":1531680155,"path_taken":["M","M","M","?","$","R","?","E","T","?","R","M","R","E","R","BOSS"],"build_version":"2018-07-13","purchased_purges":0,"victory":false,"max_hp_per_floor":[80,80,80,85,85,85,85,85,95,95,95,95,95,95,95,95],"card_choices":[{"not_picked":["Twin Strike","Headbutt","Second Wind"],"picked":"SKIP","floor":1},{"not_picked":["Second Wind","Anger","Havoc"],"picked":"SKIP","floor":2},{"not_picked":["Heavy Blade","Shrug It Off","Disarm"],"picked":"SKIP","floor":3},{"not_picked":["Havoc","Thunderclap"],"picked":"Flex","floor":7},{"not_picked":["Heavy Blade","Cleave"],"picked":"Flex","floor":8},{"not_picked":["Brutality","Flex","Heavy Blade"],"picked":"SKIP","floor":12},{"not_picked":["Headbutt","Blood for Blood"],"picked":"Uppercut","floor":14}],"player_experience":260180,"relics_obtained":[{"floor":8,"key":"Matryoshka"},{"floor":9,"key":"Pear"},{"floor":9,"key":"Bottled Flame"},{"floor":14,"key":"Anchor"}],"event_choices":[{"event_name":"Big Fish","player_choice":"Donut","floor":4,"damage_taken":0},{"event_name":"Golden Wing","player_choice":"Card Removal","floor":10,"damage_taken":0}],"boss_relics":[],"items_purged_floors":[],"is_endless":false,"potions_floor_spawned":[3,7,8,14],"killed_by":"Slime Boss","ascension_level":5}