{"gold_per_floor":[119,137,157,232,232,232,261,261,287,287,305,317,344,357,357,462,462,472,472,96,96,109,109],"floor_reached":23,"playtime":907,"items_purged":["Defend_B"],"score":221,"play_id":"9693b94b-63db-450c-8ac9-0198abda5faf","local_time":"20190206172829","is_ascension_mode":true,"campfire_choices":[{"data":"Zap","floor":6,"key":"SMITH"},{"data":"Dualcast","floor":10,"key":"SMITH"},{"floor":15,"key":"REST"}],"neow_cost":"NONE","seed_source_timestamp":805574066661638,"circlet_count":0,"master_deck":["Strike_B","Strike_B","Strike_B","Defend_B","Defend_B","Defend_B","Zap+1","Dualcast+1","Loop","Chaos","Skim","Ball Lightning","Capacitor","Sunder","Consume","Coolheaded","Creative AI","Stack","Amplify","Chaos+1"],"relics":["Cracked Core","Juzu Bracelet","Pen Nib","Black Star","Nloth\u0027s Gift","DataDisk"],"potions_floor_usage":[7,16,21,23],"damage_taken":[{"damage":0,"enemies":"2 Louse","floor":1,"turns":2},{"damage":0,"enemies":"Small Slimes","floor":2,"turns":3},{"damage":1,"enemies":"Cultist","floor":3,"turns":3},{"damage":38,"enemies":"Gremlin Nob","floor":7,"turns":4},{"damage":2,"enemies":"2 Fungi Beasts","floor":11,"turns":4},{"damage":1,"enemies":"3 Louse","floor":12,"turns":3},{"damage":17,"enemies":"Lagavulin","floor":13,"turns":6},{"damage":7,"enemies":"Looter","floor":14,"turns":3},{"damage":5,"enemies":"The Guardian","floor":16,"turns":8},{"damage":25,"enemies":"3 Byrds","floor":18,"turns":4},{"damage":32,"enemies":"Colosseum Slavers","floor":21,"turns":5},{"damage":23,"enemies":"Shell Parasite","floor":22,"turns":5},{"damage":10,"enemies":"Book of Stabbing","floor":23,"turns":1}],"seed_played":"-8259521079707795449","potions_obtained":[{"floor":1,"key":"FocusPotion"},{"floor":2,"key":"Swift Potion"},{"floor":7,"key":"GamblersBrew"},{"floor":22,"key":"Energy Potion"}],"is_trial":false,"path_per_floor":["M","M","M","?","?","R","E","?","T","R","M","M","E","M","R","B",null,"M","?","$","?","M","E"],"character_chosen":"DEFECT","items_purchased":["DataDisk","Amplify"],"campfire_rested":1,"item_purchase_floors":[20,20],"current_hp_per_floor":[82,82,81,70,70,70,32,25,32,32,30,29,12,5,31,26,89,64,64,64,32,9,0],"gold":109,"neow_bonus":"TEN_PERCENT_HP_BONUS","is_prod":false,"is_daily":false,"chose_seed":false,"campfire_upgraded":2,"win_rate":0,"timestamp":1549441709,"path_taken":["M","M","M","?","?","R","E","?","T","R","M","M","E","M","R","BOSS","M","?","?","?","M","E"],"build_version":"2019-01-23","purchased_purges":1,"victory":false,"max_hp_per_floor":[82,82,82,82,82,82,82,82,89,89,89,89,89,89,89,89,89,89,89,89,89,89,89],"card_choices":[{"not_picked":["Steam Power","Defragment"],"picked":"Loop","floor":1},{"not_picked":["Gash","Beam Cell"],"picked":"Chaos","floor":2},{"not_picked":["Hologram","Barrage"],"picked":"Skim","floor":3},{"not_picked":["Streamline","Chaos"],"picked":"Ball Lightning","floor":7},{"not_picked":["Conserve Battery","Hologram"],"picked":"Capacitor","floor":11},{"not_picked":["Hologram","Streamline"],"picked":"Sunder","floor":12},{"not_picked":["Fission","Gash"],"picked":"Consume","floor":13},{"not_picked":["Fusion","Ball Lightning"],"picked":"Coolheaded","floor":14},{"not_picked":["Hyperbeam","Buffer"],"picked":"Creative AI","floor":16},{"not_picked":["Skim","Tempest+1"],"picked":"Stack","floor":18},{"not_picked":["Coolheaded","Cold Snap"],"picked":"Chaos+1","floor":22}],"player_experience":175696,"relics_obtained":[{"floor":7,"key":"Juzu Bracelet"},{"floor":9,"key":"Strawberry"},{"floor":13,"key":"Pen Nib"}],"event_choices":[{"damage_healed":0,"gold_gain":75,"player_choice":"Gather Gold","damage_taken":11,"max_hp_gain":0,"max_hp_loss":0,"event_name":"World of Goop","floor":4,"gold_loss":0},{"damage_healed":0,"gold_gain":0,"player_choice":"Ignored","damage_taken":0,"max_hp_gain":0,"max_hp_loss":0,"event_name":"Golden Idol","floor":5,"gold_loss":0},{"cards_removed":["Strike_B"],"damage_healed":0,"gold_gain":0,"player_choice":"Card Removal","damage_taken":7,"max_hp_gain":0,"max_hp_loss":0,"event_name":"Golden Wing","floor":8,"gold_loss":0},{"damage_healed":0,"gold_gain":0,"player_choice":"Traded Relic","damage_taken":0,"relics_obtained":["Nloth\u0027s Gift"],"max_hp_gain":0,"max_hp_loss":0,"event_name":"N\u0027loth","floor":19,"relics_lost":["Strawberry"],"gold_loss":0},{"damage_healed":0,"gold_gain":0,"player_choice":"Fight","damage_taken":0,"max_hp_gain":0,"max_hp_loss":0,"event_name":"Colosseum","floor":21,"gold_loss":0},{"damage_healed":0,"gold_gain":0,"player_choice":"Fled From Nobs","damage_taken":0,"max_hp_gain":0,"max_hp_loss":0,"event_name":"Colosseum","floor":21,"gold_loss":0}],"is_beta":false,"boss_relics":[{"not_picked":["Astrolabe","Coffee Dripper"],"picked":"Black Star"}],"items_purged_floors":[20],"is_endless":false,"potions_floor_spawned":[1,2,7,21,22],"killed_by":"Book of Stabbing","ascension_level":2}