{"gold_per_floor":[110,285,296,88,105,137,155,186,186,186,201,201,201,201,201,306,306,318,27,47,64,75,104,104,104,104,104,114,125,142,174,174,270,270,287,64,64,74,74,74,22,35,58,58,92,0,17,17,17,17],"floor_reached":51,"playtime":2712,"items_purged":["Doubt","Defend_R"],"score":902,"play_id":"3e52168b-fe13-4334-8d94-6ca0280b5004","local_time":"20190910144720","is_ascension_mode":true,"campfire_choices":[{"data":"Perfected Strike","floor":10,"key":"SMITH"},{"data":"Perfected Strike","floor":13,"key":"SMITH"},{"floor":15,"key":"REST"},{"data":"Metallicize","floor":25,"key":"SMITH"},{"data":"Perfected Strike","floor":27,"key":"SMITH"},{"floor":32,"key":"REST"},{"data":"Uppercut","floor":40,"key":"SMITH"},{"data":"Shrug It Off","floor":44,"key":"SMITH"},{"data":"Immolate","floor":49,"key":"SMITH"}],"neow_cost":"NONE","seed_source_timestamp":520270561594300,"circlet_count":0,"master_deck":["Strike_R","Strike_R","Strike_R","Strike_R","Strike_R","Defend_R","Defend_R","Bash+1","Perfected Strike+1","Thunderclap","Feed","Perfected Strike+1","Corruption","Ghostly Armor","Battle Trance","Metallicize+1","Feed","Shockwave","Perfected Strike+1","Dual Wield+1","Uppercut+1","True Grit+1","Twin Strike","Perfected Strike+1","Immolate+1","Shrug It Off+1","Twin Strike","Writhe","Twin Strike","Feed"],"relics":["Burning Blood","PreservedInsect","Ancient Tea Set","Bag of Preparation","Snecko Eye","Orichalcum","Blue Candle","Self Forming Clay","Pen Nib","Velvet Choker","Smiling Mask","Shuriken","Red Mask"],"potions_floor_usage":[8,16,22,33,33,48,50,50],"damage_taken":[{"damage":5,"enemies":"Small Slimes","floor":1,"turns":6},{"damage":9,"enemies":"2 Louse","floor":3,"turns":3},{"damage":0,"enemies":"Cultist","floor":5,"turns":2},{"damage":14,"enemies":"Gremlin Nob","floor":6,"turns":3},{"damage":6,"enemies":"Looter","floor":7,"turns":2},{"damage":27,"enemies":"3 Sentries","floor":8,"turns":5},{"damage":9,"enemies":"Lots of Slimes","floor":11,"turns":3},{"damage":59,"enemies":"The Guardian","floor":16,"turns":12},{"damage":2,"enemies":"Chosen","floor":18,"turns":3},{"damage":0,"enemies":"3 Byrds","floor":20,"turns":3},{"damage":15,"enemies":"Snake Plant","floor":21,"turns":3},{"damage":6,"enemies":"Cultist and Chosen","floor":22,"turns":3},{"damage":3,"enemies":"Book of Stabbing","floor":23,"turns":2},{"damage":0,"enemies":"Shelled Parasite and Fungi","floor":28,"turns":1},{"damage":2,"enemies":"3 Cultists","floor":29,"turns":4},{"damage":18,"enemies":"Snake Plant","floor":30,"turns":2},{"damage":15,"enemies":"Slavers","floor":31,"turns":4},{"damage":31,"enemies":"Automaton","floor":33,"turns":6},{"damage":0,"enemies":"Orb Walker","floor":35,"turns":2},{"damage":19,"enemies":"3 Shapes","floor":38,"turns":2},{"damage":0,"enemies":"Transient","floor":42,"turns":5},{"damage":0,"enemies":"Nemesis","floor":45,"turns":1},{"damage":17,"enemies":"Sphere and 2 Shapes","floor":47,"turns":3},{"damage":0,"enemies":"Maw","floor":48,"turns":1},{"damage":33,"enemies":"Donu and Deca","floor":50,"turns":5}],"seed_played":"-428626559993166682","potions_obtained":[{"floor":1,"key":"SteroidPotion"},{"floor":3,"key":"Poison Potion"},{"floor":7,"key":"Fruit Juice"},{"floor":16,"key":"Strength Potion"},{"floor":18,"key":"SneckoOil"},{"floor":21,"key":"GamblersBrew"},{"floor":29,"key":"Energy Potion"},{"floor":45,"key":"PowerPotion"}],"is_trial":false,"path_per_floor":["M","?","M","$","M","E","M","E","T","R","M","?","R","?","R","B",null,"M","$","M","M","M","E","?","R","T","R","M","M","M","E","R","B",null,"M","$","$","M","?","R","$","M","T","R","E","?","M","M","R","B",null],"character_chosen":"IRONCLAD","items_purchased":["Feed","Perfected Strike","Perfected Strike","Orichalcum","SmokeBomb","Regen Potion","Shrug It Off","AttackPotion"],"campfire_rested":2,"item_purchase_floors":[4,4,19,19,36,36,36,41],"current_hp_per_floor":[88,88,85,85,91,83,86,68,68,68,65,58,58,58,87,39,102,102,102,102,93,96,99,99,99,99,99,105,105,93,84,105,80,105,105,105,105,98,111,111,111,111,111,111,111,111,103,109,109,82],"gold":17,"neow_bonus":"TEN_PERCENT_HP_BONUS","is_prod":false,"is_daily":false,"chose_seed":false,"campfire_upgraded":7,"win_rate":0,"timestamp":1568141240,"path_taken":["M","?","M","$","M","E","M","E","T","R","M","?","R","?","R","BOSS","M","$","M","?","M","E","?","R","T","R","?","M","M","E","R","BOSS","M","?","$","?","?","R","$","M","T","R","E","?","?","M","R","BOSS"],"build_version":"2019-07-17","purchased_purges":2,"victory":true,"max_hp_per_floor":[88,88,88,88,91,91,94,97,97,97,97,97,97,97,97,102,102,102,102,102,102,105,105,105,105,105,105,105,105,105,105,105,105,105,105,105,105,111,111,111,111,111,111,111,111,111,114,114,114,114],"card_choices":[{"not_picked":["Inflame","Havoc"],"picked":"Perfected Strike","floor":1},{"not_picked":["Sword Boomerang","Clash"],"picked":"Thunderclap","floor":3},{"not_picked":["Feel No Pain","Cleave","Dual Wield"],"picked":"SKIP","floor":5},{"not_picked":["Evolve","Iron Wave"],"picked":"Corruption","floor":6},{"not_picked":["Heavy Blade","Body Slam"],"picked":"Ghostly Armor","floor":7},{"not_picked":["Carnage","Double Tap"],"picked":"Battle Trance","floor":8},{"not_picked":["Iron Wave","Headbutt"],"picked":"Metallicize","floor":11},{"not_picked":["Barricade","Dark Embrace"],"picked":"Feed","floor":16},{"not_picked":["Burning Pact","Twin Strike"],"picked":"Shockwave","floor":18},{"not_picked":["Sword Boomerang","Heavy Blade","Infernal Blade"],"picked":"SKIP","floor":20},{"not_picked":["Headbutt","Corruption"],"picked":"Seeing Red","floor":21},{"not_picked":["Combust","Havoc"],"picked":"Dual Wield+1","floor":22},{"not_picked":["Bludgeon","Iron Wave"],"picked":"Uppercut","floor":23},{"not_picked":["Seeing Red","Rampage+1"],"picked":"True Grit+1","floor":28},{"not_picked":["Flex+1","Sever Soul","Clash+1"],"picked":"SKIP","floor":29},{"not_picked":["Anger","Berserk"],"picked":"Twin Strike","floor":30},{"not_picked":["Wild Strike","Body Slam+1"],"picked":"Perfected Strike+1","floor":31},{"not_picked":["Impervious","Berserk"],"picked":"Immolate","floor":33},{"not_picked":["Corruption","Power Through+1","Iron Wave+1"],"picked":"SKIP","floor":35},{"not_picked":["Bloodletting+1","Shockwave"],"picked":"Twin Strike","floor":38},{"not_picked":["Battle Trance","Sword Boomerang+1"],"picked":"Twin Strike","floor":42},{"not_picked":["Bludgeon","Fire Breathing"],"picked":"Feed","floor":45},{"not_picked":["Hemokinesis","Headbutt","Infernal Blade"],"picked":"SKIP","floor":47}],"player_experience":124980,"relics_obtained":[{"floor":6,"key":"PreservedInsect"},{"floor":8,"key":"Ancient Tea Set"},{"floor":9,"key":"Bag of Preparation"},{"floor":23,"key":"Blue Candle"},{"floor":26,"key":"Self Forming Clay"},{"floor":31,"key":"Pen Nib"},{"floor":43,"key":"Smiling Mask"},{"floor":45,"key":"Shuriken"}],"event_choices":[{"damage_healed":0,"gold_gain":175,"player_choice":"AGREE","damage_taken":0,"max_hp_gain":0,"max_hp_loss":0,"event_name":"Liars Game","floor":2,"gold_loss":0,"cards_obtained":["Doubt"]},{"cards_removed":["Defend_R"],"damage_healed":0,"gold_gain":0,"player_choice":"Card Removal","damage_taken":7,"max_hp_gain":0,"max_hp_loss":0,"event_name":"Golden Wing","floor":12,"gold_loss":0},{"damage_healed":0,"gold_gain":0,"player_choice":"Upgraded","damage_taken":0,"max_hp_gain":0,"max_hp_loss":0,"event_name":"Upgrade Shrine","floor":14,"gold_loss":0,"cards_upgraded":["Bash"]},{"cards_removed":["Seeing Red"],"damage_healed":0,"gold_gain":0,"player_choice":"Purged","damage_taken":0,"max_hp_gain":0,"max_hp_loss":0,"event_name":"Purifier","floor":24,"gold_loss":0},{"damage_healed":28,"gold_gain":0,"player_choice":"Writhe","damage_taken":0,"max_hp_gain":0,"max_hp_loss":0,"event_name":"Winding Halls","floor":39,"gold_loss":0,"cards_obtained":["Writhe"]},{"damage_healed":0,"gold_gain":0,"player_choice":"Paid","damage_taken":0,"relics_obtained":["Red Mask"],"max_hp_gain":0,"max_hp_loss":0,"event_name":"Tomb of Lord Red Mask","floor":46,"gold_loss":92}],"is_beta":false,"boss_relics":[{"not_picked":["Runic Dome","Black Star"],"picked":"Snecko Eye"},{"not_picked":["Coffee Dripper","Philosopher\u0027s Stone"],"picked":"Velvet Choker"}],"items_purged_floors":[4,19],"is_endless":false,"potions_floor_spawned":[1,3,7,16,18,21,29,30,38,45,48],"ascension_level":2}