{"gold_per_floor":[117,187,362,362,362,362,379,396,396,413,439,69,81,100,100,197,197,191,210,19,34,34,34,34,116,116,116,136,153,187,203,203,300,300,315,315,367,176,215,215,253,253,276,276,150,177,188,202,202,202],"floor_reached":50,"playtime":9409,"items_purged":[],"score":696,"play_id":"529712b7-8021-4d43-82ff-efc3dcc9c5c0","local_time":"20190909050334","daily_mods":["Draft","Blue Cards","Heirloom"],"is_ascension_mode":false,"campfire_choices":[{"floor":6,"key":"REST"},{"floor":15,"key":"REST"},{"floor":23,"key":"REST"},{"floor":32,"key":"REST"},{"floor":40,"key":"REST"},{"floor":42,"key":"REST"},{"floor":49,"key":"REST"}],"neow_cost":"","seed_source_timestamp":0,"circlet_count":0,"master_deck":["Doom and Gloom","Coolheaded","Redo","Coolheaded","Blizzard+1","Doom and Gloom","Turbo","Undo","Skim","Reinforced Body","Glacier","Undo","Sweeping Beam","Cold Snap","Scrape","Cold Snap+1","Doubt","Sunder","White Noise","Barrage","Tempest","Dramatic Entrance","HandOfGreed","Cold Snap","Coolheaded","Doom and Gloom","Skim","Echo Form","Thunder Strike","Defragment","Skim","Loop","Doom and Gloom","Rip and Tear","Redo","Redo","Capacitor","Chill","Writhe","Ball Lightning","Skim","Sunder","Coolheaded","Barrage+1","Seek","Conserve Battery","Aggregate","Leap","Hello World","Reinforced Body","Glacier","Hologram","Auto Shields+1","Leap","Hologram","Go for the Eyes"],"relics":["FrozenCore","Dead Branch","Darkstone Periapt","Dream Catcher","Tiny Chest","Pantograph","Bag of Preparation","Velvet Choker","DataDisk","TheAbacus","PreservedInsect","Gremlin Horn"],"potions_floor_usage":[],"damage_taken":[{"damage":5,"enemies":"2 Louse","floor":1,"turns":2},{"damage":0,"enemies":"Jaw Worm","floor":7,"turns":3},{"damage":0,"enemies":"Small Slimes","floor":8,"turns":2},{"damage":14,"enemies":"Exordium Wildlife","floor":10,"turns":2},{"damage":7,"enemies":"3 Sentries","floor":11,"turns":6},{"damage":1,"enemies":"3 Louse","floor":13,"turns":2},{"damage":0,"enemies":"2 Fungi Beasts","floor":14,"turns":1},{"damage":38,"enemies":"Slime Boss","floor":16,"turns":8},{"damage":14,"enemies":"2 Thieves","floor":18,"turns":5},{"damage":1,"enemies":"3 Byrds","floor":19,"turns":5},{"damage":7,"enemies":"3 Cultists","floor":21,"turns":4},{"damage":31,"enemies":"Slavers","floor":25,"turns":4},{"damage":12,"enemies":"Shelled Parasite and Fungi","floor":28,"turns":9},{"damage":0,"enemies":"Cultist and Chosen","floor":29,"turns":12},{"damage":0,"enemies":"3 Cultists","floor":30,"turns":6},{"damage":14,"enemies":"Snake Plant","floor":31,"turns":15},{"damage":6,"enemies":"Champ","floor":33,"turns":31},{"damage":26,"enemies":"Orb Walker","floor":35,"turns":10},{"damage":18,"enemies":"3 Shapes","floor":39,"turns":5},{"damage":39,"enemies":"Jaw Worm Horde","floor":41,"turns":12},{"damage":0,"enemies":"Nemesis","floor":46,"turns":15},{"damage":8,"enemies":"Spire Growth","floor":47,"turns":11},{"damage":14,"enemies":"Sphere and 2 Shapes","floor":48,"turns":13},{"damage":78,"enemies":"Awakened One","floor":50,"turns":9}],"seed_played":"2185838720705159814","potions_obtained":[{"floor":1,"key":"Energy Potion"},{"floor":7,"key":"SteroidPotion"},{"floor":11,"key":"Ancient Potion"},{"floor":14,"key":"EssenceOfSteel"},{"floor":30,"key":"Dexterity Potion"},{"floor":31,"key":"Fire Potion"}],"is_trial":true,"path_per_floor":["M","?","?","$","?","R","M","M","T","M","E","$","M","M","R","B",null,"M","M","$","M","?","R","?","E","T","?","M","M","M","M","R","B",null,"M","?","T","$","M","R","M","R","T","?","$","E","M","M","R","B"],"character_chosen":"DEFECT","items_purchased":["Dramatic Entrance","HandOfGreed","Cold Snap","Coolheaded","Loop","Doom and Gloom","Rip and Tear","TheAbacus","Glacier","Hologram"],"campfire_rested":7,"item_purchase_floors":[12,12,12,12,20,20,20,38,45,45],"current_hp_per_floor":[70,70,70,70,55,75,75,75,75,61,54,54,53,53,75,37,75,61,60,60,53,53,75,75,44,44,50,38,38,38,24,48,67,81,55,55,55,55,37,61,22,46,46,46,46,46,38,24,48,0],"gold":202,"neow_bonus":"","is_prod":false,"is_daily":false,"chose_seed":false,"campfire_upgraded":0,"win_rate":0.0,"timestamp":1568016214,"path_taken":["M","?","?","$","?","R","M","M","T","M","E","$","?","M","R","BOSS","M","M","$","M","?","R","?","E","T","?","M","M","?","M","R","BOSS","M","?","?","$","?","R","M","R","T","?","$","E","M","M","R","BOSS"],"build_version":"2019-07-17","purchased_purges":0,"victory":false,"max_hp_per_floor":[75,75,75,75,75,75,75,75,75,75,75,75,75,75,75,75,75,75,75,75,75,75,75,75,75,75,81,81,81,81,81,81,81,81,81,81,81,81,81,81,81,81,81,81,81,81,81,81,81,81],"card_choices":[{"not_picked":["Aggregate","Beam Cell"],"picked":"Doom and Gloom","floor":0},{"not_picked":["Compile Driver","Recycle"],"picked":"Coolheaded","floor":0},{"not_picked":["White Noise","Ball Lightning"],"picked":"Redo","floor":0},{"not_picked":["Beam Cell","Force Field"],"picked":"Coolheaded","floor":0},{"not_picked":["Force Field","Redo"],"picked":"Blizzard","floor":0},{"not_picked":["Leap","Turbo"],"picked":"Doom and Gloom","floor":0},{"not_picked":["Beam Cell","Rebound"],"picked":"Turbo","floor":0},{"not_picked":["Static Discharge","Sweeping Beam"],"picked":"Undo","floor":0},{"not_picked":["Compile Driver","Doom and Gloom"],"picked":"Skim","floor":0},{"not_picked":["Rebound","Go for the Eyes"],"picked":"Reinforced Body","floor":0},{"not_picked":["Compile Driver","Sweeping Beam"],"picked":"Glacier","floor":0},{"not_picked":["Conserve Battery","Beam Cell"],"picked":"Undo","floor":0},{"not_picked":["Gash","Stack"],"picked":"Sweeping Beam","floor":0},{"not_picked":["Coolheaded","Force Field"],"picked":"Cold Snap","floor":0},{"not_picked":["Sweeping Beam","Leap"],"picked":"Scrape","floor":0},{"not_picked":["Storm","Sweeping Beam"],"picked":"Cold Snap","floor":1},{"not_picked":["Melter","Leap"],"picked":"Sunder","floor":7},{"not_picked":["Gash","Stack"],"picked":"White Noise","floor":8},{"not_picked":["Scrape","Beam Cell"],"picked":"Barrage","floor":10},{"not_picked":["Genetic Algorithm","Turbo"],"picked":"Tempest","floor":11},{"not_picked":["Beam Cell","Steam"],"picked":"Doom and Gloom","floor":13},{"not_picked":["Beam Cell","Compile Driver"],"picked":"Skim","floor":14},{"not_picked":["Darkness","Chaos"],"picked":"Echo Form","floor":15},{"not_picked":["Core Surge","Fission"],"picked":"Thunder Strike","floor":16},{"not_picked":["Barrage","Undo"],"picked":"Defragment","floor":18},{"not_picked":["Beam Cell","Hologram"],"picked":"Skim","floor":19},{"not_picked":["Conserve Battery+1","Streamline"],"picked":"Redo","floor":21},{"not_picked":["Fission","Auto Shields"],"picked":"Redo","floor":23},{"not_picked":["Cold Snap+1","Defragment+1"],"picked":"Chill","floor":25},{"not_picked":["Go for the Eyes","Rebound"],"picked":"Ball Lightning","floor":28},{"not_picked":["Sweeping Beam","Reboot"],"picked":"Skim","floor":29},{"not_picked":["Ball Lightning","Gash"],"picked":"Sunder","floor":30},{"not_picked":["Compile Driver","Rebound"],"picked":"Coolheaded","floor":31},{"not_picked":["Melter+1","Aggregate"],"picked":"Barrage+1","floor":32},{"not_picked":["Rainbow","Reboot"],"picked":"Seek","floor":33},{"not_picked":["Ball Lightning+1","Chaos"],"picked":"Conserve Battery","floor":35},{"not_picked":["Go for the Eyes+1","Rebound+1"],"picked":"Aggregate","floor":39},{"not_picked":["Compile Driver","Doom and Gloom"],"picked":"Leap","floor":40},{"not_picked":["Fusion","Steam"],"picked":"Hello World","floor":41},{"not_picked":["Steam","Undo"],"picked":"Reinforced Body","floor":42},{"not_picked":["Sunder","Undo+1"],"picked":"Auto Shields+1","floor":46},{"not_picked":["Rainbow","Sweeping Beam"],"picked":"Leap","floor":47},{"not_picked":["Ball Lightning","Gash"],"picked":"Hologram","floor":48},{"not_picked":["Consume","Chaos"],"picked":"Go for the Eyes","floor":49}],"player_experience":22764,"relics_obtained":[{"floor":9,"key":"Darkstone Periapt"},{"floor":11,"key":"Dream Catcher"},{"floor":25,"key":"Tiny Chest"},{"floor":26,"key":"Pantograph"},{"floor":37,"key":"DataDisk"},{"floor":43,"key":"PreservedInsect"},{"floor":46,"key":"Gremlin Horn"}],"event_choices":[{"damage_healed":0,"gold_gain":70,"player_choice":"Gained Gold","damage_taken":0,"max_hp_gain":0,"max_hp_loss":0,"event_name":"Golden Wing","floor":2,"gold_loss":0},{"damage_healed":0,"gold_gain":175,"player_choice":"AGREE","damage_taken":0,"max_hp_gain":0,"max_hp_loss":0,"event_name":"Liars Game","floor":3,"gold_loss":0,"cards_obtained":["Doubt"]},{"damage_healed":0,"gold_gain":0,"player_choice":"Entered Light","damage_taken":15,"max_hp_gain":0,"max_hp_loss":0,"event_name":"Shining Light","floor":5,"gold_loss":0,"cards_upgraded":["Blizzard","Cold Snap"]},{"damage_healed":0,"gold_gain":0,"player_choice":"Simplicity","damage_taken":0,"max_hp_gain":0,"max_hp_loss":0,"event_name":"Back to Basics","floor":22,"gold_loss":0,"cards_upgraded":[]},{"damage_healed":0,"gold_gain":0,"player_choice":"Read","damage_taken":0,"max_hp_gain":0,"max_hp_loss":0,"event_name":"The Library","floor":24,"gold_loss":0,"cards_obtained":["Capacitor"]},{"damage_healed":0,"gold_gain":0,"player_choice":"Opened","damage_taken":0,"relics_obtained":["Bag of Preparation"],"max_hp_gain":0,"max_hp_loss":0,"event_name":"The Mausoleum","floor":27,"gold_loss":0,"cards_obtained":["Writhe"]},{"damage_healed":0,"gold_gain":0,"player_choice":"Ignored","damage_taken":0,"max_hp_gain":0,"max_hp_loss":0,"event_name":"Mysterious Sphere","floor":36,"gold_loss":0},{"damage_healed":0,"gold_gain":0,"player_choice":"Leave","damage_taken":0,"max_hp_gain":0,"max_hp_loss":0,"event_name":"FaceTrader","floor":44,"gold_loss":0}],"is_beta":false,"boss_relics":[{"not_picked":["Sozu","Lizard Tail"],"picked":"FrozenCore"},{"not_picked":["Nuclear Battery","White Beast Statue"],"picked":"Velvet Choker"}],"items_purged_floors":[],"is_endless":false,"potions_floor_spawned":[1,7,11,14,19,21,30,31,33,35,46],"killed_by":"Awakened One","ascension_level":0}