{"path_per_floor":["M","?","M","?","?","E","R","E","T","?","M","M","M","?","R","B",null,"M","?","M","?","M","E","?","?","T","M","?","M","E","$","R","B",null,"M","?","M","M","?","R","E","M","T","M","$","M","?","M","R","B"],"character_chosen":"THE_SILENT","items_purchased":["Tough Bandages","Block Potion","Toxic Egg 2","Mummified Hand","Backflip"],"gold_per_floor":[10,10,30,30,30,65,65,98,98,98,114,130,143,143,143,241,241,253,168,180,180,190,217,217,217,240,260,360,370,401,37,37,141,141,156,507,518,537,537,537,566,582,606,618,26,39,39,56,56,56],"floor_reached":51,"campfire_rested":1,"playtime":4065,"current_hp_per_floor":[70,70,70,70,70,52,52,22,22,24,24,24,28,21,21,15,84,76,76,64,64,47,47,47,38,38,26,26,26,22,22,63,61,89,89,65,65,65,65,65,52,38,38,39,39,18,79,79,79,45],"items_purged":["Doubt","Doubt"],"gold":56,"play_id":"17eec9ed-663b-43a1-8adf-2d72775e9250","is_prod":false,"is_daily":false,"is_ascension_mode":false,"campfire_upgraded":4,"path_taken":["M","?","M","?","?","E","R","E","T","?","M","?","M","?","R","BOSS","M","?","M","?","?","E","?","?","T","M","?","M","E","$","R","BOSS","M","?","?","M","?","R","E","M","T","?","$","M","?","M","R","BOSS"],"build_version":"2018-01-30-BETA2","purchased_purges":2,"victory":true,"master_deck":["Defend_G+1","Defend_G+1","Defend_G+1","Defend_G+1","Defend_G+1","Strike_G+1","Strike_G+1","Strike_G+1","Strike_G+1","Neutralize+1","Finisher+1","Deflect+1","Venomology","Prepared+1","Riddle With Holes","Dagger Spray","Phantasmal Killer+1","Acrobatics+1","Flying Knee","Slice+1","Calculated Gamble+1","Tools of the Trade","Heel Hook+1","Quick Slash+1","Cloak And Dagger+1","Well Laid Plans+1","Terror","Backflip+1","Blur+1","Quick Slash+1"],"max_hp_per_floor":[70,70,70,70,70,70,70,70,70,84,84,84,84,84,84,84,84,84,84,84,84,84,84,84,89,89,89,89,89,89,89,89,89,89,89,89,89,89,89,89,89,89,89,89,89,89,79,79,79,79],"relics":["Ring of the Snake","Tingsha","War Paint","Shuriken","Happy Flower","Mango","Cursed Key","Regal Pillow","Ancient Tea Set","Anchor","Vajra","Smiling Mask","Tough Bandages","Astrolabe","Old Coin","Spirit Poop","Art of War","Bag of Preparation","Toxic Egg 2","Mummified Hand"],"card_choices":[{"not_picked":["Predator","Riddle With Holes"],"picked":"Finisher"},{"not_picked":["Caltrops","Masterful Stab"],"picked":"Deflect"},{"not_picked":["Finisher","Backflip"],"picked":"Venomology"},{"not_picked":["Dagger Throw","Deflect"],"picked":"Prepared"},{"not_picked":["Noxious Fumes","Dagger Spray"],"picked":"Riddle With Holes"},{"not_picked":["All Out Attack","Deadly Poison"],"picked":"Dagger Spray"},{"not_picked":["Wraith Form","Corpse Explosion"],"picked":"Phantasmal Killer"},{"not_picked":["Dodge and Roll","PiercingWail"],"picked":"Acrobatics"},{"not_picked":["Finisher","All Out Attack"],"picked":"Flying Knee"},{"not_picked":["Sucker Punch","Doppelganger"],"picked":"Slice"},{"not_picked":["Acrobatics","Riddle With Holes"],"picked":"Calculated Gamble"},{"not_picked":["Footwork","Dagger Throw"],"picked":"Cloak And Dagger"},{"not_picked":["Bullet Time","Die Die Die"],"picked":"Tools of the Trade"},{"not_picked":["Dagger Throw","Catalyst"],"picked":"Cloak And Dagger"},{"not_picked":["Acrobatics","Dagger Spray"],"picked":"Well Laid Plans"},{"not_picked":["Sucker Punch","Deadly Poison"],"picked":"Terror"},{"not_picked":["Dagger Spray","Choke"],"picked":"Blur"},{"not_picked":["Eviscerate","Expertise"],"picked":"Quick Slash"}],"player_experience":63096,"potions_floor_usage":[6,8,12,13,13,16,18,20,22,22,23,23,29,30,33,33,33,38,38,38,41,41,44,48,48,50,50,50,50],"damage_taken":[{"damage":0,"enemies":"Blue Slaver","floor":1,"turns":5},{"damage":0,"enemies":"2 Louse","floor":3,"turns":3},{"damage":18,"enemies":"Lagavulin","floor":6,"turns":7},{"damage":30,"enemies":"Gremlin Nob","floor":8,"turns":6},{"damage":0,"enemies":"Cultist","floor":11,"turns":4},{"damage":0,"enemies":"Large Slime","floor":12,"turns":4},{"damage":8,"enemies":"Exordium Thugs","floor":13,"turns":6},{"damage":6,"enemies":"Hexaghost","floor":16,"turns":7},{"damage":8,"enemies":"Shell Parasite","floor":18,"turns":4},{"damage":12,"enemies":"2 Thieves","floor":20,"turns":3},{"damage":17,"enemies":"Cultist and Chosen","floor":22,"turns":8},{"damage":0,"enemies":"Gremlin Leader","floor":23,"turns":4},{"damage":12,"enemies":"Snecko","floor":27,"turns":4},{"damage":0,"enemies":"Centurion and Healer","floor":29,"turns":2},{"damage":4,"enemies":"Book of Stabbing","floor":30,"turns":3},{"damage":2,"enemies":"Champ","floor":33,"turns":8},{"damage":0,"enemies":"Orb Walker","floor":35,"turns":2},{"damage":24,"enemies":"Mysterious Sphere","floor":36,"turns":5},{"damage":0,"enemies":"3 Shapes","floor":37,"turns":5},{"damage":0,"enemies":"Flame Bruiser 2 Orb","floor":38,"turns":3},{"damage":13,"enemies":"2 Orb Walkers","floor":41,"turns":4},{"damage":14,"enemies":"Sphere and 2 Shapes","floor":42,"turns":4},{"damage":5,"enemies":"Maw","floor":44,"turns":4},{"damage":21,"enemies":"4 Shapes","floor":46,"turns":3},{"damage":0,"enemies":"Sphere and 2 Shapes","floor":48,"turns":3},{"damage":34,"enemies":"Time Eater","floor":50,"turns":8}],"event_choices":[{"event_name":"The Cleric","player_choice":"Leave","floor":2,"damage_taken":0},{"event_name":"Living Wall","player_choice":"Grow","floor":4,"damage_taken":0},{"event_name":"Liars Game","player_choice":"disagreed","floor":5,"damage_taken":0},{"event_name":"Scrap Ooze","player_choice":"success","floor":10,"damage_taken":12},{"event_name":"Golden Wing","player_choice":"Card Removal","floor":14,"damage_taken":0},{"event_name":"Addict","player_choice":"Obtained Relic","floor":19,"damage_taken":0},{"event_name":"The Mausoleum","player_choice":"Yes","floor":21,"damage_taken":0},{"event_name":"Back to Basics","player_choice":"Simplicity","floor":24,"damage_taken":0},{"event_name":"Forgotten Altar","player_choice":"Shed Blood","floor":25,"damage_taken":0},{"event_name":"Golden Shrine","player_choice":"Pray","floor":28,"damage_taken":0},{"event_name":"Mysterious Sphere","player_choice":"Fight","floor":36,"damage_taken":0},{"event_name":"Bonfire Elementals","player_choice":"CURSE","floor":39,"damage_taken":0},{"event_name":"The Moai Head","player_choice":"Heal","floor":47,"damage_taken":0}],"boss_relics":[{"not_picked":["Runic Dome","Philosopher\u0027s Stone"],"picked":"Cursed Key"},{"not_picked":["Runic Pyramid","Snecko Eye"],"picked":"Astrolabe"}],"potions_floor_spawned":[1,6,8,13,18,22,29,30,37,41,44,48],"seed_played":"-6180878260863988154","ascension_level":0,"is_trial":false}