{"gold_per_floor":[113,113,134,157,182,182,220,220,220,241,166,166,266,289,289,414,414,439,262,362,385,404,404,417,136,190,69,69,104,119,119,119,245,245,270,270,270,170,189,189,208,541,568,568,580,580,680,680,680,680],"floor_reached":51,"playtime":2138,"items_purged":["Strike_B","Scrape","Stack"],"score":690,"play_id":"51383112-54fe-4550-bada-d78fcaad2ecd","local_time":"20190219112950","is_ascension_mode":false,"campfire_choices":[{"data":"Chaos","floor":6.0,"key":"SMITH"},{"data":"Dualcast","floor":8.0,"key":"SMITH"},{"data":"Zap","floor":12.0,"key":"SMITH"},{"floor":15.0,"key":"REST"},{"data":"White Noise","floor":23,"key":"SMITH"},{"data":"Defragment","floor":28,"key":"SMITH"},{"floor":32,"key":"REST"},{"data":"Enlightenment","floor":40,"key":"SMITH"},{"data":"Buffer","floor":44,"key":"SMITH"},{"floor":49,"key":"REST"}],"neow_cost":"NONE","seed_source_timestamp":436093051316297,"circlet_count":0,"master_deck":["Zap+1","Dualcast+1","Leap","Chaos+1","Genetic Algorithm","Static Discharge","Sunder","Buffer+1","Steam","Skim","Barrage","Doom and Gloom","White Noise+1","Capacitor","Redo+1","Hologram+1","Ball Lightning","Defragment+1","Heatsinks+1","Conserve Battery","Electrodynamics","Streamline","Enlightenment+1","Capacitor","Leap","Coolheaded+1","Ball Lightning","Auto Shields+1","Madness","Madness","Undo+1"],"special_seed":0,"relics":["Cracked Core","Vajra","Bag of Preparation","Juzu Bracelet","Pandora\u0027s Box","Lantern","Oddly Smooth Stone","Mercury Hourglass","Sozu","Regal Pillow","Bird Faced Urn"],"potions_floor_usage":[16,50],"damage_taken":[{"damage":1.0,"enemies":"2 Louse","floor":1.0,"turns":2.0},{"damage":1.0,"enemies":"Cultist","floor":3.0,"turns":3.0},{"damage":0.0,"enemies":"Small Slimes","floor":4.0,"turns":3.0},{"damage":4.0,"enemies":"Red Slaver","floor":5.0,"turns":3.0},{"damage":29.0,"enemies":"3 Sentries","floor":7.0,"turns":7.0},{"damage":0.0,"enemies":"Looter","floor":10.0,"turns":3.0},{"damage":0.0,"enemies":"Exordium Wildlife","floor":14.0,"turns":3.0},{"damage":7,"enemies":"Slime Boss","floor":16,"turns":6},{"damage":0,"enemies":"Chosen","floor":18,"turns":3},{"damage":9,"enemies":"3 Byrds","floor":21,"turns":1},{"damage":8,"enemies":"Centurion and Healer","floor":22,"turns":6},{"damage":6,"enemies":"Snake Plant","floor":24,"turns":4},{"damage":13,"enemies":"Book of Stabbing","floor":29,"turns":4},{"damage":10,"enemies":"Sentry and Sphere","floor":30,"turns":4},{"damage":20,"enemies":"Automaton","floor":33,"turns":8},{"damage":8,"enemies":"3 Darklings","floor":35,"turns":3},{"damage":3,"enemies":"Orb Walker","floor":39,"turns":3},{"damage":0,"enemies":"Spire Growth","floor":41,"turns":4},{"damage":18,"enemies":"Maw","floor":45,"turns":6},{"damage":0,"enemies":"Mind Bloom Boss Battle","floor":47,"turns":3},{"damage":18,"enemies":"Donu and Deca","floor":50,"turns":8}],"seed_played":"-7839153444055681338","potions_obtained":[{"floor":3.0,"key":"FocusPotion"},{"floor":7.0,"key":"SpeedPotion"},{"floor":14.0,"key":"SkillPotion"},{"floor":21,"key":"EssenceOfSteel"},{"floor":22,"key":"Energy Potion"},{"floor":29,"key":"PowerPotion"},{"floor":30,"key":"Energy Potion"}],"is_trial":false,"path_per_floor":["M","?","M","M","M","R","E","R","T","M","$","R","?","M","R","B",null,"M","$","?","M","M","R","M","$","T","$","R","E","M","?","R","B",null,"M","?","?","$","M","R","M","?","T","R","M","?","?","?","R","B",null],"character_chosen":"DEFECT","items_purchased":["Capacitor","Lantern","Ball Lightning","Defragment","Capacitor","Leap"],"campfire_rested":3,"item_purchase_floors":[19,25,27,27,38,38],"current_hp_per_floor":[74,56,55,55,51,51,22,22,22,22,22,22,22,22,44,37,75,75,75,75,66,58,58,52,52,52,52,52,39,29,29,51,31,75,67,67,67,67,64,64,64,64,64,64,46,37,37,37,74,63],"gold":680,"neow_bonus":"RANDOM_COMMON_RELIC","is_prod":false,"is_daily":false,"chose_seed":false,"campfire_upgraded":7,"win_rate":0,"timestamp":1550543390,"path_taken":["M","?","M","M","M","R","E","R","T","M","$","R","?","M","R","BOSS","M","$","?","M","M","R","M","$","T","?","R","E","M","?","R","BOSS","M","?","?","$","M","R","M","?","T","R","M","?","?","?","R","BOSS"],"build_version":"2019-01-23","purchased_purges":3,"victory":true,"max_hp_per_floor":[75,75,75,75,75,75,75,75,75,75,75,75,75,75,75,75,75,75,75,75,75,75,75,75,75,75,75,75,75,75,75,75,75,75,75,75,75,75,75,75,75,75,75,75,75,75,75,75,75,75],"card_choices":[{"not_picked":["Beam Cell","Barrage"],"picked":"Leap","floor":1.0},{"not_picked":["Undo","Barrage"],"picked":"Chaos","floor":3.0},{"not_picked":["Gash","Skim"],"picked":"FTL","floor":4.0},{"not_picked":["Rebound","Tempest"],"picked":"Genetic Algorithm","floor":5.0},{"not_picked":["Reinforced Body","Fusion","Skim"],"picked":"SKIP","floor":7.0},{"not_picked":["Scrape","Beam Cell"],"picked":"Static Discharge","floor":10.0},{"not_picked":["Sweeping Beam","Doom and Gloom"],"picked":"Sunder","floor":14.0},{"not_picked":["Amplify","Multi-Cast"],"picked":"Buffer","floor":16},{"not_picked":["Sweeping Beam","FTL"],"picked":"White Noise","floor":18},{"not_picked":["FTL","Streamline"],"picked":"Redo+1","floor":21},{"not_picked":["Barrage+1","Doom and Gloom","Sweeping Beam"],"picked":"SKIP","floor":22},{"not_picked":["Gash","Double Energy"],"picked":"Hologram+1","floor":24},{"not_picked":["Streamline","Turbo"],"picked":"Heatsinks+1","floor":29},{"not_picked":["Fission","FTL"],"picked":"Conserve Battery","floor":30},{"not_picked":["Thunder Strike","Amplify"],"picked":"Electrodynamics","floor":33},{"not_picked":["Conserve Battery","Stack"],"picked":"Streamline","floor":35},{"not_picked":["Deep Breath","Secret Technique"],"picked":"Enlightenment","floor":37},{"not_picked":["Compile Driver+1","Rebound"],"picked":"Coolheaded+1","floor":39},{"not_picked":["Rebound","Barrage"],"picked":"Ball Lightning","floor":41},{"not_picked":["Undo+1","Reprogram+1"],"picked":"Auto Shields+1","floor":45},{"not_picked":["Sunder+1","Rebound"],"picked":"Undo+1","floor":47}],"player_experience":243723,"relics_obtained":[{"floor":7.0,"key":"Bag of Preparation"},{"floor":9.0,"key":"Juzu Bracelet"},{"floor":26,"key":"Oddly Smooth Stone"},{"floor":29,"key":"Mercury Hourglass"},{"floor":43,"key":"Regal Pillow"},{"floor":47,"key":"Bird Faced Urn"}],"event_choices":[{"damage_healed":0.0,"max_hp_gain":0.0,"max_hp_loss":0.0,"gold_gain":0.0,"event_name":"Golden Idol","player_choice":"Take Damage","floor":2.0,"gold_loss":0.0,"damage_taken":18.0,"relics_obtained":["Golden Idol"]},{"damage_healed":0.0,"max_hp_gain":0.0,"max_hp_loss":0.0,"gold_gain":100.0,"event_name":"Golden Shrine","player_choice":"Pray","floor":13.0,"gold_loss":0.0,"damage_taken":0.0},{"damage_healed":0,"gold_gain":100,"player_choice":"Pray","damage_taken":0,"max_hp_gain":0,"max_hp_loss":0,"event_name":"Golden Shrine","floor":20,"gold_loss":0},{"cards_removed":["Beam Cell"],"damage_healed":0,"gold_gain":0,"player_choice":"Purged","damage_taken":0,"max_hp_gain":0,"max_hp_loss":0,"event_name":"Purifier","floor":31,"gold_loss":0},{"damage_healed":0,"gold_gain":0,"player_choice":"Ignored","damage_taken":0,"max_hp_gain":0,"max_hp_loss":0,"event_name":"Tomb of Lord Red Mask","floor":36,"gold_loss":0},{"damage_healed":0,"gold_gain":0,"player_choice":"Memory 1","damage_taken":0,"max_hp_gain":0,"max_hp_loss":0,"event_name":"SensoryStone","floor":37,"gold_loss":0},{"damage_healed":0,"gold_gain":333,"player_choice":"Gave Idol","damage_taken":0,"max_hp_gain":0,"max_hp_loss":0,"event_name":"The Moai Head","floor":42,"relics_lost":["Golden Idol"],"gold_loss":0},{"damage_healed":0,"gold_gain":0,"player_choice":"Embrace Madness","damage_taken":9,"max_hp_gain":0,"max_hp_loss":0,"event_name":"Winding Halls","floor":46,"gold_loss":0,"cards_obtained":["Madness","Madness"]},{"damage_healed":0,"gold_gain":0,"player_choice":"Fight","damage_taken":0,"max_hp_gain":0,"max_hp_loss":0,"event_name":"MindBloom","floor":47,"gold_loss":0},{"cards_removed":["FTL"],"damage_healed":0,"gold_gain":0,"player_choice":"Removed Attack","damage_taken":0,"max_hp_gain":0,"max_hp_loss":0,"event_name":"Falling","floor":48,"gold_loss":0}],"is_beta":false,"boss_relics":[{"not_picked":["Lizard Tail","Snecko Eye"],"picked":"Pandora\u0027s Box"},{"not_picked":["Cursed Key","Astrolabe"],"picked":"Sozu"}],"items_purged_floors":[11,19,25],"is_endless":false,"potions_floor_spawned":[3,7,14,21,22,29,30,45],"ascension_level":0}