{"gold_per_floor":[14,14,14,14,29,63,81,109,132,150,170,183,114,114,114,217,217],"floor_reached":17,"playtime":222,"items_purged":[],"score":342,"play_id":"89abcf49-0a6f-4863-b685-1e392e8adb90","local_time":"20190622141144","is_ascension_mode":false,"campfire_choices":[{"data":"Wear_Disguise","floor":15,"key":"SMITH"}],"neow_cost":"NONE","seed_source_timestamp":1044272866894965,"circlet_count":0,"master_deck":["Strike_Y+1","Strike_Y+1","Strike_Y","Strike_Y","Strike_Y","Defend_Y","Defend_Y","Defend_Y","Defend_Y","Defend_Y","Normal_Punch","Yawn","Do_Nothing","Consecutive_Normal_Punch","Normal_Punch","Side_Hop","Toss_Stone","Wear_Disguise+1","Serious_Side_Hops"],"relics":["Cape","Smiling Mask","Vajra","Oddly Smooth Stone","Busted Crown"],"potions_floor_usage":[],"damage_taken":[{"damage":0,"enemies":"Jaw Worm","floor":1,"turns":1},{"damage":0,"enemies":"2 Louse","floor":5,"turns":1},{"damage":0,"enemies":"3 Sentries","floor":6,"turns":2},{"damage":0,"enemies":"Cultist","floor":7,"turns":1},{"damage":0,"enemies":"Lagavulin","floor":8,"turns":1},{"damage":0,"enemies":"Blue Slaver","floor":10,"turns":1},{"damage":0,"enemies":"Red Slaver","floor":11,"turns":1},{"damage":0,"enemies":"Lots of Slimes","floor":12,"turns":2},{"damage":0,"enemies":"Hexaghost","floor":16,"turns":1}],"seed_played":"4288276151077499135","potions_obtained":[{"floor":1,"key":"Strength Potion"},{"floor":5,"key":"SkillPotion"},{"floor":8,"key":"PowerPotion"}],"is_trial":false,"path_per_floor":["M","$","?","?","M","E","M","E","T","M","M","M","$","?","R","B",null],"character_chosen":"OPM","items_purchased":["Wear_Disguise"],"campfire_rested":0,"item_purchase_floors":[13],"current_hp_per_floor":[1098,1098,1098,1103,1103,1103,1103,1103,1103,1103,1103,1103,1103,1103,1103,1103,1103],"gold":217,"neow_bonus":"TEN_PERCENT_HP_BONUS","is_prod":false,"is_daily":false,"chose_seed":false,"campfire_upgraded":1,"win_rate":0.0,"timestamp":1561227104,"path_taken":["M","$","?","?","?","E","M","E","T","M","M","M","?","?","R","BOSS"],"build_version":"2019-01-23","purchased_purges":0,"victory":false,"max_hp_per_floor":[1098,1098,1098,1103,1103,1103,1103,1103,1103,1103,1103,1103,1103,1103,1103,1103,1103],"card_choices":[{"not_picked":["Toss_Stone","Consecutive_Normal_Punch"],"picked":"Normal_Punch","floor":1},{"not_picked":["Slap","Side_Hop"],"picked":"Yawn","floor":5},{"not_picked":["Yawn","Ignore"],"picked":"Do_Nothing","floor":6},{"not_picked":["Normal_Punch","Ignore"],"picked":"Consecutive_Normal_Punch","floor":7},{"not_picked":["Do_Nothing","Yawn"],"picked":"Normal_Punch","floor":8},{"not_picked":["Do_Nothing","Hop"],"picked":"Side_Hop","floor":10},{"not_picked":["Normal_Punch","Side_Hop"],"picked":"Toss_Stone","floor":11},{"not_picked":["Side_Hop","Hop","Slap"],"picked":"SKIP","floor":12},{"not_picked":["Terrifying_Presence","Get_Hopes_Up"],"picked":"Serious_Side_Hops","floor":16}],"player_experience":534251,"relics_obtained":[{"floor":6,"key":"Smiling Mask"},{"floor":8,"key":"Vajra"},{"floor":9,"key":"Oddly Smooth Stone"}],"event_choices":[{"damage_healed":0,"gold_gain":0,"player_choice":"Entered Light","damage_taken":220,"max_hp_gain":0,"max_hp_loss":0,"event_name":"Shining Light","floor":3,"gold_loss":0,"cards_upgraded":["Strike_Y","Strike_Y"]},{"damage_healed":0,"gold_gain":0,"player_choice":"Donut","damage_taken":0,"max_hp_gain":5,"max_hp_loss":0,"event_name":"Big Fish","floor":4,"gold_loss":0},{"damage_healed":0,"gold_gain":0,"player_choice":"Got Potions","damage_taken":0,"max_hp_gain":0,"max_hp_loss":0,"event_name":"Lab","floor":14,"gold_loss":0}],"is_beta":false,"boss_relics":[{"not_picked":["Empty Cage","Velvet Choker"],"picked":"Busted Crown"}],"items_purged_floors":[],"is_endless":false,"potions_floor_spawned":[1,5,8,12],"ascension_level":0}