{"gold_per_floor":[112,112,187,187,202,231,231,248,248,24,58,6,17,31,31,126,126,138,149,50,50,65,65,76,109,187,217,217,217,233,247,247,247],"floor_reached":33,"playtime":1332,"items_purged":["Strike_G"],"score":347,"play_id":"015e3552-3596-4678-b7a1-a620944f0aee","local_time":"20181109144904","is_ascension_mode":false,"campfire_choices":[{"data":"Prepared","floor":7,"key":"SMITH"},{"floor":15,"key":"REST"},{"data":"After Image","floor":23,"key":"SMITH"},{"floor":29,"key":"REST"},{"data":"Bane","floor":32,"key":"SMITH"}],"neow_cost":"NONE","seed_source_timestamp":2542561344340422,"circlet_count":0,"master_deck":["Defend_G+1","Defend_G+1","Defend_G+1","Defend_G+1","Defend_G+1","Strike_G+1","Strike_G+1","Strike_G+1","Survivor","Neutralize","Masterful Stab+1","Bane","Prepared+1","Eviscerate","Crippling Poison","Bane+1","Dagger Throw","Noxious Fumes","Sucker Punch","After Image+1","Tactician","Deadly Poison","Quick Slash","Caltrops+1","Dagger Throw+1","Bane","Cloak And Dagger+1","Poisoned Stab+1","Poisoned Stab+1"],"relics":["Ring of the Snake","NeowsBlessing","Mummified Hand","Tough Bandages","Snake Skull","Happy Flower","Darkstone Periapt","Runic Dome","Dodecahedron","Sundial","Gambling Chip"],"potions_floor_usage":[11,16,18,25,30],"damage_taken":[{"damage":0,"enemies":"Cultist","floor":1,"turns":1},{"damage":0,"enemies":"Small Slimes","floor":5,"turns":1},{"damage":0,"enemies":"3 Sentries","floor":6,"turns":1},{"damage":0,"enemies":"2 Louse","floor":8,"turns":1},{"damage":13,"enemies":"Lagavulin","floor":11,"turns":4},{"damage":9,"enemies":"Blue Slaver","floor":13,"turns":2},{"damage":14,"enemies":"Gremlin Gang","floor":14,"turns":4},{"damage":11,"enemies":"Slime Boss","floor":16,"turns":8},{"damage":5,"enemies":"2 Thieves","floor":18,"turns":4},{"damage":6,"enemies":"Chosen","floor":19,"turns":5},{"damage":17,"enemies":"Snake Plant","floor":22,"turns":4},{"damage":0,"enemies":"Snecko","floor":24,"turns":5},{"damage":0,"enemies":"Gremlin Leader","floor":25,"turns":5},{"damage":12,"enemies":"Slavers","floor":27,"turns":4},{"damage":11,"enemies":"Sentry and Sphere","floor":30,"turns":3},{"damage":0,"enemies":"Shelled Parasite and Fungi","floor":31,"turns":3},{"damage":40,"enemies":"Collector","floor":33,"turns":6}],"seed_played":"-8629337371431001516","potions_obtained":[{"floor":1,"key":"SkillPotion"},{"floor":13,"key":"Strength Potion"},{"floor":16,"key":"AttackPotion"},{"floor":19,"key":"Dexterity Potion"},{"floor":25,"key":"GamblersBrew"}],"is_trial":false,"path_per_floor":["M","?","?","?","M","E","R","M","T","$","E","$","M","M","R","B",null,"M","M","$","?","M","R","M","E","T","E","?","R","M","M","R","B"],"character_chosen":"THE_SILENT","items_purchased":["Crippling Poison","Happy Flower","Dagger Throw","Quick Slash"],"campfire_rested":2,"item_purchase_floors":[10,10,12,20],"current_hp_per_floor":[70,70,70,58,58,58,58,58,58,58,45,45,36,22,43,32,70,65,59,59,59,42,42,42,42,42,30,30,51,40,40,40,0],"gold":247,"neow_bonus":"THREE_ENEMY_KILL","is_prod":false,"is_daily":false,"chose_seed":false,"campfire_upgraded":3,"win_rate":0,"timestamp":1541796544,"path_taken":["M","?","?","?","M","E","R","M","T","?","E","$","M","M","R","BOSS","M","?","$","?","M","R","?","E","T","E","?","R","M","M","R","BOSS"],"build_version":"2018-11-08","purchased_purges":1,"victory":false,"max_hp_per_floor":[70,70,70,70,70,70,70,70,70,70,70,70,70,70,70,70,70,70,70,70,70,70,70,70,70,70,70,70,70,70,70,70,70],"card_choices":[{"not_picked":["Noxious Fumes","Sucker Punch"],"picked":"Masterful Stab","floor":1},{"not_picked":["PiercingWail","Acrobatics"],"picked":"Bane","floor":5},{"not_picked":["Underhanded Strike","Caltrops"],"picked":"Prepared","floor":6},{"not_picked":["Acrobatics","Backflip"],"picked":"Eviscerate","floor":8},{"not_picked":["Riddle With Holes","Quick Slash"],"picked":"Bane","floor":11},{"not_picked":["Prepared","Choke"],"picked":"Noxious Fumes","floor":13},{"not_picked":["Concentrate","A Thousand Cuts"],"picked":"Sucker Punch","floor":14},{"not_picked":["Wraith Form v2","A Thousand Cuts"],"picked":"After Image","floor":16},{"not_picked":["Dagger Throw","Prepared"],"picked":"Tactician","floor":18},{"not_picked":["Sucker Punch","PiercingWail"],"picked":"Deadly Poison","floor":19},{"not_picked":["Poisoned Stab","Underhanded Strike"],"picked":"Caltrops+1","floor":22},{"not_picked":["Terror","Flying Knee+1"],"picked":"Dagger Throw+1","floor":24},{"not_picked":["Slice","Masterful Stab"],"picked":"Bane","floor":25},{"not_picked":["Acrobatics","Backflip+1"],"picked":"Cloak And Dagger+1","floor":27},{"not_picked":["Backflip+1","Dagger Throw"],"picked":"Poisoned Stab+1","floor":30},{"not_picked":["Tactician","Sucker Punch"],"picked":"Poisoned Stab+1","floor":31}],"player_experience":215068,"relics_obtained":[{"floor":6,"key":"Tough Bandages"},{"floor":9,"key":"Snake Skull"},{"floor":11,"key":"Darkstone Periapt"},{"floor":25,"key":"Dodecahedron"},{"floor":26,"key":"Sundial"},{"floor":27,"key":"Gambling Chip"}],"event_choices":[{"damage_healed":0,"gold_gain":0,"player_choice":"Grow","damage_taken":0,"max_hp_gain":0,"max_hp_loss":0,"event_name":"Living Wall","floor":2,"gold_loss":0,"cards_upgraded":["Masterful Stab"]},{"damage_healed":0,"gold_gain":75,"player_choice":"Gained Gold","damage_taken":0,"max_hp_gain":0,"max_hp_loss":0,"event_name":"Golden Wing","floor":3,"gold_loss":0},{"damage_healed":0,"gold_gain":0,"player_choice":"Success","damage_taken":12,"relics_obtained":["Mummified Hand"],"max_hp_gain":0,"max_hp_loss":0,"event_name":"Scrap Ooze","floor":4,"gold_loss":0},{"cards_removed":["Strike_G"],"damage_healed":0,"gold_gain":0,"player_choice":"Offered Basic","damage_taken":0,"max_hp_gain":0,"max_hp_loss":0,"event_name":"Bonfire Elementals","floor":21,"gold_loss":0},{"damage_healed":0,"gold_gain":0,"player_choice":"Simplicity","damage_taken":0,"max_hp_gain":0,"max_hp_loss":0,"event_name":"Back to Basics","floor":28,"gold_loss":0,"cards_upgraded":["Defend_G","Defend_G","Defend_G","Defend_G","Defend_G","Strike_G","Strike_G","Strike_G"]}],"is_beta":true,"boss_relics":[{"not_picked":["Pandora\u0027s Box","WristBlade"],"picked":"Runic Dome"}],"items_purged_floors":[20],"is_endless":false,"potions_floor_spawned":[1,13,16,19,25],"killed_by":"Collector","ascension_level":0}