{"gold_per_floor":[115,3,33,52,64,64,94,108,108,124,138,138,168,182,182,277,277,289,307,320,320],"floor_reached":21,"playtime":1111,"items_purged":[],"score":205,"play_id":"9f314f36-d3e7-4c98-8a6f-b51aaf791cde","local_time":"20190810183909","is_ascension_mode":true,"campfire_choices":[{"floor":6,"key":"REST"},{"floor":12,"key":"REST"},{"floor":15,"key":"REST"}],"neow_cost":"CURSE","seed_source_timestamp":65577278856807,"circlet_count":0,"master_deck":["Strike_R","Strike_R","Strike_R","Strike_R","Strike_R","Defend_R","Defend_R","Defend_R","Defend_R","Bash","Decay","Barricade","Metallicize","Spot Weakness","Spot Weakness","Perfected Strike","Perfected Strike","Dual Wield","Shrug It Off","Disarm","Fiend Fire","Heavy Blade+1","Disarm"],"relics":["Black Blood","Tiny Chest","Nunchaku","Matryoshka","Bird Faced Urn"],"potions_floor_usage":[7,10,11,14,16,18,19],"damage_taken":[{"damage":10,"enemies":"Jaw Worm","floor":1,"turns":5},{"damage":9,"enemies":"2 Louse","floor":4,"turns":3},{"damage":3,"enemies":"Cultist","floor":5,"turns":3},{"damage":27,"enemies":"3 Sentries","floor":7,"turns":8},{"damage":11,"enemies":"Blue Slaver","floor":8,"turns":3},{"damage":5,"enemies":"Lots of Slimes","floor":10,"turns":3},{"damage":10,"enemies":"Gremlin Gang","floor":11,"turns":3},{"damage":39,"enemies":"Lagavulin","floor":13,"turns":6},{"damage":18,"enemies":"Blue Slaver","floor":14,"turns":4},{"damage":21,"enemies":"Slime Boss","floor":16,"turns":15},{"damage":58,"enemies":"Spheric Guardian","floor":18,"turns":8},{"damage":27,"enemies":"Chosen","floor":19,"turns":9},{"damage":31,"enemies":"Snake Plant","floor":20,"turns":4},{"damage":24,"enemies":"3 Cultists","floor":21,"turns":4}],"seed_played":"-2022188589967432440","potions_obtained":[{"floor":1,"key":"Poison Potion"},{"floor":8,"key":"Explosive Potion"},{"floor":10,"key":"Explosive Potion"},{"floor":11,"key":"Strength Potion"},{"floor":13,"key":"SkillPotion"},{"floor":16,"key":"BloodPotion"},{"floor":18,"key":"SkillPotion"}],"is_trial":false,"path_per_floor":["M","$","?","M","M","R","E","M","T","M","M","R","E","M","R","B",null,"M","M","M","M"],"character_chosen":"IRONCLAD","items_purchased":["Metallicize","Spot Weakness"],"campfire_rested":3,"item_purchase_floors":[2,2],"current_hp_per_floor":[76,76,43,40,43,67,46,41,41,42,38,62,29,17,41,30,80,56,41,22,0],"gold":320,"neow_bonus":"THREE_RARE_CARDS","is_prod":false,"is_daily":false,"chose_seed":false,"campfire_upgraded":0,"win_rate":0,"timestamp":1565476749,"path_taken":["M","$","?","M","M","R","E","M","T","M","M","R","E","M","R","BOSS","M","M","M","M"],"build_version":"2019-07-17","purchased_purges":0,"victory":false,"max_hp_per_floor":[80,80,80,80,80,80,80,80,80,80,80,80,80,80,80,80,80,80,80,80,80],"card_choices":[{"not_picked":["Berserk","Limit Break"],"picked":"Barricade","floor":0},{"not_picked":["Rage","Power Through","Flex"],"picked":"SKIP","floor":1},{"not_picked":["Searing Blow","Blood for Blood"],"picked":"Spot Weakness","floor":4},{"not_picked":["Body Slam","Bloodletting"],"picked":"Perfected Strike","floor":5},{"not_picked":["Body Slam","Carnage"],"picked":"Perfected Strike","floor":7},{"not_picked":["Blood for Blood","Headbutt","Thunderclap"],"picked":"SKIP","floor":8},{"not_picked":["Iron Wave","Rage"],"picked":"Dual Wield","floor":10},{"not_picked":["Clothesline","Feel No Pain"],"picked":"Shrug It Off","floor":11},{"not_picked":["Sever Soul","Headbutt","Searing Blow"],"picked":"SKIP","floor":13},{"not_picked":["Clothesline","Feel No Pain"],"picked":"Disarm","floor":14},{"not_picked":["Impervious","Dark Embrace"],"picked":"Fiend Fire","floor":16},{"not_picked":["Evolve","Warcry"],"picked":"Heavy Blade+1","floor":18},{"not_picked":["Clothesline","Reckless Charge","Body Slam"],"picked":"SKIP","floor":19},{"not_picked":["Body Slam","Evolve+1"],"picked":"Disarm","floor":20}],"player_experience":73437,"relics_obtained":[{"floor":7,"key":"Nunchaku"},{"floor":9,"key":"Matryoshka"},{"floor":13,"key":"Bird Faced Urn"}],"event_choices":[{"damage_healed":0,"gold_gain":0,"player_choice":"Success","damage_taken":33,"relics_obtained":["Tiny Chest"],"max_hp_gain":0,"max_hp_loss":0,"event_name":"Scrap Ooze","floor":3,"gold_loss":0}],"is_beta":false,"boss_relics":[{"not_picked":["Runic Pyramid","Velvet Choker"],"picked":"Black Blood"}],"items_purged_floors":[],"is_endless":false,"potions_floor_spawned":[1,8,10,11,13,16,18],"killed_by":"3 Cultists","ascension_level":1}