{"gold_per_floor":[16,26,26,26,41,41,51,69,69,87,97,97,97,117,117,117],"floor_reached":16,"playtime":1097,"items_purged":[],"score":120,"play_id":"1734cdcc-4df6-42db-b93c-83ddc0cb602b","local_time":"20180714192959","is_ascension_mode":true,"campfire_choices":[{"data":"Genetic Algorithm","floor":6,"key":"SMITH"},{"data":"Zap","floor":13,"key":"SMITH"},{"floor":15,"key":"REST"}],"neow_cost":"NO_GOLD","seed_source_timestamp":2663864209843,"circlet_count":0,"master_deck":["Strike_B","Strike_B","Strike_B","Defend_B","Defend_B","Defend_B","Defend_B","Zap+1","Dualcast","Genetic Algorithm+1","Recycle","FTL","Reinforced Body"],"relics":["Cracked Core","Ice Cream","Matryoshka","Dodecahedron"],"potions_floor_usage":[7,16,16],"damage_taken":[{"damage":0,"enemies":"Cultist","floor":1,"turns":3},{"damage":0,"enemies":"Small Slimes","floor":2,"turns":3},{"damage":0,"enemies":"2 Louse","floor":5,"turns":2},{"damage":2,"enemies":"2 Fungi Beasts","floor":7,"turns":4},{"damage":2,"enemies":"Blue Slaver","floor":8,"turns":4},{"damage":11,"enemies":"Large Slime","floor":10,"turns":5},{"damage":25,"enemies":"Lots of Slimes","floor":11,"turns":7},{"damage":2,"enemies":"2 Fungi Beasts","floor":14,"turns":3},{"damage":38,"enemies":"Slime Boss","floor":16,"turns":12}],"seed_played":"-6197679692074500381","potions_obtained":[{"floor":2,"key":"EssenceOfSteel"},{"floor":5,"key":"Explosive Potion"},{"floor":11,"key":"Weak Potion"}],"is_trial":false,"path_per_floor":["M","M","?","?","M","R","M","M","T","M","M","?","R","M","R"],"character_chosen":"DEFECT","items_purchased":[],"campfire_rested":1,"item_purchase_floors":[],"current_hp_per_floor":[75,75,75,75,75,75,73,71,71,60,35,10,10,8,30,0],"gold":117,"neow_bonus":"ONE_RARE_RELIC","is_prod":false,"is_daily":false,"chose_seed":false,"campfire_upgraded":2,"win_rate":0,"timestamp":1531589399,"path_taken":["M","?","?","?","M","R","?","M","T","?","M","?","R","M","R","BOSS"],"build_version":"2018-07-13","purchased_purges":0,"victory":false,"max_hp_per_floor":[75,75,75,75,75,75,75,75,75,75,75,75,75,75,75,75],"card_choices":[{"not_picked":["Cold Snap","Barrage"],"picked":"Genetic Algorithm","floor":1},{"not_picked":["Coolheaded","Chill","Rebound"],"picked":"SKIP","floor":2},{"not_picked":["Doom and Gloom","Compile Driver","Melter"],"picked":"SKIP","floor":5},{"not_picked":["Redo","Leap"],"picked":"Recycle","floor":7},{"not_picked":["Redo","Sweeping Beam","Lockon"],"picked":"SKIP","floor":8},{"not_picked":["Genetic Algorithm","Cold Snap"],"picked":"FTL","floor":10},{"not_picked":["Darkness","Gash","Cold Snap"],"picked":"SKIP","floor":11},{"not_picked":["Glacier","Compile Driver"],"picked":"Reinforced Body","floor":14}],"player_experience":249928,"relics_obtained":[{"floor":9,"key":"Matryoshka"}],"event_choices":[{"event_name":"Liars Game","player_choice":"disagreed","floor":3,"damage_taken":0},{"event_name":"Living Wall","player_choice":"Forget","floor":4,"damage_taken":0},{"event_name":"Scrap Ooze","player_choice":"success","floor":12,"damage_taken":25}],"boss_relics":[],"items_purged_floors":[],"is_endless":false,"potions_floor_spawned":[2,5,11],"killed_by":"Slime Boss","ascension_level":5}