{"gold_per_floor":[110,120,120,131,56,56,56,84,153,183,203,218,299,350,350,350],"floor_reached":16,"playtime":651,"items_purged":["Strike_R"],"score":110,"play_id":"eabd545f-71f3-4c48-8b29-932ce89dc6c1","local_time":"20190204184429","is_ascension_mode":false,"campfire_choices":[{"data":"Body Slam","floor":6,"key":"SMITH"},{"data":"Metallicize","floor":15,"key":"SMITH"}],"neow_cost":"NONE","seed_source_timestamp":637585437172206,"circlet_count":0,"master_deck":["Strike_R","Strike_R","Strike_R+1","Strike_R+1","Defend_R","Defend_R","Defend_R","Defend_R","Bash","Whirlwind+1","Disarm","Body Slam+1","Battle Trance","Ghostly Armor","Metallicize+1"],"relics":["Burning Blood","Whetstone","Mummified Hand","Centennial Puzzle","Ornamental Fan","Bag of Preparation"],"potions_floor_usage":[1,8,8,16],"damage_taken":[{"damage":1,"enemies":"Cultist","floor":1,"turns":4},{"damage":3,"enemies":"Jaw Worm","floor":2,"turns":5},{"damage":0,"enemies":"Small Slimes","floor":4,"turns":3},{"damage":40,"enemies":"Lagavulin","floor":8,"turns":9},{"damage":20,"enemies":"Gremlin Nob","floor":10,"turns":4},{"damage":10,"enemies":"Looter","floor":11,"turns":3},{"damage":1,"enemies":"3 Louse","floor":12,"turns":2},{"damage":44,"enemies":"Slime Boss","floor":16,"turns":8}],"seed_played":"6626701251382639078","potions_obtained":[{"floor":0,"key":"Fruit Juice"},{"floor":0,"key":"Weak Potion"},{"floor":0,"key":"Explosive Potion"},{"floor":4,"key":"SkillPotion"},{"floor":12,"key":"Dexterity Potion"}],"is_trial":false,"path_per_floor":["M","M","?","M","$","R","?","E","T","E","M","M","T","T","R","B"],"character_chosen":"IRONCLAD","items_purchased":[],"campfire_rested":0,"item_purchase_floors":[],"current_hp_per_floor":[85,85,85,85,85,85,85,51,51,37,33,38,38,38,38,0],"gold":350,"neow_bonus":"THREE_SMALL_POTIONS","is_prod":false,"is_daily":false,"chose_seed":false,"campfire_upgraded":2,"win_rate":0,"timestamp":1549273469,"path_taken":["M","M","?","?","$","R","?","E","T","E","M","?","?","?","R","BOSS"],"build_version":"2019-01-23","purchased_purges":1,"victory":false,"max_hp_per_floor":[85,85,85,85,85,85,85,85,85,85,85,85,85,85,85,85],"card_choices":[{"not_picked":["Wild Strike","Thunderclap"],"picked":"Whirlwind","floor":1},{"not_picked":["Anger","Havoc"],"picked":"Disarm","floor":2},{"not_picked":["Thunderclap","Shrug It Off"],"picked":"Body Slam","floor":4},{"not_picked":["Heavy Blade","Headbutt","Dropkick"],"picked":"SKIP","floor":8},{"not_picked":["Perfected Strike","Thunderclap"],"picked":"Battle Trance","floor":10},{"not_picked":["Brutality","Fire Breathing"],"picked":"Ghostly Armor","floor":11},{"not_picked":["Clothesline","Clash"],"picked":"Metallicize","floor":12}],"player_experience":134961,"relics_obtained":[{"floor":8,"key":"Whetstone"},{"floor":9,"key":"Mummified Hand"},{"floor":10,"key":"Centennial Puzzle"},{"floor":13,"key":"Ornamental Fan"},{"floor":14,"key":"Bag of Preparation"}],"event_choices":[{"damage_healed":0,"gold_gain":0,"player_choice":"Upgraded","damage_taken":0,"max_hp_gain":0,"max_hp_loss":0,"event_name":"Upgrade Shrine","floor":3,"gold_loss":0,"cards_upgraded":["Whirlwind"]},{"damage_healed":0,"gold_gain":0,"player_choice":"Bought 0 Potions","damage_taken":0,"max_hp_gain":0,"max_hp_loss":0,"event_name":"The Woman in Blue","floor":7,"gold_loss":0}],"is_beta":false,"boss_relics":[],"items_purged_floors":[5],"is_endless":false,"potions_floor_spawned":[4,12],"killed_by":"Slime Boss","ascension_level":0}