{"gold_per_floor":[118,118,132,152,167,167,198,198,198,229,244,261,22,38,38,139,139,150,250,269,124,124,155,155,30,30,30,59,74,74,21,21,124,124,143,169,180,111,111,111,131,156,156,169,169,197,0,15,15,15,15,15,15,47,47],"floor_reached":56,"playtime":3518,"items_purged":["Strike_R","Strike_R"],"score":1255,"play_id":"8be90775-68cc-444f-895a-1aa63c0faf7f","local_time":"20190213190137","is_ascension_mode":false,"campfire_choices":[{"data":"Body Slam","floor":6.0,"key":"SMITH"},{"data":"Uppercut","floor":8.0,"key":"SMITH"},{"data":"Body Slam","floor":15.0,"key":"SMITH"},{"data":"Metallicize","floor":24.0,"key":"SMITH"},{"data":"Metallicize","floor":30.0,"key":"SMITH"},{"data":"Immolate","floor":32.0,"key":"SMITH"},{"data":"Bash","floor":40.0,"key":"SMITH"},{"data":"Defend_R","floor":45.0,"key":"SMITH"},{"floor":49.0,"key":"RECALL"},{"data":"Defend_R","floor":52.0,"key":"SMITH"}],"neow_cost":"NONE","seed_source_timestamp":0,"circlet_count":0,"master_deck":["Strike_R","Strike_R","Strike_R","Defend_R","Defend_R","Defend_R+1","Defend_R+1","Bash+1","Armaments+1","Metallicize+1","Body Slam+1","Uppercut+1","Reaper","Metallicize+1","Body Slam+1","Battle Trance+1","Juggernaut+1","True Grit+1","Evolve+1","Hemokinesis+1","Shrug It Off+1","Immolate+1","Bloodletting+1","Flex+1","Limit Break+1","Battle Trance+1","Spot Weakness+1","Apotheosis+1","Carnage+1","Entrench+1","Wild Strike+1"],"special_seed":0,"relics":["Burning Blood","NeowsBlessing","Orichalcum","Pen Nib","Toxic Egg 2","Frozen Egg 2","Lizard Tail","Vajra","Blue Candle","Darkstone Periapt","Mark of Pain","Bottled Tornado","Thread and Needle","Centennial Puzzle","Red Mask","Gambling Chip"],"potions_floor_usage":[],"damage_taken":[{"damage":0.0,"enemies":"Jaw Worm","floor":1.0,"turns":1.0},{"damage":0.0,"enemies":"2 Louse","floor":3.0,"turns":1.0},{"damage":0.0,"enemies":"Cultist","floor":4.0,"turns":1.0},{"damage":8.0,"enemies":"Red Slaver","floor":5.0,"turns":5.0},{"damage":16.0,"enemies":"Lagavulin","floor":7.0,"turns":8.0},{"damage":9.0,"enemies":"Gremlin Nob","floor":10.0,"turns":4.0},{"damage":5.0,"enemies":"2 Fungi Beasts","floor":11.0,"turns":3.0},{"damage":0.0,"enemies":"Exordium Wildlife","floor":12.0,"turns":4.0},{"damage":2.0,"enemies":"Red Slaver","floor":14.0,"turns":4.0},{"damage":24.0,"enemies":"The Guardian","floor":16.0,"turns":13.0},{"damage":13.0,"enemies":"2 Thieves","floor":18.0,"turns":4.0},{"damage":14.0,"enemies":"Chosen","floor":20.0,"turns":5.0},{"damage":0.0,"enemies":"Book of Stabbing","floor":23.0,"turns":8.0},{"damage":19.0,"enemies":"Slavers","floor":28.0,"turns":6.0},{"damage":13.0,"enemies":"Snecko","floor":29.0,"turns":6.0},{"damage":31.0,"enemies":"Collector","floor":33.0,"turns":10.0},{"damage":10.0,"enemies":"Orb Walker","floor":35.0,"turns":4.0},{"damage":0.0,"enemies":"3 Shapes","floor":37.0,"turns":5.0},{"damage":33.0,"enemies":"Spire Growth","floor":41.0,"turns":4.0},{"damage":8.0,"enemies":"Nemesis","floor":42.0,"turns":5.0},{"damage":16.0,"enemies":"3 Darklings","floor":44.0,"turns":3.0},{"damage":64.0,"enemies":"Reptomancer","floor":46.0,"turns":5.0},{"damage":5.0,"enemies":"Transient","floor":48.0,"turns":5.0},{"damage":63.0,"enemies":"Donu and Deca","floor":50.0,"turns":8.0},{"damage":17.0,"enemies":"Shield and Spear","floor":54.0,"turns":5.0},{"damage":158,"enemies":"The Heart","floor":55,"turns":9}],"seed_played":"4124966808229576836","potions_obtained":[{"floor":5.0,"key":"LiquidBronze"},{"floor":7.0,"key":"AttackPotion"},{"floor":11.0,"key":"GamblersBrew"},{"floor":14.0,"key":"Energy Potion"},{"floor":18.0,"key":"Dexterity Potion"},{"floor":20.0,"key":"EssenceOfSteel"},{"floor":23.0,"key":"BloodPotion"},{"floor":29.0,"key":"Swift Potion"},{"floor":37.0,"key":"Energy Potion"},{"floor":48.0,"key":"Explosive Potion"}],"is_trial":false,"path_per_floor":["M","?","M","M","M","R","E","R","T","E","M","M","$","M","R","B",null,"M","?","M","$","?","E","R","$","T","?","E","M","R","$","R","B",null,"M","T","M","$","?","R","M","E","T","M","R","E","?","M","R","B",null,"R","$","E","B",null],"character_chosen":"IRONCLAD","items_purchased":["Frozen Egg 2","Evolve+1","Shrug It Off+1","Flex+1","Spot Weakness+1"],"campfire_rested":0,"item_purchase_floors":[13,21,25,31,38],"current_hp_per_floor":[80,80,80,80,78,78,68,68,68,65,74,80,80,80,80,62,80,73,73,65,65,65,71,71,71,71,71,64,62,62,62,62,44,80,80,80,80,80,80,80,53,59,59,80,80,68,68,80,80,57,80,80,80,77,10],"gold":47,"neow_bonus":"THREE_ENEMY_KILL","is_prod":false,"is_daily":false,"chose_seed":false,"campfire_upgraded":9,"win_rate":0,"timestamp":1550052097,"path_taken":["M","?","M","M","M","R","E","R","T","E","M","M","$","M","R","BOSS","M","?","?","$","?","E","R","$","T","?","E","M","R","?","R","BOSS","M","?","M","$","?","R","M","E","T","M","R","E","?","M","R","BOSS","R","$","E","BOSS"],"build_version":"2019-01-23","purchased_purges":2,"victory":true,"max_hp_per_floor":[80,80,80,80,80,80,80,80,80,80,80,80,80,80,80,80,80,80,80,80,80,80,80,80,80,80,80,80,80,80,80,80,80,80,80,80,80,80,80,80,80,80,80,80,80,80,80,80,80,80,80,80,80,80,80],"card_choices":[{"not_picked":["Clash","Flex"],"picked":"Armaments","floor":1.0},{"not_picked":["Clash","Warcry"],"picked":"Metallicize","floor":3.0},{"not_picked":["Havoc","Wild Strike"],"picked":"Body Slam","floor":4.0},{"not_picked":["Perfected Strike","Burning Pact","Searing Blow"],"picked":"SKIP","floor":5.0},{"not_picked":["Perfected Strike","Dropkick"],"picked":"Uppercut","floor":7.0},{"not_picked":["Fire Breathing","Seeing Red"],"picked":"Reaper","floor":10.0},{"not_picked":["Corruption","Armaments+1"],"picked":"Metallicize","floor":11.0},{"not_picked":["Anger","Pommel Strike"],"picked":"Body Slam","floor":12.0},{"not_picked":["Twin Strike","Body Slam"],"picked":"Battle Trance+1","floor":14.0},{"not_picked":["Reaper","Fiend Fire"],"picked":"Juggernaut+1","floor":16.0},{"not_picked":["Heavy Blade","Warcry+1","Sever Soul+1"],"picked":"SKIP","floor":18.0},{"not_picked":["Wild Strike","Pommel Strike+1"],"picked":"True Grit+1","floor":20.0},{"not_picked":["Thunderclap","Headbutt"],"picked":"Hemokinesis+1","floor":23.0},{"not_picked":["Fire Breathing+1","True Grit+1"],"picked":"Immolate","floor":28.0},{"not_picked":["Corruption+1","Metallicize+1"],"picked":"Bloodletting+1","floor":29.0},{"not_picked":["Exhume+1","Fiend Fire"],"picked":"Limit Break+1","floor":33.0},{"not_picked":["Havoc+1","Sever Soul+1","Twin Strike+1"],"picked":"SKIP","floor":35.0},{"not_picked":["Heavy Blade","Perfected Strike+1"],"picked":"Battle Trance+1","floor":37.0},{"not_picked":["Violence+1","Sadistic Nature+1"],"picked":"Apotheosis+1","floor":39.0},{"not_picked":["Thunderclap","Clothesline+1"],"picked":"Carnage+1","floor":41.0},{"not_picked":["Blood for Blood","Thunderclap+1","True Grit+1"],"picked":"SKIP","floor":42.0},{"not_picked":["Rampage","Armaments+1","Iron Wave"],"picked":"SKIP","floor":44.0},{"not_picked":["True Grit+1","Bloodletting+1"],"picked":"Entrench+1","floor":46.0},{"not_picked":["Havoc+1","Body Slam+1"],"picked":"Wild Strike+1","floor":48.0},{"not_picked":["Warcry+1","Perfected Strike","Dark Embrace+1"],"picked":"SKIP","floor":54.0}],"player_experience":201166,"relics_obtained":[{"floor":7.0,"key":"Orichalcum"},{"floor":9.0,"key":"Pen Nib"},{"floor":10.0,"key":"Toxic Egg 2"},{"floor":23.0,"key":"Vajra"},{"floor":26.0,"key":"Blue Candle"},{"floor":28.0,"key":"Darkstone Periapt"},{"floor":42.0,"key":"Bottled Tornado"},{"floor":43.0,"key":"Thread and Needle"},{"floor":46.0,"key":"Centennial Puzzle"},{"floor":54.0,"key":"Gambling Chip"}],"event_choices":[{"damage_healed":0.0,"max_hp_gain":0.0,"max_hp_loss":0.0,"gold_gain":0.0,"event_name":"Living Wall","player_choice":"Grow","floor":2.0,"gold_loss":0.0,"damage_taken":0.0,"cards_upgraded":["Armaments"]},{"damage_healed":0.0,"max_hp_gain":0.0,"max_hp_loss":0.0,"gold_gain":100.0,"event_name":"Golden Shrine","player_choice":"Pray","floor":19.0,"gold_loss":0.0,"damage_taken":0.0},{"damage_healed":0.0,"max_hp_gain":0.0,"max_hp_loss":0.0,"gold_gain":0.0,"event_name":"Ghosts","player_choice":"Ignored","floor":22.0,"gold_loss":0.0,"damage_taken":0.0},{"damage_healed":0.0,"max_hp_gain":0.0,"max_hp_loss":0.0,"gold_gain":0.0,"event_name":"SensoryStone","player_choice":"Memory 1","floor":39.0,"gold_loss":0.0,"damage_taken":0.0},{"damage_healed":0.0,"max_hp_gain":0.0,"max_hp_loss":0.0,"gold_gain":0.0,"event_name":"Tomb of Lord Red Mask","player_choice":"Paid","floor":47.0,"gold_loss":197.0,"damage_taken":0.0,"relics_obtained":["Red Mask"]}],"is_beta":false,"boss_relics":[{"not_picked":["Tiny House","Busted Crown"],"picked":"Lizard Tail"},{"not_picked":["Pandora\u0027s Box","Black Star"],"picked":"Mark of Pain"}],"items_purged_floors":[21,25],"is_endless":false,"potions_floor_spawned":[5,7,11,12,14,18,20,23,29,37,48],"ascension_level":0}