{"gold_per_floor":[119,135,152,29,48,48,48,78,103,438,438,513,513,531,531,626,626,645,570,163,175,192,192,221,221,272,291,303,303,218,93,93,198,198,216,233,42,54,54,54,65,65],"floor_reached":42,"playtime":3034,"items_purged":["Strike_R","Defend_R","Strike_R","Decay"],"score":443,"play_id":"9c26b416-484a-43e0-8a42-264112bf3b86","local_time":"20190129160538","is_ascension_mode":false,"campfire_choices":[{"data":"Intimidate","floor":6,"key":"SMITH"},{"data":"Twin Strike","floor":11,"key":"SMITH"},{"data":"Anger","floor":13,"key":"SMITH"},{"data":"Iron Wave","floor":15,"key":"SMITH"},{"data":"Armaments","floor":23,"key":"SMITH"},{"data":"Limit Break","floor":25,"key":"SMITH"},{"data":"Inflame","floor":29,"key":"SMITH"},{"floor":32,"key":"REST"},{"floor":40,"key":"REST"}],"neow_cost":"NONE","seed_source_timestamp":107256658073729,"circlet_count":0,"master_deck":["Strike_R+1","Defend_R","Defend_R","Defend_R","Bash+1","Shrug It Off","Intimidate+1","Twin Strike+1","Anger+1","Iron Wave+1","Limit Break+1","Flex","Flex","Iron Wave","Pommel Strike","Cleave","Flex","Armaments+1","Reaper","Inflame+1","Evolve","Dual Wield","Armaments+1","Limit Break","Doubt","Parasite","Spot Weakness+1","Pommel Strike+1","Feed","Battle Trance+1","Secret Technique","Armaments+1","Cleave+1"],"relics":["Burning Blood","Whetstone","Dream Catcher","Bag of Preparation","Old Coin","Orrery","Bottled Flame","Anchor","Red Skull","Sundial","Calling Bell","Smiling Mask","Kunai","Ginger"],"potions_floor_usage":[24,33,38,41],"damage_taken":[{"damage":1,"enemies":"Jaw Worm","floor":1,"turns":3},{"damage":5,"enemies":"2 Louse","floor":2,"turns":3},{"damage":0,"enemies":"Small Slimes","floor":3,"turns":4},{"damage":9,"enemies":"2 Fungi Beasts","floor":5,"turns":5},{"damage":20,"enemies":"3 Sentries","floor":10,"turns":10},{"damage":0,"enemies":"Looter","floor":14,"turns":3},{"damage":8,"enemies":"Hexaghost","floor":16,"turns":9},{"damage":6,"enemies":"Shell Parasite","floor":18,"turns":6},{"damage":12,"enemies":"2 Thieves","floor":21,"turns":3},{"damage":21,"enemies":"Snake Plant","floor":22,"turns":6},{"damage":16,"enemies":"Gremlin Leader","floor":24,"turns":6},{"damage":46,"enemies":"Sentry and Sphere","floor":27,"turns":7},{"damage":20,"enemies":"Snecko","floor":28,"turns":5},{"damage":56,"enemies":"Champ","floor":33,"turns":12},{"damage":30,"enemies":"3 Shapes","floor":35,"turns":5},{"damage":15,"enemies":"Orb Walker","floor":36,"turns":4},{"damage":39,"enemies":"Maw","floor":38,"turns":7},{"damage":53,"enemies":"4 Shapes","floor":41,"turns":7},{"damage":55,"enemies":"Transient","floor":42,"turns":4}],"seed_played":"-5454859834545199127","potions_obtained":[{"floor":1,"key":"Energy Potion"},{"floor":2,"key":"SpeedPotion"},{"floor":10,"key":"SmokeBomb"},{"floor":18,"key":"SkillPotion"},{"floor":28,"key":"GamblersBrew"},{"floor":33,"key":"Strength Potion"},{"floor":36,"key":"SteroidPotion"}],"is_trial":false,"path_per_floor":["M","M","M","$","M","R","?","?","T","E","R","?","R","M","R","B",null,"M","?","$","M","M","R","E","R","T","M","M","R","?","$","R","B",null,"M","M","$","M","?","R","M","M"],"character_chosen":"IRONCLAD","items_purchased":["Twin Strike","Armaments","Bottled Flame","Feed"],"campfire_rested":2,"item_purchase_floors":[4,20,20,37],"current_hp_per_floor":[80,80,80,80,77,77,77,77,77,63,63,52,52,58,58,56,80,80,80,80,74,63,63,80,80,80,47,46,46,46,46,70,51,80,56,63,63,30,30,54,7,0],"gold":65,"neow_bonus":"RANDOM_COMMON_RELIC","is_prod":false,"is_daily":false,"chose_seed":false,"campfire_upgraded":7,"win_rate":0.0,"timestamp":1548745538,"path_taken":["M","M","M","$","M","R","?","?","T","E","R","?","R","M","R","BOSS","M","?","$","M","M","R","E","R","T","M","M","R","?","$","R","BOSS","M","M","$","M","?","R","M","M"],"build_version":"2019-01-23","purchased_purges":4,"victory":false,"max_hp_per_floor":[80,80,80,80,80,80,80,80,80,80,80,80,80,80,80,80,80,80,80,80,80,80,80,80,80,80,80,80,80,80,80,80,80,80,80,80,80,80,80,80,80,80],"card_choices":[{"not_picked":["Corruption","Thunderclap","Shockwave"],"picked":"SKIP","floor":1},{"not_picked":["Flex","Body Slam"],"picked":"Shrug It Off","floor":2},{"not_picked":["Warcry","Corruption"],"picked":"Intimidate","floor":3},{"not_picked":["Hemokinesis","Perfected Strike","Intimidate"],"picked":"SKIP","floor":5},{"not_picked":["Thunderclap","Whirlwind"],"picked":"Anger","floor":10},{"not_picked":["Dropkick","Fire Breathing"],"picked":"Iron Wave","floor":14},{"not_picked":["Double Tap","Feed"],"picked":"Limit Break","floor":16},{"not_picked":["Shrug It Off","Shockwave"],"picked":"Flex","floor":17},{"not_picked":["Warcry","Clothesline"],"picked":"Flex","floor":17},{"not_picked":["Anger","Shockwave"],"picked":"Iron Wave","floor":17},{"not_picked":["Perfected Strike","Juggernaut"],"picked":"Pommel Strike","floor":17},{"not_picked":["Anger","Heavy Blade"],"picked":"Cleave","floor":17},{"not_picked":["Twin Strike","Feel No Pain"],"picked":"Flex","floor":18},{"not_picked":["Searing Blow","Hemokinesis+1"],"picked":"Reaper","floor":21},{"not_picked":["Sword Boomerang+1","Shockwave"],"picked":"Inflame","floor":22},{"not_picked":["Carnage","Power Through","Body Slam"],"picked":"SKIP","floor":24},{"not_picked":["Headbutt","Twin Strike"],"picked":"Evolve","floor":27},{"not_picked":["Flex","Anger"],"picked":"Dual Wield","floor":28},{"not_picked":["Warcry","Fire Breathing"],"picked":"Armaments+1","floor":32},{"not_picked":["Dark Embrace","Bludgeon"],"picked":"Limit Break","floor":33},{"not_picked":["Warcry","Cleave+1"],"picked":"Spot Weakness+1","floor":35},{"not_picked":["Clothesline+1","Corruption"],"picked":"Pommel Strike+1","floor":36},{"not_picked":["Cleave","Iron Wave"],"picked":"Battle Trance+1","floor":38},{"not_picked":["Thinking Ahead","Sadistic Nature"],"picked":"Secret Technique","floor":39},{"not_picked":["Wild Strike","Intimidate+1"],"picked":"Armaments+1","floor":40},{"not_picked":["Perfected Strike","Clash"],"picked":"Cleave+1","floor":41}],"player_experience":22821,"relics_obtained":[{"floor":9,"key":"Bag of Preparation"},{"floor":10,"key":"Old Coin"},{"floor":24,"key":"Anchor"},{"floor":26,"key":"Red Skull"},{"floor":34,"key":"Smiling Mask"},{"floor":34,"key":"Kunai"},{"floor":34,"key":"Ginger"}],"event_choices":[{"cards_removed":["Strike_R"],"damage_healed":0,"gold_gain":0,"player_choice":"Forget","damage_taken":0,"max_hp_gain":0,"max_hp_loss":0,"event_name":"Living Wall","floor":7,"gold_loss":0},{"damage_healed":0,"gold_gain":30,"player_choice":"Searched \u00272\u0027 times","damage_taken":0,"relics_obtained":["Dream Catcher"],"max_hp_gain":0,"max_hp_loss":0,"event_name":"Dead Adventurer","floor":8,"gold_loss":0},{"damage_healed":0,"gold_gain":75,"player_choice":"Gather Gold","damage_taken":11,"max_hp_gain":0,"max_hp_loss":0,"event_name":"World of Goop","floor":12,"gold_loss":0},{"cards_removed":["Strike_R"],"damage_healed":0,"gold_gain":0,"player_choice":"Gave Gold","damage_taken":0,"max_hp_gain":0,"max_hp_loss":0,"event_name":"Beggar","floor":19,"gold_loss":75},{"damage_healed":0,"gold_gain":0,"player_choice":"Obtained Relic","damage_taken":0,"relics_obtained":["Sundial"],"max_hp_gain":0,"max_hp_loss":0,"event_name":"Addict","floor":30,"gold_loss":85},{"damage_healed":0,"gold_gain":0,"player_choice":"Memory 1","damage_taken":0,"max_hp_gain":0,"max_hp_loss":0,"event_name":"SensoryStone","floor":39,"gold_loss":0}],"is_beta":false,"boss_relics":[{"not_picked":["Empty Cage","Lizard Tail"],"picked":"Orrery"},{"not_picked":["Coffee Dripper","Black Star"],"picked":"Calling Bell"}],"items_purged_floors":[4,20,31,37],"is_endless":false,"potions_floor_spawned":[1,2,10,18,28,33,35,36],"killed_by":"Transient","ascension_level":0}