{"path_per_floor":["M","$","M","?","?","R","E","R","T","M","R","$","R","M","R","B",null,"M","M","$","M","?","R","$","M","T","R","M","R","M","?","R","B",null,"M","M","?","M","M","R","E","$","T","?","R","M","$","M","R"],"character_chosen":"IRONCLAD","items_purchased":["Combust","Inflame","True Grit","Metallicize","Blood for Blood"],"gold_per_floor":[116,7,18,18,18,18,52,52,52,63,63,63,63,75,75,175,175,186,203,15,33,33,33,33,47,47,47,66,66,79,79,79,184,184,194,211,211,228,242,242,272,71,71,71,71,83,46,57,57,57],"floor_reached":50,"campfire_rested":4,"playtime":3219,"item_purchase_floors":[2,20,20,42,47],"current_hp_per_floor":[77,77,80,64,90,90,81,81,81,84,84,84,84,90,90,64,90,64,58,58,61,45,45,45,40,40,40,12,40,42,23,53,14,104,90,78,78,74,67,67,20,20,20,20,54,46,46,37,71,0],"items_purged":["Strike_R","Strike_R","Strike_R"],"gold":57,"score":569,"play_id":"6aba0930-fe87-4288-bd69-fdaf0f68998f","local_time":"20180605004307","is_prod":false,"is_daily":false,"chose_seed":false,"is_ascension_mode":true,"campfire_upgraded":8,"win_rate":0,"timestamp":1528152187,"campfire_choices":[{"data":"Bash","floor":6,"key":"SMITH"},{"data":"Rage","floor":8,"key":"SMITH"},{"data":"Combust","floor":11,"key":"SMITH"},{"data":"Immolate","floor":13,"key":"SMITH"},{"data":"Disarm","floor":15,"key":"SMITH"},{"data":"True Grit","floor":23,"key":"SMITH"},{"data":"Combust","floor":27,"key":"SMITH"},{"floor":29,"key":"REST"},{"floor":32,"key":"REST"},{"data":"Fiend Fire","floor":40,"key":"SMITH"},{"floor":45,"key":"REST"},{"floor":49,"key":"REST"}],"path_taken":["M","$","M","?","?","R","E","R","T","M","R","$","R","M","R","BOSS","M","M","$","?","?","R","$","M","T","R","M","R","M","?","R","BOSS","M","M","?","M","?","R","E","$","T","?","R","M","$","?","R","BOSS"],"build_version":"2018-05-30v2","seed_source_timestamp":41509895665939,"purchased_purges":3,"victory":false,"master_deck":["Strike_R","Defend_R","Defend_R","Defend_R","Defend_R+1","Bash+1","Combust+1","Cleave","Rage+1","Immolate+1","Disarm+1","Feed","Flex+1","Battle Trance+1","Inflame","True Grit+1","Blood for Blood","Combust+1","Fiend Fire+1","Intimidate+1","Shrug It Off+1","Inflame","Metallicize","Blood for Blood","Flex+1"],"max_hp_per_floor":[80,80,80,80,90,90,90,90,90,90,90,90,90,90,90,90,90,90,90,90,93,93,93,93,96,96,96,96,96,96,101,101,104,104,104,107,107,107,107,107,114,114,114,114,114,114,114,114,114,114],"relics":["Burning Blood","Mummified Hand","Bottled Tornado","Runic Pyramid","Nilry\u0027s Codex","Dodecahedron","Runic Cube","Strawberry","Girya"],"card_choices":[{"not_picked":["Body Slam","Havoc","Warcry"],"picked":"SKIP","floor":1},{"not_picked":["Clothesline","Searing Blow"],"picked":"Cleave","floor":3},{"not_picked":["Anger","Thunderclap"],"picked":"Rage","floor":7},{"not_picked":["Rage","Twin Strike"],"picked":"Immolate","floor":10},{"not_picked":["Pommel Strike","Havoc"],"picked":"Disarm","floor":14},{"not_picked":["Berserk","Impervious"],"picked":"Feed","floor":16},{"not_picked":["Iron Wave","Entrench"],"picked":"Flex+1","floor":18},{"not_picked":["Clothesline","Wild Strike"],"picked":"Battle Trance+1","floor":19},{"not_picked":["Second Wind","Clash"],"picked":"Blood for Blood","floor":21},{"not_picked":["Hemokinesis","Flex"],"picked":"Combust","floor":25},{"not_picked":["True Grit","Body Slam","Iron Wave"],"picked":"SKIP","floor":28},{"not_picked":["Searing Blow","Perfected Strike","True Grit"],"picked":"SKIP","floor":30},{"not_picked":["Feed","Exhume"],"picked":"Fiend Fire","floor":33},{"not_picked":["Havoc+1","Burning Pact+1","Armaments"],"picked":"SKIP","floor":35},{"not_picked":["Rage","Hemokinesis+1"],"picked":"Intimidate+1","floor":36},{"not_picked":["Havoc","Second Wind"],"picked":"Shrug It Off+1","floor":38},{"not_picked":["Twin Strike+1","Combust"],"picked":"Inflame","floor":39},{"not_picked":["Intimidate+1","Twin Strike+1","Flex"],"picked":"SKIP","floor":41},{"not_picked":["Uppercut","Sword Boomerang","Warcry"],"picked":"SKIP","floor":46},{"not_picked":["Bloodletting","Perfected Strike+1"],"picked":"Flex+1","floor":48}],"player_experience":125055,"potions_floor_usage":[14,16,21,25,25,33,38,46,46,50],"damage_taken":[{"damage":9,"enemies":"2 Louse","floor":1,"turns":4},{"damage":1,"enemies":"Small Slimes","floor":3,"turns":3},{"damage":15,"enemies":"Gremlin Nob","floor":7,"turns":4},{"damage":3,"enemies":"Jaw Worm","floor":10,"turns":3},{"damage":0,"enemies":"Looter","floor":14,"turns":1},{"damage":32,"enemies":"Hexaghost","floor":16,"turns":8},{"damage":32,"enemies":"Spheric Guardian","floor":18,"turns":5},{"damage":12,"enemies":"Shell Parasite","floor":19,"turns":6},{"damage":6,"enemies":"Snake Plant","floor":21,"turns":3},{"damage":14,"enemies":"Cultist and Chosen","floor":25,"turns":4},{"damage":34,"enemies":"Centurion and Healer","floor":28,"turns":5},{"damage":4,"enemies":"3 Cultists","floor":30,"turns":2},{"damage":48,"enemies":"Automaton","floor":33,"turns":8},{"damage":20,"enemies":"3 Darklings","floor":35,"turns":5},{"damage":21,"enemies":"3 Shapes","floor":36,"turns":3},{"damage":10,"enemies":"Maw","floor":38,"turns":6},{"damage":13,"enemies":"3 Darklings","floor":39,"turns":3},{"damage":60,"enemies":"Nemesis","floor":41,"turns":7},{"damage":14,"enemies":"Spire Growth","floor":46,"turns":5},{"damage":15,"enemies":"Flame Bruiser 2 Orb","floor":48,"turns":3},{"damage":105,"enemies":"Time Eater","floor":50,"turns":11}],"relics_obtained":[{"floor":7,"key":"Mummified Hand"},{"floor":9,"key":"Bottled Tornado"},{"floor":22,"key":"Nilry\u0027s Codex"},{"floor":26,"key":"Dodecahedron"},{"floor":41,"key":"Strawberry"},{"floor":43,"key":"Girya"}],"event_choices":[{"event_name":"Shining Light","player_choice":"Entered Light","floor":4,"damage_taken":0},{"event_name":"Bonfire Elementals","player_choice":"RARE","floor":5,"damage_taken":0},{"event_name":"Cursed Tome","player_choice":"Obtained Book","floor":22,"damage_taken":0},{"event_name":"Forgotten Altar","player_choice":"Shed Blood","floor":31,"damage_taken":0},{"event_name":"Match and Keep!","player_choice":"0 cards matched","floor":37,"damage_taken":0},{"event_name":"Purifier","player_choice":"One Purge","floor":44,"damage_taken":0}],"boss_relics":[{"not_picked":["Runic Dome","White Beast Statue"],"picked":"Runic Pyramid"},{"not_picked":["Pandora\u0027s Box","Velvet Choker"],"picked":"Runic Cube"}],"items_purged_floors":[2,20,42],"potions_floor_spawned":[7,10,14,19,21,25,35,36,39,46],"seed_played":"6869830033571889238","killed_by":"Time Eater","ascension_level":2,"potions_obtained":[{"floor":7,"key":"Explosive Potion"},{"floor":10,"key":"Ancient Potion"},{"floor":14,"key":"SteroidPotion"},{"floor":19,"key":"Swift Potion"},{"floor":21,"key":"Swift Potion"},{"floor":25,"key":"Energy Potion"},{"floor":35,"key":"Ancient Potion"},{"floor":36,"key":"Weak Potion"},{"floor":39,"key":"EssenceOfSteel"},{"floor":46,"key":"Strength Potion"}],"is_trial":false}