{"gold_per_floor":[113,127,139,89,105,105,130,146,146,180,194,210,210,226,226,226],"floor_reached":16,"playtime":656,"items_purged":[],"score":133,"play_id":"7301bdcd-5747-4650-9912-1c3acee68b17","local_time":"20190607211328","is_ascension_mode":true,"campfire_choices":[{"data":"Iron Wave","floor":6,"key":"SMITH"},{"data":"True Grit","floor":13,"key":"SMITH"},{"floor":15,"key":"REST"}],"neow_cost":"NONE","seed_source_timestamp":9808716289049,"circlet_count":0,"master_deck":["Strike_R","Strike_R","Strike_R","Strike_R","Defend_R","Defend_R","Defend_R","Defend_R","Bash","Rupture","Wild Strike","Ghostly Armor","Iron Wave+1","Hemokinesis","Iron Wave","Demon Form","True Grit+1","Evolve"],"relics":["Burning Blood","NeowsBlessing","Question Card","Singing Bowl","Kunai"],"potions_floor_usage":[10,10,16,16],"damage_taken":[{"damage":0,"enemies":"Cultist","floor":1,"turns":1},{"damage":0,"enemies":"Jaw Worm","floor":2,"turns":1},{"damage":0,"enemies":"Small Slimes","floor":3,"turns":1},{"damage":9,"enemies":"Blue Slaver","floor":5,"turns":5},{"damage":20,"enemies":"Gremlin Nob","floor":7,"turns":5},{"damage":17,"enemies":"Exordium Wildlife","floor":8,"turns":5},{"damage":33,"enemies":"Lagavulin","floor":10,"turns":8},{"damage":3,"enemies":"Looter","floor":11,"turns":3},{"damage":10,"enemies":"Exordium Thugs","floor":12,"turns":5},{"damage":9,"enemies":"3 Louse","floor":14,"turns":5},{"damage":66,"enemies":"Slime Boss","floor":16,"turns":9}],"seed_played":"2498669274094560132","potions_obtained":[{"floor":1,"key":"SkillPotion"},{"floor":8,"key":"Regen Potion"},{"floor":11,"key":"EssenceOfSteel"},{"floor":14,"key":"LiquidBronze"}],"is_trial":false,"path_per_floor":["M","M","M","?","M","R","E","M","T","E","M","M","R","M","R","B"],"character_chosen":"IRONCLAD","items_purchased":[],"campfire_rested":1,"item_purchase_floors":[],"current_hp_per_floor":[80,80,80,80,77,77,63,52,52,42,45,41,41,38,62,0],"gold":226,"neow_bonus":"THREE_ENEMY_KILL","is_prod":false,"is_daily":false,"chose_seed":false,"campfire_upgraded":2,"win_rate":0,"timestamp":1559956408,"path_taken":["M","M","?","?","M","R","E","M","T","E","M","M","R","M","R","BOSS"],"build_version":"2019-01-23","purchased_purges":0,"victory":false,"max_hp_per_floor":[80,80,80,80,80,80,80,80,80,82,82,82,82,82,82,82],"card_choices":[{"not_picked":["Pummel","Twin Strike"],"picked":"Rupture","floor":1},{"not_picked":["Flex","Sword Boomerang"],"picked":"Wild Strike","floor":2},{"not_picked":["Thunderclap","Twin Strike"],"picked":"Ghostly Armor","floor":3},{"not_picked":["Perfected Strike","Shrug It Off"],"picked":"Iron Wave","floor":5},{"not_picked":["True Grit","Heavy Blade"],"picked":"Hemokinesis","floor":7},{"not_picked":["Body Slam","Perfected Strike","Thunderclap"],"picked":"Iron Wave","floor":8},{"not_picked":["Thunderclap","Clash","Body Slam","Entrench"],"picked":"Singing Bowl","floor":10},{"not_picked":["Sword Boomerang","Wild Strike","Pommel Strike"],"picked":"Demon Form","floor":11},{"not_picked":["Wild Strike","Havoc","Corruption"],"picked":"True Grit","floor":12},{"not_picked":["True Grit","Body Slam","Dropkick"],"picked":"Evolve","floor":14}],"player_experience":121953,"relics_obtained":[{"floor":7,"key":"Question Card"},{"floor":9,"key":"Singing Bowl"},{"floor":10,"key":"Kunai"}],"event_choices":[{"cards_removed":["Strike_R"],"damage_healed":0,"gold_gain":0,"player_choice":"Card Removal","damage_taken":0,"max_hp_gain":0,"max_hp_loss":0,"event_name":"The Cleric","floor":4,"gold_loss":50}],"is_beta":false,"boss_relics":[],"items_purged_floors":[],"is_endless":false,"potions_floor_spawned":[1,8,11,14],"killed_by":"Slime Boss","ascension_level":3}