{"path_per_floor":["M","$","?","?","M","E","R","E","T","?","R","$","M","M","R","B",null,"M","?","$","M","$","E","R","M","T","R","M","R","M"],"character_chosen":"DEFECT","items_purchased":["Gash","Finesse","Steam","Scrape"],"gold_per_floor":[110,73,73,73,90,125,125,154,181,181,181,48,66,79,79,178,178,196,111,31,41,41,70,70,80,80,80,92,92,103,103],"floor_reached":31,"campfire_rested":1,"playtime":2037,"item_purchase_floors":[2,12,12,20],"current_hp_per_floor":[75,75,75,75,75,75,75,61,61,61,61,61,53,48,75,50,75,58,58,58,58,58,51,51,47,47,47,44,44,18,0],"items_purged":[],"gold":103,"score":288,"play_id":"6f18ff45-483c-47b4-b218-b10e3c56ce65","local_time":"20180519161623","is_prod":false,"is_daily":false,"chose_seed":false,"is_ascension_mode":false,"campfire_upgraded":5,"timestamp":1526764583,"campfire_choices":[{"data":"Hologram","floor":7,"key":"SMITH"},{"data":"Zap","floor":11,"key":"SMITH"},{"floor":15,"key":"REST"},{"data":"White Noise","floor":24,"key":"SMITH"},{"data":"Zap","floor":27,"key":"SMITH"},{"data":"Dualcast","floor":29,"key":"SMITH"}],"path_taken":["M","$","?","?","M","E","R","E","T","?","R","$","M","M","R","BOSS","M","?","$","M","$","E","R","?","T","R","M","R","M","M"],"build_version":"2018-05-18","seed_source_timestamp":251635041179568,"purchased_purges":0,"victory":false,"master_deck":["Strike_B","Strike_B","Strike_B","Strike_B","Defend_B","Defend_B","Defend_B","Defend_B","Zap+1","Dualcast+1","Chaos","Gash","Hologram+1","Hello World","Zap+1","Machine Learning","Finesse","Steam","Go for the Eyes","Biased Cognition","FTL+1","Scrape","White Noise+1","Rebound+1"],"max_hp_per_floor":[75,75,75,75,75,75,75,75,75,75,75,75,75,75,75,75,75,75,75,75,75,75,75,75,75,75,75,75,75,75,75],"relics":["Cracked Core","NeowsBlessing","Regal Pillow","Kunai","Pen Nib","Runic Dome","Mercury Hourglass","Art of War","Bottled Tornado"],"card_choices":[{"not_picked":["Conserve Battery","Capacitor"],"picked":"Chaos","floor":1},{"not_picked":["Axe Kick","Streamline"],"picked":"Hologram","floor":5},{"not_picked":["Storm","Doom and Gloom","Tempest"],"picked":"SKIP","floor":6},{"not_picked":["Tempest","Ball Lightning"],"picked":"Hello World","floor":8},{"not_picked":["Genetic Algorithm","Auto Shields"],"picked":"Go for the Eyes","floor":13},{"not_picked":["Static Discharge","Fusion","Leap"],"picked":"SKIP","floor":14},{"not_picked":["Thunder Strike","Multi-Cast"],"picked":"Biased Cognition","floor":16},{"not_picked":["Go for the Eyes+1","Sunder"],"picked":"FTL+1","floor":18},{"not_picked":["Leap+1","Sweeping Beam+1"],"picked":"White Noise","floor":21},{"not_picked":["Heatsinks","Capacitor+1","Melter"],"picked":"SKIP","floor":23},{"not_picked":["Cold Snap","Ball Lightning","Machine Learning"],"picked":"SKIP","floor":25},{"not_picked":["Turbo","Go for the Eyes"],"picked":"Rebound+1","floor":28},{"not_picked":["Hologram","Skim","Genetic Algorithm"],"picked":"SKIP","floor":30}],"player_experience":153970,"potions_floor_usage":[8,23,23,31,31],"damage_taken":[{"damage":0,"enemies":"Jaw Worm","floor":1,"turns":1},{"damage":0,"enemies":"Cultist","floor":5,"turns":1},{"damage":0,"enemies":"Gremlin Nob","floor":6,"turns":1},{"damage":14,"enemies":"3 Sentries","floor":8,"turns":5},{"damage":8,"enemies":"Small Slimes","floor":13,"turns":2},{"damage":5,"enemies":"Red Slaver","floor":14,"turns":3},{"damage":25,"enemies":"Slime Boss","floor":16,"turns":9},{"damage":17,"enemies":"Shell Parasite","floor":18,"turns":4},{"damage":0,"enemies":"Spheric Guardian","floor":21,"turns":3},{"damage":22,"enemies":"Gremlin Leader","floor":23,"turns":7},{"damage":4,"enemies":"Cultist and Chosen","floor":25,"turns":5},{"damage":3,"enemies":"Snecko","floor":28,"turns":3},{"damage":26,"enemies":"Slaver and Parasite","floor":30,"turns":7},{"damage":22,"enemies":"Snake Plant","floor":31,"turns":2}],"relics_obtained":[{"floor":6,"key":"Regal Pillow"},{"floor":8,"key":"Kunai"},{"floor":9,"key":"Pen Nib"},{"floor":23,"key":"Art of War"},{"floor":26,"key":"Bottled Tornado"}],"event_choices":[{"event_name":"Wheel of Change","player_choice":"Full Heal","floor":3,"damage_taken":0},{"event_name":"The Lab","player_choice":"Got Potions","floor":4,"damage_taken":0},{"event_name":"Match and Keep!","player_choice":"2 cards matched","floor":10,"damage_taken":0},{"event_name":"Addict","player_choice":"Obtained Relic","floor":19,"damage_taken":0}],"boss_relics":[{"not_picked":["Lizard Tail","Cursed Key"],"picked":"Runic Dome"}],"items_purged_floors":[],"potions_floor_spawned":[1,6,8,14,18,21,25],"seed_played":"-4743425269907218939","killed_by":"Snake Plant","ascension_level":0,"potions_obtained":[{"floor":1,"key":"Regen Potion"},{"floor":4,"key":"Strength Potion"},{"floor":4,"key":"Poison Potion"},{"floor":8,"key":"Ancient Potion"},{"floor":25,"key":"GamblersBrew"}],"is_trial":false}