{"gold_per_floor":[130,142,154,166,196,219,260,282,347,359,371,414,72,102,102,202,202,185,198,213,213,230,258,268,268,268,295,312,50,50,0,0,105,105,117,134,151,151],"floor_reached":38,"playtime":1859,"items_purged":["Strike_R","Mind Blast"],"score":635,"play_id":"d2df9682-469a-451b-947a-24866f5da755","local_time":"20190803234717","is_ascension_mode":true,"campfire_choices":[{"data":"Flex","floor":11,"key":"SMITH"},{"data":"Anger","floor":15,"key":"SMITH"},{"floor":32,"key":"REST"}],"neow_cost":"NONE","seed_source_timestamp":51934793829252,"circlet_count":0,"master_deck":["Defend_R","Defend_R","Defend_R","Defend_R","Bash","Flame Barrier","Pummel","Twin Strike","Flex+1","Anger+1","Thunderclap","Shrug It Off","Limit Break","Ghostly Armor","Pommel Strike","Bite","Bite","Bite","Bite","Bite","Battle Trance+1","Havoc","Immolate","Juggernaut","Spot Weakness"],"relics":["Burning Blood","MawBank","Kunai","Orichalcum","Smiling Mask","PreservedInsect","Meat on the Bone","Bronze Scales","Black Star","Red Skull","Omamori","Singing Bowl","Lantern","Ancient Tea Set","Letter Opener","White Beast Statue"],"potions_floor_usage":[7,14,16,16,20,33,33,33,37],"damage_taken":[{"damage":1,"enemies":"Cultist","floor":1,"turns":4},{"damage":1,"enemies":"2 Louse","floor":5,"turns":3},{"damage":6,"enemies":"Small Slimes","floor":6,"turns":3},{"damage":24,"enemies":"Gremlin Nob","floor":7,"turns":4},{"damage":10,"enemies":"Looter","floor":8,"turns":4},{"damage":22,"enemies":"3 Sentries","floor":12,"turns":10},{"damage":14,"enemies":"Lagavulin","floor":14,"turns":3},{"damage":40,"enemies":"Hexaghost","floor":16,"turns":10},{"damage":20,"enemies":"2 Thieves","floor":18,"turns":4},{"damage":23,"enemies":"Shell Parasite","floor":19,"turns":7},{"damage":47,"enemies":"Sentry and Sphere","floor":20,"turns":8},{"damage":14,"enemies":"Centurion and Healer","floor":22,"turns":9},{"damage":40,"enemies":"Gremlin Leader","floor":23,"turns":6},{"damage":32,"enemies":"3 Cultists","floor":24,"turns":6},{"damage":57,"enemies":"Book of Stabbing","floor":27,"turns":5},{"damage":14,"enemies":"Snake Plant","floor":28,"turns":2},{"damage":56,"enemies":"Champ","floor":33,"turns":11},{"damage":37,"enemies":"3 Darklings","floor":35,"turns":4},{"damage":24,"enemies":"3 Shapes","floor":36,"turns":4},{"damage":40,"enemies":"3 Darklings","floor":37,"turns":4},{"damage":35,"enemies":"Spire Growth","floor":38,"turns":4}],"seed_played":"-756780935509076372","potions_obtained":[{"floor":1,"key":"Fire Potion"},{"floor":5,"key":"SkillPotion"},{"floor":14,"key":"Fruit Juice"},{"floor":16,"key":"Regen Potion"},{"floor":22,"key":"Dexterity Potion"},{"floor":24,"key":"Swift Potion"},{"floor":27,"key":"GamblersBrew"},{"floor":35,"key":"Strength Potion"},{"floor":36,"key":"Explosive Potion"},{"floor":37,"key":"Fire Potion"}],"is_trial":false,"path_per_floor":["M","$","?","?","M","M","E","M","T","?","R","E","$","E","R","B",null,"M","M","M","?","M","E","M","?","T","E","M","$","?","$","R","B",null,"M","M","M","M"],"character_chosen":"IRONCLAD","items_purchased":["Meat on the Bone","AttackPotion","Letter Opener"],"campfire_rested":1,"item_purchase_floors":[13,13,29],"current_hp_per_floor":[77,77,82,82,85,85,67,63,63,63,63,47,47,51,51,34,76,62,57,40,40,52,36,40,60,60,25,35,35,23,23,42,22,54,43,41,29,0],"gold":151,"neow_bonus":"RANDOM_COMMON_RELIC","is_prod":false,"is_daily":false,"chose_seed":false,"campfire_upgraded":2,"win_rate":0,"timestamp":1564890437,"path_taken":["M","$","?","?","?","M","E","M","T","?","R","E","$","E","R","BOSS","M","M","M","?","M","E","M","?","T","E","M","?","?","$","R","BOSS","M","M","M","M"],"build_version":"2019-07-17","purchased_purges":2,"victory":false,"max_hp_per_floor":[80,80,85,85,85,85,85,85,85,85,85,85,85,85,85,90,90,90,90,90,62,62,62,62,62,62,62,64,64,64,64,64,64,64,66,66,68,68],"card_choices":[{"not_picked":["Shockwave","Combust"],"picked":"Flame Barrier","floor":1},{"not_picked":["Clash","Shockwave"],"picked":"Pummel","floor":5},{"not_picked":["True Grit","Armaments"],"picked":"Twin Strike","floor":6},{"not_picked":["Thunderclap","Heavy Blade"],"picked":"Flex","floor":7},{"not_picked":["Second Wind","Pommel Strike"],"picked":"Anger","floor":8},{"not_picked":["Seeing Red","Searing Blow"],"picked":"Thunderclap","floor":12},{"not_picked":["Searing Blow","Rampage"],"picked":"Shrug It Off","floor":14},{"not_picked":["Fiend Fire","Double Tap"],"picked":"Limit Break","floor":16},{"not_picked":["Bloodletting","Rage+1"],"picked":"Ghostly Armor","floor":18},{"not_picked":["Twin Strike","Cleave"],"picked":"Pommel Strike","floor":19},{"not_picked":["Flex","Blood for Blood+1","Twin Strike+1"],"picked":"SKIP","floor":20},{"not_picked":["Iron Wave+1","Thunderclap","Evolve+1"],"picked":"SKIP","floor":22},{"not_picked":["Sentinel","Blood for Blood"],"picked":"Battle Trance+1","floor":23},{"not_picked":["Warcry","Evolve+1"],"picked":"Havoc","floor":24},{"not_picked":["Flex+1","Pommel Strike"],"picked":"Immolate","floor":27},{"not_picked":["Thunderclap+1","Iron Wave","Corruption"],"picked":"Singing Bowl","floor":28},{"not_picked":["Exhume","Dark Embrace"],"picked":"Juggernaut","floor":33},{"not_picked":["Feel No Pain","Anger+1","Evolve+1"],"picked":"Singing Bowl","floor":35},{"not_picked":["Combust","Armaments+1"],"picked":"Spot Weakness","floor":36},{"not_picked":["Rampage","Wild Strike","Body Slam"],"picked":"Singing Bowl","floor":37}],"player_experience":330605,"relics_obtained":[{"floor":4,"key":"Kunai"},{"floor":7,"key":"Orichalcum"},{"floor":9,"key":"Smiling Mask"},{"floor":12,"key":"PreservedInsect"},{"floor":14,"key":"Bronze Scales"},{"floor":23,"key":"Red Skull"},{"floor":23,"key":"Omamori"},{"floor":26,"key":"Singing Bowl"},{"floor":27,"key":"Lantern"},{"floor":27,"key":"Ancient Tea Set"}],"event_choices":[{"damage_healed":0,"gold_gain":0,"player_choice":"Donut","damage_taken":0,"max_hp_gain":5,"max_hp_loss":0,"event_name":"Big Fish","floor":3,"gold_loss":0},{"damage_healed":0,"gold_gain":0,"player_choice":"Relic","damage_taken":0,"max_hp_gain":0,"max_hp_loss":0,"event_name":"Wheel of Change","floor":4,"gold_loss":0},{"damage_healed":0,"gold_gain":0,"player_choice":"Ignored","damage_taken":0,"max_hp_gain":0,"max_hp_loss":0,"event_name":"Liars Game","floor":10,"gold_loss":0},{"damage_healed":0,"gold_gain":0,"player_choice":"Became a vampire","damage_taken":0,"max_hp_gain":0,"max_hp_loss":28,"event_name":"Vampires","floor":21,"gold_loss":0,"cards_obtained":["Bite","Bite","Bite","Bite","Bite"]},{"damage_healed":20,"gold_gain":0,"player_choice":"Heal","damage_taken":0,"max_hp_gain":0,"max_hp_loss":0,"event_name":"The Library","floor":25,"gold_loss":0},{"damage_healed":0,"gold_gain":0,"player_choice":"CARD ","damage_taken":12,"max_hp_gain":0,"max_hp_loss":0,"event_name":"Knowing Skull","floor":30,"potions_obtained":[],"gold_loss":0,"cards_obtained":["Mind Blast"]}],"is_beta":false,"boss_relics":[{"not_picked":["Lizard Tail","Orrery"],"picked":"Black Star"},{"not_picked":["Pandora\u0027s Box","Astrolabe"],"picked":"White Beast Statue"}],"items_purged_floors":[13,31],"is_endless":false,"potions_floor_spawned":[1,5,14,16,22,24,27,35,36,37],"killed_by":"Spire Growth","ascension_level":8}