{"gold_per_floor":[119,139,17,17,28,28,39,71,97,114,132,132,146,162,162,265,265,245,264,189,200,24,34,34,69,69,69,69,101,116,136,136,239,239,252,252,60,77,0,0,25,42,69,69,18,35,35,47,47,47],"floor_reached":51,"playtime":2212,"items_purged":["Strike_B","Defend_B"],"score":748,"play_id":"f3962354-6c83-47b5-b804-1d67de2a223f","local_time":"20190906200848","is_ascension_mode":false,"campfire_choices":[{"data":"Dualcast","floor":6,"key":"SMITH"},{"data":"Leap","floor":12,"key":"SMITH"},{"data":"Conserve Battery","floor":15,"key":"SMITH"},{"data":"Defragment","floor":24,"key":"SMITH"},{"floor":32,"key":"REST"},{"data":"Defragment","floor":40,"key":"SMITH"},{"floor":47,"key":"REST"},{"floor":49,"key":"REST"}],"neow_cost":"NONE","seed_source_timestamp":1851210231591100,"circlet_count":0,"master_deck":["Strike_B","Defend_B","Zap+1","Dualcast+1","Conserve Battery+1","Leap+1","Ball Lightning","Cold Snap","Seek","Ball Lightning+1","Capacitor","Defragment+1","FTL","Echo Form","BootSequence","Defragment+1","Amplify","Tempest+1","Madness","Madness","Undo+1","Beam Cell"],"relics":["FrozenCore","Boot","Lantern","Potion Belt","Blue Candle","Mummified Hand","Busted Crown","Runic Capacitor","Red Mask","Dream Catcher"],"potions_floor_usage":[8,25,25,25,50],"damage_taken":[{"damage":1,"enemies":"Cultist","floor":1,"turns":3},{"damage":3,"enemies":"Small Slimes","floor":2,"turns":3},{"damage":0,"enemies":"2 Louse","floor":5,"turns":1},{"damage":12,"enemies":"Blue Slaver","floor":7,"turns":2},{"damage":10,"enemies":"Lagavulin","floor":8,"turns":6},{"damage":0,"enemies":"Large Slime","floor":10,"turns":3},{"damage":0,"enemies":"Looter","floor":11,"turns":2},{"damage":3,"enemies":"Gremlin Gang","floor":13,"turns":3},{"damage":3,"enemies":"Exordium Thugs","floor":14,"turns":3},{"damage":18,"enemies":"Slime Boss","floor":16,"turns":11},{"damage":11,"enemies":"2 Thieves","floor":18,"turns":5},{"damage":0,"enemies":"Shell Parasite","floor":19,"turns":4},{"damage":0,"enemies":"Chosen and Byrds","floor":21,"turns":7},{"damage":11,"enemies":"Sentry and Sphere","floor":23,"turns":7},{"damage":6,"enemies":"Slavers","floor":25,"turns":5},{"damage":0,"enemies":"Book of Stabbing","floor":29,"turns":6},{"damage":14,"enemies":"Centurion and Healer","floor":30,"turns":5},{"damage":0,"enemies":"Snake Plant","floor":31,"turns":4},{"damage":7,"enemies":"Automaton","floor":33,"turns":9},{"damage":0,"enemies":"3 Darklings","floor":35,"turns":6},{"damage":6,"enemies":"Orb Walker","floor":38,"turns":4},{"damage":39,"enemies":"Nemesis","floor":41,"turns":7},{"damage":0,"enemies":"Maw","floor":42,"turns":6},{"damage":7,"enemies":"3 Darklings","floor":46,"turns":5},{"damage":15,"enemies":"Jaw Worm Horde","floor":48,"turns":4},{"damage":16,"enemies":"Donu and Deca","floor":50,"turns":8}],"seed_played":"6862889485144100385","potions_obtained":[{"floor":2,"key":"Strength Potion"},{"floor":5,"key":"Energy Potion"},{"floor":13,"key":"GamblersBrew"},{"floor":16,"key":"EssenceOfSteel"},{"floor":18,"key":"Swift Potion"},{"floor":30,"key":"SmokeBomb"},{"floor":33,"key":"Fire Potion"},{"floor":35,"key":"Fire Potion"},{"floor":38,"key":"Strength Potion"}],"is_trial":false,"path_per_floor":["M","M","$","?","M","R","M","E","T","M","M","R","M","M","R","B",null,"M","M","?","M","$","M","R","E","T","?","?","E","M","M","R","B",null,"M","?","$","M","?","R","E","M","T","?","$","M","R","M","R","B",null],"character_chosen":"DEFECT","items_purchased":["Ball Lightning","Defragment","Runic Capacitor","Block Potion"],"campfire_rested":3,"item_purchase_floors":[3,22,37,45],"current_hp_per_floor":[74,71,71,75,75,75,63,53,53,53,53,53,50,47,47,29,75,64,64,64,64,64,53,53,47,47,47,47,47,33,33,55,48,75,75,66,66,60,60,60,21,21,21,21,21,14,36,21,43,27],"gold":47,"neow_bonus":"UPGRADE_CARD","is_prod":false,"is_daily":false,"chose_seed":false,"campfire_upgraded":5,"win_rate":0,"timestamp":1567768128,"path_taken":["M","M","$","?","M","R","M","E","T","?","M","R","?","M","R","BOSS","M","M","?","M","$","M","R","E","T","?","?","E","M","M","R","BOSS","M","?","$","M","?","R","E","M","T","?","$","M","R","?","R","BOSS"],"build_version":"2019-07-17","purchased_purges":2,"victory":true,"max_hp_per_floor":[75,75,75,75,75,75,75,75,75,75,75,75,75,75,75,75,75,75,75,75,75,75,75,75,75,75,75,75,75,75,75,75,75,75,75,75,75,75,75,75,75,75,75,75,75,75,75,75,75,75],"card_choices":[{"not_picked":["Redo","Beam Cell"],"picked":"Conserve Battery","floor":1},{"not_picked":["Gash","Blizzard"],"picked":"Leap","floor":2},{"not_picked":["Gash","Consume","Reprogram"],"picked":"SKIP","floor":5},{"not_picked":["Go for the Eyes","Consume","Leap"],"picked":"SKIP","floor":7},{"not_picked":["Go for the Eyes","Consume"],"picked":"Cold Snap","floor":8},{"not_picked":["Lockon","Rip and Tear","Sweeping Beam"],"picked":"SKIP","floor":10},{"not_picked":["Gash","Streamline","Force Field"],"picked":"SKIP","floor":11},{"not_picked":["Skim","Hologram","Blizzard"],"picked":"SKIP","floor":13},{"not_picked":["Turbo","Reinforced Body","Heatsinks"],"picked":"SKIP","floor":14},{"not_picked":["Multi-Cast","All For One"],"picked":"Seek","floor":16},{"not_picked":["Conserve Battery","Beam Cell"],"picked":"Ball Lightning+1","floor":18},{"not_picked":["Force Field","Rebound+1"],"picked":"Capacitor","floor":19},{"not_picked":["Compile Driver","Rebound+1","Hologram"],"picked":"SKIP","floor":21},{"not_picked":["Hologram","Barrage"],"picked":"FTL","floor":23},{"not_picked":["Skim+1","Cold Snap","Steam"],"picked":"SKIP","floor":25},{"not_picked":["Force Field","Rebound"],"picked":"Defragment","floor":29},{"not_picked":["Sweeping Beam+1","Beam Cell","Rip and Tear+1"],"picked":"SKIP","floor":30},{"not_picked":["Coolheaded","Hologram","All For One"],"picked":"SKIP","floor":31},{"not_picked":["Reboot","Echo Form"],"picked":"Amplify","floor":33},{"not_picked":[],"picked":"Tempest+1","floor":35},{"not_picked":["Leap"],"picked":"SKIP","floor":38},{"not_picked":[],"picked":"Undo+1","floor":41},{"not_picked":["Gash"],"picked":"SKIP","floor":42},{"not_picked":["Go for the Eyes+1"],"picked":"SKIP","floor":46},{"not_picked":["Reprogram+1"],"picked":"SKIP","floor":48}],"player_experience":336098,"relics_obtained":[{"floor":8,"key":"Boot"},{"floor":9,"key":"Lantern"},{"floor":25,"key":"Potion Belt"},{"floor":26,"key":"Blue Candle"},{"floor":29,"key":"Mummified Hand"},{"floor":41,"key":"Dream Catcher"}],"event_choices":[{"damage_healed":4,"gold_gain":0,"player_choice":"Full Heal","damage_taken":0,"max_hp_gain":0,"max_hp_loss":0,"event_name":"Wheel of Change","floor":4,"gold_loss":0},{"cards_removed":["Strike_B"],"damage_healed":0,"gold_gain":0,"player_choice":"Gave Gold","damage_taken":0,"max_hp_gain":0,"max_hp_loss":0,"event_name":"Beggar","floor":20,"gold_loss":75},{"damage_healed":0,"gold_gain":0,"player_choice":"Ignored","damage_taken":0,"max_hp_gain":0,"max_hp_loss":0,"event_name":"Vampires","floor":27,"gold_loss":0},{"damage_healed":0,"gold_gain":0,"cards_transformed":["Strike_B","Defend_B"],"player_choice":"Became Test Subject","damage_taken":0,"max_hp_gain":0,"max_hp_loss":0,"event_name":"Drug Dealer","floor":28,"gold_loss":0,"cards_obtained":["Echo Form","BootSequence"]},{"damage_healed":0,"gold_gain":0,"player_choice":"Embrace Madness","damage_taken":9,"max_hp_gain":0,"max_hp_loss":0,"event_name":"Winding Halls","floor":36,"gold_loss":0,"cards_obtained":["Madness","Madness"]},{"damage_healed":0,"gold_gain":0,"player_choice":"Paid","damage_taken":0,"relics_obtained":["Red Mask"],"max_hp_gain":0,"max_hp_loss":0,"event_name":"Tomb of Lord Red Mask","floor":39,"gold_loss":77},{"damage_healed":0,"gold_gain":0,"cards_transformed":["Defend_B"],"player_choice":"Transformed","damage_taken":0,"max_hp_gain":0,"max_hp_loss":0,"event_name":"Transmorgrifier","floor":44,"gold_loss":0,"cards_obtained":["Beam Cell"]}],"is_beta":false,"boss_relics":[{"not_picked":["Runic Dome","Nuclear Battery"],"picked":"FrozenCore"},{"not_picked":["Philosopher\u0027s Stone","Runic Pyramid"],"picked":"Busted Crown"}],"items_purged_floors":[3,22],"is_endless":false,"potions_floor_spawned":[2,5,13,16,18,21,30,33,35,38],"ascension_level":0}