{"gold_per_floor":[212,222,222,49,64,64,95,22,104,129,129,146,159,169,169,269,269,288,203,233,158,158,158,186,186,210,243,243,256,271,287,287,390,390,410,410,410],"floor_reached":37,"playtime":1917,"items_purged":["Decay"],"score":514,"play_id":"f3502778-22ae-4e6e-8198-595856393880","local_time":"20190205004324","is_ascension_mode":true,"campfire_choices":[{"data":"Neutralize","floor":6.0,"key":"SMITH"},{"floor":11.0,"key":"REST"},{"data":"Footwork","floor":15.0,"key":"SMITH"},{"data":"RitualDagger","floor":23.0,"key":"SMITH"},{"data":"Noxious Fumes","floor":25.0,"key":"SMITH"},{"data":"1","floor":28,"key":"LIFT"},{"data":"2","floor":32,"key":"LIFT"}],"neow_cost":"NONE","seed_source_timestamp":657652249375548,"circlet_count":0,"master_deck":["Survivor","Neutralize+1","Backflip","Backflip","Poisoned Stab","Deadly Poison","Dagger Spray","Noxious Fumes+1","Footwork+1","Deflect","Caltrops","PiercingWail","Dash","Die Die Die","Bane","RitualDagger+1","Dodge and Roll+1","Acrobatics+1","Cloak And Dagger","PiercingWail","Crippling Poison+1","Venomology","Blur","Reflex","Envenom","Malaise","Accuracy","Glass Knife","Underhanded Strike","Die Die Die","Riddle With Holes","Catalyst","Madness","Madness"],"special_seed":0,"relics":["Ring of the Snake","Snake Skull","Shuriken","Bottled Flame","Coffee Dripper","Mango","Tiny Chest","Turnip","Blood Vial","Girya","Pandora\u0027s Box"],"potions_floor_usage":[33,37],"damage_taken":[{"damage":10.0,"enemies":"Cultist","floor":1.0,"turns":6.0},{"damage":0.0,"enemies":"2 Louse","floor":2.0,"turns":3.0},{"damage":2.0,"enemies":"Jaw Worm","floor":5.0,"turns":4.0},{"damage":11.0,"enemies":"Lagavulin","floor":7.0,"turns":8.0},{"damage":29.0,"enemies":"Gremlin Nob","floor":10.0,"turns":5.0},{"damage":2.0,"enemies":"Exordium Thugs","floor":12.0,"turns":4.0},{"damage":0.0,"enemies":"2 Fungi Beasts","floor":13.0,"turns":4.0},{"damage":0.0,"enemies":"Blue Slaver","floor":14.0,"turns":4.0},{"damage":0.0,"enemies":"Hexaghost","floor":16.0,"turns":8.0},{"damage":16.0,"enemies":"Chosen","floor":18.0,"turns":5.0},{"damage":14.0,"enemies":"Slavers","floor":24.0,"turns":5.0},{"damage":31,"enemies":"Gremlin Leader","floor":27,"turns":7},{"damage":16,"enemies":"2 Thieves","floor":29,"turns":3},{"damage":1,"enemies":"Snecko","floor":30,"turns":4},{"damage":3,"enemies":"Snake Plant","floor":31,"turns":5},{"damage":4,"enemies":"Collector","floor":33,"turns":8},{"damage":10,"enemies":"3 Shapes","floor":35,"turns":3},{"damage":76,"enemies":"2 Orb Walkers","floor":37,"turns":4}],"seed_played":"-1880409844399577808","potions_obtained":[{"floor":2.0,"key":"LiquidBronze"},{"floor":10.0,"key":"Weak Potion"},{"floor":13.0,"key":"Energy Potion"},{"floor":14.0,"key":"Energy Potion"},{"floor":16.0,"key":"Strength Potion"},{"floor":29,"key":"SneckoOil"},{"floor":30,"key":"PowerPotion"}],"is_trial":false,"path_per_floor":["M","M","?","$","M","R","E","$","T","E","R","M","M","M","R","B",null,"M","?","T","?","?","R","E","R","T","E","R","M","M","M","R","B",null,"M","?","?"],"character_chosen":"THE_SILENT","items_purchased":["Poisoned Stab","Deadly Poison","Footwork"],"campfire_rested":1,"item_purchase_floors":[4,4,8],"current_hp_per_floor":[60,60,60,60,58,58,47,47,47,18,39,37,37,37,37,37,70,54,68,68,68,62,62,48,48,48,19,19,5,6,5,5,3,84,74,63,0],"gold":410,"neow_bonus":"HUNDRED_GOLD","is_prod":false,"is_daily":false,"chose_seed":false,"campfire_upgraded":4,"win_rate":0,"timestamp":1549295004,"path_taken":["M","?","?","$","M","R","E","$","T","E","R","M","?","M","R","BOSS","M","?","?","?","?","R","E","R","T","E","R","?","M","M","R","BOSS","M","?","?"],"build_version":"2019-01-23","purchased_purges":1,"victory":false,"max_hp_per_floor":[70,70,70,70,70,70,70,70,70,70,70,70,70,70,70,70,70,70,84,84,84,84,84,84,84,84,84,84,84,84,84,84,84,84,84,84,84],"card_choices":[{"not_picked":["Acrobatics","Quick Slash"],"picked":"Backflip","floor":1.0},{"not_picked":["Dodge and Roll","Calculated Gamble"],"picked":"Backflip","floor":2.0},{"not_picked":["Setup","Backflip"],"picked":"Dagger Spray","floor":5.0},{"not_picked":["Predator","Concentrate"],"picked":"Noxious Fumes","floor":7.0},{"not_picked":["A Thousand Cuts","Slice"],"picked":"Deflect","floor":10.0},{"not_picked":["Blade Dance","Deadly Poison"],"picked":"Caltrops","floor":12.0},{"not_picked":["Expertise","Predator"],"picked":"PiercingWail","floor":13.0},{"not_picked":["Blur","Expertise"],"picked":"Dash","floor":14.0},{"not_picked":["Wraith Form v2","Malaise"],"picked":"Die Die Die","floor":16.0},{"not_picked":["Outmaneuver","Blade Dance"],"picked":"Bane","floor":18.0},{"not_picked":["Calculated Gamble","Dagger Throw"],"picked":"Dodge and Roll+1","floor":24.0},{"not_picked":["Heel Hook","Underhanded Strike"],"picked":"Acrobatics+1","floor":27},{"not_picked":["Bane+1","Dagger Spray"],"picked":"Cloak And Dagger","floor":29},{"not_picked":["Poisoned Stab","Dagger Spray"],"picked":"PiercingWail","floor":30},{"not_picked":["Prepared","Sucker Punch"],"picked":"Crippling Poison+1","floor":31},{"not_picked":["Storm of Steel","A Thousand Cuts"],"picked":"Venomology","floor":33},{"not_picked":["Bane+1","Blade Dance+1"],"picked":"Catalyst","floor":35}],"player_experience":144162,"relics_obtained":[{"floor":7.0,"key":"Snake Skull"},{"floor":9.0,"key":"Shuriken"},{"floor":10.0,"key":"Bottled Flame"},{"floor":20.0,"key":"Tiny Chest"},{"floor":24.0,"key":"Turnip"},{"floor":26.0,"key":"Blood Vial"},{"floor":27,"key":"Girya"}],"event_choices":[{"damage_healed":0.0,"max_hp_gain":0.0,"max_hp_loss":0.0,"gold_gain":0.0,"event_name":"Wheel of Change","player_choice":"Cursed","floor":3.0,"gold_loss":0.0,"damage_taken":0.0,"cards_obtained":["Decay"]},{"damage_healed":0.0,"max_hp_gain":0.0,"max_hp_loss":0.0,"gold_gain":0.0,"event_name":"Addict","player_choice":"Obtained Relic","floor":19.0,"gold_loss":85.0,"damage_taken":0.0,"relics_obtained":["Mango"]},{"cards_removed":["Strike_G"],"damage_healed":0.0,"max_hp_gain":0.0,"max_hp_loss":0.0,"gold_gain":0.0,"event_name":"Beggar","player_choice":"Gave Gold","floor":21.0,"gold_loss":75.0,"damage_taken":0.0},{"damage_healed":0.0,"max_hp_gain":0.0,"max_hp_loss":0.0,"gold_gain":0.0,"event_name":"Nest","player_choice":"Joined the Cult","floor":22.0,"gold_loss":0.0,"damage_taken":6.0,"cards_obtained":["RitualDagger"]},{"damage_healed":0,"gold_gain":0,"player_choice":"Embrace Madness","damage_taken":11,"max_hp_gain":0,"max_hp_loss":0,"event_name":"Winding Halls","floor":36,"gold_loss":0,"cards_obtained":["Madness","Madness"]},{"damage_healed":0,"gold_gain":0,"player_choice":"Fight","damage_taken":0,"max_hp_gain":0,"max_hp_loss":0,"event_name":"Mysterious Sphere","floor":37,"gold_loss":0}],"is_beta":false,"boss_relics":[{"not_picked":["Empty Cage","Velvet Choker"],"picked":"Coffee Dripper"},{"not_picked":["Philosopher\u0027s Stone","Runic Pyramid"],"picked":"Pandora\u0027s Box"}],"items_purged_floors":[4],"is_endless":false,"potions_floor_spawned":[2,10,13,14,16,29,30,31],"killed_by":"2 Orb Walkers","ascension_level":2}