{"path_per_floor":["M","M","$","?","M","R","E","?","T","M","M","M","M","?","R"],"character_chosen":"THE_SILENT","items_purchased":["All Out Attack"],"gold_per_floor":[110,130,52,52,69,69,103,167,167,185,201,219,237,262,262],"floor_reached":16,"campfire_rested":1,"playtime":1440,"current_hp_per_floor":[64,60,60,57,56,56,40,40,40,34,34,34,32,32,53],"items_purged":[],"gold":262,"score":104,"play_id":"bddf14c9-a9a7-4de0-befa-50618c0536e4","is_prod":false,"is_daily":false,"is_ascension_mode":false,"campfire_upgraded":1,"path_taken":["M","M","$","?","M","R","E","?","T","M","M","M","?","?","R","BOSS"],"build_version":"2018-02-22-PROD2","purchased_purges":0,"victory":false,"master_deck":["Defend_G","Defend_G","Defend_G","Defend_G","Defend_G","Strike_G","Strike_G","Strike_G","Strike_G","Strike_G","Survivor","Neutralize","Quick Slash","Endless Agony","All Out Attack","Dagger Spray+1","Backflip","Outmaneuver","PiercingWail","Poisoned Stab","Heel Hook","Infinite Blades"],"max_hp_per_floor":[70,70,70,70,70,70,70,70,70,70,70,70,70,70,70],"relics":["Ring of the Snake","Bag of Marbles","Lantern","Bird Faced Urn","Odd Mushroom"],"card_choices":[{"not_picked":["PiercingWail","Distraction"],"picked":"Quick Slash"},{"not_picked":["Slice","PiercingWail"],"picked":"Endless Agony"},{"not_picked":["Acrobatics","Noxious Fumes"],"picked":"Dagger Spray"},{"not_picked":["Tactician","Dagger Spray"],"picked":"Backflip"},{"not_picked":["Sucker Punch","Dagger Throw"],"picked":"Outmaneuver"},{"not_picked":["Outmaneuver","Deflect"],"picked":"PiercingWail"},{"not_picked":["Deadly Poison","Slice"],"picked":"Poisoned Stab"},{"not_picked":["Prepared","Dagger Spray"],"picked":"Heel Hook"},{"not_picked":["Eviscerate","Dagger Throw"],"picked":"Infinite Blades"}],"player_experience":4522,"potions_floor_usage":[7,12,16,16],"damage_taken":[{"damage":6,"enemies":"2 Louse","floor":1,"turns":3},{"damage":4,"enemies":"Jaw Worm","floor":2,"turns":5},{"damage":1,"enemies":"Cultist","floor":5,"turns":3},{"damage":16,"enemies":"Lagavulin","floor":7,"turns":5},{"damage":6,"enemies":"Large Slime","floor":10,"turns":6},{"damage":0,"enemies":"3 Louse","floor":11,"turns":1},{"damage":0,"enemies":"Looter","floor":12,"turns":1},{"damage":2,"enemies":"Red Slaver","floor":13,"turns":3},{"damage":0,"enemies":"The Mushroom Lair","floor":14,"turns":1},{"damage":74,"enemies":"Hexaghost","floor":16,"turns":12}],"event_choices":[{"event_name":"Scrap Ooze","player_choice":"success","floor":4,"damage_taken":3},{"event_name":"Golden Wing","player_choice":"Gained Gold","floor":8,"damage_taken":0},{"event_name":"Mushrooms","player_choice":"Fought Mushrooms","floor":14,"damage_taken":0}],"boss_relics":[],"potions_floor_spawned":[5,7,12,13,14],"seed_played":"1444476658081337706","killed_by":"Hexaghost","ascension_level":0,"is_trial":false}