{"path_per_floor":["M","?","?","M","?","M","M","R","T","E","R","M","?","M","R","B",null,"M","?","M"],"character_chosen":"DEFECT","items_purchased":[],"gold_per_floor":[112,112,112,128,128,139,151,151,205,232,232,252,327,346,346,442,442,455,455,468,468],"floor_reached":21,"campfire_rested":0,"playtime":2060,"item_purchase_floors":[],"current_hp_per_floor":[73,78,62,64,61,63,65,65,65,67,67,69,58,54,54,56,80,75,75,45,0],"items_purged":[],"gold":468,"score":256,"play_id":"94d85ace-263b-42f7-a66d-9bcb08abeb8a","local_time":"20180524225823","is_prod":false,"is_daily":false,"chose_seed":false,"is_ascension_mode":false,"campfire_upgraded":3,"win_rate":0,"timestamp":1527195503,"campfire_choices":[{"data":"Buffer","floor":8,"key":"SMITH"},{"data":"Coolheaded","floor":11,"key":"SMITH"},{"data":"Defragment","floor":15,"key":"SMITH"}],"path_taken":["M","?","?","M","?","M","?","R","T","E","R","M","?","M","R","BOSS","M","?","M","?"],"build_version":"2018-05-23v2","seed_source_timestamp":33405911725808,"purchased_purges":0,"victory":false,"master_deck":["Strike_B","Strike_B","Strike_B","Strike_B","Defend_B+1","Defend_B","Defend_B","Defend_B","Zap+1","Dualcast+1","Glacier+1","Buffer+1","Coolheaded+1","Capacitor","Defragment+1","Rainbow","Ball Lightning","Buffer","Coolheaded","Glacier"],"max_hp_per_floor":[75,80,80,80,80,80,80,80,80,80,80,80,80,80,80,80,80,80,80,80,80],"relics":["Cracked Core","Blood Vial","Boot","Art of War","War Paint","Orrery"],"card_choices":[{"not_picked":["Stack","Capacitor"],"picked":"Glacier","floor":1},{"not_picked":["Hologram","Streamline","Steam"],"picked":"SKIP","floor":4},{"not_picked":["FTL","Go for the Eyes"],"picked":"Buffer","floor":6},{"not_picked":["Doom and Gloom","Gash","Capacitor"],"picked":"SKIP","floor":7},{"not_picked":["Turbo","Buffer"],"picked":"Coolheaded","floor":10},{"not_picked":["Storm","Steam Power"],"picked":"Capacitor","floor":12},{"not_picked":["Doom and Gloom","Steam Power"],"picked":"Defragment","floor":14},{"not_picked":["Biased Cognition","Meteor Strike"],"picked":"Rainbow","floor":16},{"not_picked":["Beam Cell","Hologram"],"picked":"Ball Lightning","floor":17},{"not_picked":["Beam Cell","Force Field"],"picked":"Buffer","floor":17},{"not_picked":["Go for the Eyes","Capacitor"],"picked":"Coolheaded","floor":18},{"not_picked":["Ball Lightning","Steam+1"],"picked":"Glacier","floor":20}],"player_experience":95043,"potions_floor_usage":[10,14,16,16],"damage_taken":[{"damage":2,"enemies":"2 Louse","floor":1,"turns":2},{"damage":0,"enemies":"Jaw Worm","floor":4,"turns":4},{"damage":0,"enemies":"Small Slimes","floor":6,"turns":3},{"damage":0,"enemies":"3 Louse","floor":7,"turns":3},{"damage":0,"enemies":"Gremlin Nob","floor":10,"turns":5},{"damage":0,"enemies":"Looter","floor":12,"turns":4},{"damage":6,"enemies":"2 Fungi Beasts","floor":14,"turns":3},{"damage":0,"enemies":"Slime Boss","floor":16,"turns":16},{"damage":5,"enemies":"3 Byrds","floor":18,"turns":5},{"damage":32,"enemies":"2 Thieves","floor":20,"turns":5},{"damage":50,"enemies":"Masked Bandits","floor":21,"turns":6}],"relics_obtained":[{"floor":9,"key":"Art of War"},{"floor":10,"key":"War Paint"}],"event_choices":[{"event_name":"Big Fish","player_choice":"Donut","floor":2,"damage_taken":0},{"event_name":"Shining Light","player_choice":"Entered Light","floor":3,"damage_taken":0},{"event_name":"Scrap Ooze","player_choice":"success","floor":5,"damage_taken":3},{"event_name":"World of Goop","player_choice":"Gather Gold","floor":13,"damage_taken":0},{"event_name":"The Lab","player_choice":"Got Potions","floor":19,"damage_taken":0},{"event_name":"Masked Bandits","player_choice":"Fought over 468 gold","floor":21,"damage_taken":0}],"boss_relics":[{"not_picked":["Sozu","Astrolabe"],"picked":"Orrery"}],"items_purged_floors":[],"potions_floor_spawned":[4,7,12,14,18],"seed_played":"3546795681831541307","killed_by":"Masked Bandits","ascension_level":0,"potions_obtained":[{"floor":4,"key":"Explosive Potion"},{"floor":7,"key":"Energy Potion"},{"floor":12,"key":"GamblersBrew"},{"floor":14,"key":"Block Potion"},{"floor":18,"key":"Swift Potion"},{"floor":19,"key":"FearPotion"},{"floor":19,"key":"GamblersBrew"}],"is_trial":false}