{"path_per_floor":["M","?","M","M","M","R","M","?","T","R","?","M","$","M","R","B",null,"M","?","$","?","M","E","R","M","T","M","R","M","R","?","R","B",null,"M","M","M","$","M","R","?","?","T","?","M","M","$","M","R","B"],"character_chosen":"DEFECT","items_purchased":["FTL","Gash","Bag of Marbles"],"gold_per_floor":[119,119,132,149,161,161,181,181,181,181,131,150,2,21,21,117,147,165,165,38,38,52,78,78,93,93,104,104,115,115,115,115,216,216,234,245,264,139,157,157,209,209,233,233,253,270,117,128,128,128],"floor_reached":51,"campfire_rested":0,"playtime":3460,"item_purchase_floors":[13,20,47],"current_hp_per_floor":[73,73,70,70,70,70,70,63,63,63,63,63,63,63,63,26,80,78,78,78,78,76,72,72,72,72,72,72,70,70,70,70,37,80,80,80,72,72,66,66,66,66,66,66,66,66,66,66,66,40],"items_purged":["Strike_B","Defend_B","Defend_B"],"gold":128,"score":720,"play_id":"be17aac5-050d-4e37-a7c1-0217e9190181","local_time":"20180612235014","is_prod":false,"is_daily":false,"chose_seed":false,"is_ascension_mode":true,"campfire_upgraded":9,"win_rate":0,"timestamp":1528840214,"campfire_choices":[{"data":"Gash","floor":6,"key":"SMITH"},{"data":"Go for the Eyes","floor":10,"key":"SMITH"},{"data":"Beam Cell","floor":15,"key":"SMITH"},{"data":"Scrape","floor":24,"key":"SMITH"},{"data":"Seek","floor":28,"key":"SMITH"},{"data":"Auto Shields","floor":30,"key":"SMITH"},{"data":"Dualcast","floor":32,"key":"SMITH"},{"data":"Reinforced Body","floor":40,"key":"SMITH"},{"data":"Seek","floor":49,"key":"SMITH"}],"path_taken":["M","?","M","M","M","R","M","?","T","R","?","?","?","M","R","BOSS","M","?","$","?","M","E","R","?","T","M","R","M","R","?","R","BOSS","M","M","M","$","M","R","?","?","T","?","M","M","$","M","R","BOSS"],"build_version":"2018-06-11","seed_source_timestamp":28245705314078,"purchased_purges":3,"victory":true,"master_deck":["Defend_B","Defend_B","Zap+1","Dualcast+1","Gash+1","Go for the Eyes+1","Seek+1","Beam Cell","FTL","Beam Cell+1","Reboot+1","BootSequence+1","Gash","Gash","Scrape+1","Auto Shields+1","Scrape+1","Steam Power+1","Reinforced Body+1","Gash+1","Seek+1","Scrape+1"],"max_hp_per_floor":[75,75,75,75,75,75,75,75,75,75,75,75,75,75,75,75,80,80,80,80,80,80,80,80,80,80,80,80,80,80,80,80,80,80,80,80,80,80,80,80,80,80,80,80,80,80,80,80,80,80],"special_seed":0,"relics":["Cracked Core","Omamori","Tiny House","Boot","Bottled Lightning","Orrery","Prayer Wheel","Vajra","Bag of Marbles"],"card_choices":[{"not_picked":["Cold Snap","Beam Cell","Steam Power"],"picked":"SKIP","floor":1},{"not_picked":["Cold Snap","Beam Cell","Steam Power"],"picked":"SKIP","floor":1},{"not_picked":["Stack","Conserve Battery"],"picked":"Gash","floor":3},{"not_picked":["Turbo","Stack","Reprogram"],"picked":"SKIP","floor":4},{"not_picked":["Redo","Steam Power"],"picked":"Go for the Eyes","floor":5},{"not_picked":["Genetic Algorithm","Double Energy"],"picked":"Seek","floor":7},{"not_picked":["Aggregate","Turbo"],"picked":"Beam Cell","floor":12},{"not_picked":["Cold Snap","Leap"],"picked":"Beam Cell","floor":14},{"not_picked":["Rainbow","Amplify"],"picked":"Reboot","floor":16},{"not_picked":["Go for the Eyes","Heatsinks"],"picked":"Ball Lightning","floor":17},{"not_picked":["Redo+1","Melter"],"picked":"BootSequence+1","floor":18},{"not_picked":["Hologram","Self Repair"],"picked":"Scrape","floor":22},{"not_picked":["Stack","Conserve Battery"],"picked":"Auto Shields","floor":23},{"not_picked":["Glacier","Chill","Sweeping Beam"],"picked":"SKIP","floor":25},{"not_picked":["Hello World","Fission","Darkness"],"picked":"SKIP","floor":27},{"not_picked":["Tempest","Turbo"],"picked":"Scrape+1","floor":29},{"not_picked":["Blizzard+1","Doom and Gloom+1"],"picked":"Steam Power+1","floor":34},{"not_picked":["Darkness","Rebound+1"],"picked":"Reinforced Body","floor":34},{"not_picked":["Conserve Battery","Sunder","Reinforced Body+1"],"picked":"SKIP","floor":35},{"not_picked":["BootSequence+1","Leap+1","Barrage"],"picked":"SKIP","floor":36},{"not_picked":["Chill+1","Go for the Eyes+1","Turbo"],"picked":"SKIP","floor":37},{"not_picked":["Sweeping Beam+1","Turbo"],"picked":"Gash+1","floor":39},{"not_picked":["Melter","BootSequence+1","Redo"],"picked":"SKIP","floor":45},{"not_picked":["Tempest+1","Static Discharge+1","Go for the Eyes+1"],"picked":"SKIP","floor":45},{"not_picked":["Go for the Eyes+1","Double Energy+1"],"picked":"Seek","floor":46},{"not_picked":["Conserve Battery","Rebound","Coolheaded"],"picked":"SKIP","floor":46},{"not_picked":["Sweeping Beam","Conserve Battery+1"],"picked":"Scrape+1","floor":48},{"not_picked":["Turbo+1","Conserve Battery+1","Fusion+1"],"picked":"SKIP","floor":48}],"player_experience":178274,"potions_floor_usage":[16,23,25,33,37,39,50,50,50],"damage_taken":[{"damage":2,"enemies":"Jaw Worm","floor":1,"turns":3},{"damage":3,"enemies":"2 Louse","floor":3,"turns":3},{"damage":0,"enemies":"Cultist","floor":4,"turns":3},{"damage":0,"enemies":"Large Slime","floor":5,"turns":5},{"damage":0,"enemies":"3 Louse","floor":7,"turns":3},{"damage":0,"enemies":"2 Fungi Beasts","floor":12,"turns":3},{"damage":0,"enemies":"Blue Slaver","floor":14,"turns":3},{"damage":37,"enemies":"The Guardian","floor":16,"turns":11},{"damage":2,"enemies":"Shell Parasite","floor":18,"turns":2},{"damage":2,"enemies":"2 Thieves","floor":22,"turns":3},{"damage":4,"enemies":"Gremlin Leader","floor":23,"turns":3},{"damage":0,"enemies":"Sentry and Sphere","floor":25,"turns":3},{"damage":0,"enemies":"Centurion and Healer","floor":27,"turns":2},{"damage":2,"enemies":"Snake Plant","floor":29,"turns":2},{"damage":33,"enemies":"Automaton","floor":33,"turns":7},{"damage":0,"enemies":"Flame Bruiser 1 Orb","floor":35,"turns":3},{"damage":0,"enemies":"3 Darklings","floor":36,"turns":3},{"damage":8,"enemies":"Sphere and 2 Shapes","floor":37,"turns":2},{"damage":6,"enemies":"Maw","floor":39,"turns":5},{"damage":0,"floor":41,"turns":3},{"damage":0,"enemies":"Flame Bruiser 2 Orb","floor":45,"turns":2},{"damage":0,"enemies":"Spire Growth","floor":46,"turns":1},{"damage":0,"enemies":"4 Shapes","floor":48,"turns":1},{"damage":26,"enemies":"Donu and Deca","floor":50,"turns":5}],"relics_obtained":[{"floor":9,"key":"Omamori"},{"floor":23,"key":"Boot"},{"floor":26,"key":"Bottled Lightning"},{"floor":41,"key":"Prayer Wheel"},{"floor":43,"key":"Vajra"}],"event_choices":[{"event_name":"Living Wall","player_choice":"Forget","floor":2,"damage_taken":0},{"event_name":"Golden Wing","player_choice":"Card Removal","floor":8,"damage_taken":0},{"event_name":"The Cleric","player_choice":"Card Removal","floor":11,"damage_taken":0},{"event_name":"Addict","player_choice":"Ignored","floor":19,"damage_taken":0},{"event_name":"The Library","player_choice":"Read","floor":21,"damage_taken":0},{"event_name":"Cursed Tome","player_choice":"Ignored","floor":31,"damage_taken":0},{"event_name":"Mysterious Sphere","player_choice":"Fight","floor":41,"damage_taken":0},{"event_name":"Falling","player_choice":"Removed Attack","floor":42,"damage_taken":0},{"event_name":"Tomb of Lord Red Mask","player_choice":"Ignored","floor":44,"damage_taken":0}],"boss_relics":[{"not_picked":["Runic Dome","Astrolabe"],"picked":"Tiny House"},{"not_picked":["Cursed Key","Inserter"],"picked":"Orrery"}],"items_purged_floors":[13,20,38],"potions_floor_spawned":[1,3,14,16,25,27,33,39,41,46,48],"seed_played":"7711364891301236204","ascension_level":1,"potions_obtained":[{"floor":1,"key":"SteroidPotion"},{"floor":3,"key":"Fire Potion"},{"floor":14,"key":"Poison Potion"},{"floor":16,"key":"SkillPotion"},{"floor":17,"key":"AttackPotion"},{"floor":25,"key":"Explosive Potion"},{"floor":27,"key":"FocusPotion"},{"floor":33,"key":"PowerPotion"},{"floor":39,"key":"Dexterity Potion"},{"floor":41,"key":"SkillPotion"}],"is_trial":false}