{"gold_per_floor":[115,131,131,143,159,159,84,109,109,144,144,144,178,188,188,287,287,302,302,134,134,9,9,9,9,34,34,34,34,59,74,74,74],"floor_reached":33,"playtime":1959,"items_purged":["Regret","Strike_R","Strike_R"],"score":336,"play_id":"35a8ce15-3f76-4d9c-9a50-ec3b8dc09464","local_time":"20190117162614","is_ascension_mode":true,"campfire_choices":[{"data":"True Grit","floor":6,"key":"SMITH"},{"data":"Disarm","floor":12,"key":"SMITH"},{"data":"1","floor":15,"key":"LIFT"},{"data":"Uppercut","floor":23,"key":"SMITH"},{"data":"2","floor":25,"key":"LIFT"},{"data":"Heavy Blade","floor":27,"key":"SMITH"},{"floor":32,"key":"REST"}],"neow_cost":"NONE","seed_source_timestamp":2219677203497,"circlet_count":0,"master_deck":["Strike_R","Strike_R","Defend_R","Defend_R","Defend_R","Defend_R","Bash+1","Heavy Blade+1","Cleave","True Grit+1","Disarm+1","Uppercut+1","Reaper","Warcry","Battle Trance","Ghostly Armor"],"relics":["Burning Blood","Gambling Chip","Odd Mushroom","Champion Belt","Meat on the Bone","Girya","Black Star","Juzu Bracelet","Kunai","Molten Egg 2","Bird Faced Urn"],"potions_floor_usage":[5,14,30,31],"damage_taken":[{"damage":6,"enemies":"Cultist","floor":1,"turns":4},{"damage":0,"enemies":"Small Slimes","floor":2,"turns":3},{"damage":4,"enemies":"2 Louse","floor":4,"turns":2},{"damage":20,"enemies":"Exordium Thugs","floor":5,"turns":5},{"damage":15,"enemies":"The Mushroom Lair","floor":8,"turns":4},{"damage":22,"enemies":"Gremlin Nob","floor":10,"turns":5},{"damage":26,"enemies":"3 Sentries","floor":13,"turns":8},{"damage":0,"enemies":"Large Slime","floor":14,"turns":6},{"damage":32,"enemies":"Hexaghost","floor":16,"turns":13},{"damage":11,"enemies":"Shell Parasite","floor":18,"turns":11},{"damage":58,"enemies":"Slavers","floor":30,"turns":6},{"damage":33,"enemies":"3 Byrds","floor":31,"turns":6},{"damage":98,"enemies":"Champ","floor":33,"turns":17}],"seed_played":"1804922056761528422","potions_obtained":[{"floor":1,"key":"SkillPotion"},{"floor":8,"key":"SpeedPotion"},{"floor":16,"key":"LiquidBronze"},{"floor":18,"key":"Energy Potion"}],"is_trial":false,"path_per_floor":["M","M","?","M","M","R","$","?","T","E","?","R","E","M","R","B",null,"M","?","$","?","$","R","?","R","T","R","$","T","E","M","R","B"],"character_chosen":"IRONCLAD","items_purchased":["Battle Trance"],"campfire_rested":1,"item_purchase_floors":[20],"current_hp_per_floor":[80,80,80,80,66,66,66,57,57,41,41,41,33,51,51,37,69,64,64,64,49,49,49,77,77,77,77,77,77,58,52,77,0],"gold":74,"neow_bonus":"UPGRADE_CARD","is_prod":false,"is_daily":false,"chose_seed":false,"campfire_upgraded":4,"win_rate":0,"timestamp":1547738774,"path_taken":["M","M","?","M","M","R","$","?","T","E","?","R","E","M","R","BOSS","M","?","$","?","$","R","?","R","T","R","?","?","E","M","R","BOSS"],"build_version":"2019-01-16","purchased_purges":3,"victory":false,"max_hp_per_floor":[80,80,80,80,80,80,80,80,80,80,80,80,80,80,80,80,80,80,80,80,85,85,85,85,85,85,85,85,85,85,85,85,85],"card_choices":[{"not_picked":["Flex","Havoc"],"picked":"Heavy Blade","floor":1},{"not_picked":["Carnage","Reckless Charge"],"picked":"Cleave","floor":2},{"not_picked":["Twin Strike","Intimidate","Heavy Blade"],"picked":"SKIP","floor":4},{"not_picked":["Pommel Strike","Rage"],"picked":"True Grit","floor":5},{"not_picked":["Thunderclap","Cleave"],"picked":"Disarm","floor":8},{"not_picked":["Pommel Strike","Dark Embrace","True Grit"],"picked":"SKIP","floor":10},{"not_picked":["Thunderclap","Infernal Blade","Corruption"],"picked":"SKIP","floor":13},{"not_picked":["Clothesline","Clash"],"picked":"Uppercut","floor":14},{"not_picked":["Exhume","Offering"],"picked":"Reaper","floor":16},{"not_picked":["Carnage","Sever Soul+1"],"picked":"Warcry","floor":18},{"not_picked":["Body Slam+1","Twin Strike","Berserk"],"picked":"SKIP","floor":30},{"not_picked":["Twin Strike+1","Bloodletting+1"],"picked":"Ghostly Armor","floor":31}],"player_experience":309930,"relics_obtained":[{"floor":8,"key":"Odd Mushroom"},{"floor":9,"key":"Champion Belt"},{"floor":10,"key":"Meat on the Bone"},{"floor":13,"key":"Girya"},{"floor":26,"key":"Juzu Bracelet"},{"floor":29,"key":"Kunai"},{"floor":30,"key":"Molten Egg 2"},{"floor":30,"key":"Bird Faced Urn"}],"event_choices":[{"damage_healed":0,"gold_gain":0,"player_choice":"Box","damage_taken":0,"relics_obtained":["Gambling Chip"],"max_hp_gain":0,"max_hp_loss":0,"event_name":"Big Fish","floor":3,"gold_loss":0,"cards_obtained":["Regret"]},{"damage_healed":0,"gold_gain":0,"player_choice":"Fought Mushrooms","damage_taken":0,"max_hp_gain":0,"max_hp_loss":0,"event_name":"Mushrooms","floor":8,"gold_loss":0},{"cards_removed":["Strike_R"],"damage_healed":0,"gold_gain":0,"player_choice":"Offered Basic","damage_taken":0,"max_hp_gain":0,"max_hp_loss":0,"event_name":"Bonfire Elementals","floor":11,"gold_loss":0},{"damage_healed":0,"gold_gain":0,"player_choice":"Ignored","damage_taken":0,"max_hp_gain":0,"max_hp_loss":0,"event_name":"Vampires","floor":19,"gold_loss":0},{"damage_healed":0,"gold_gain":0,"player_choice":"Shed Blood","damage_taken":20,"max_hp_gain":5,"max_hp_loss":0,"event_name":"Forgotten Altar","floor":21,"gold_loss":0},{"damage_healed":28,"gold_gain":0,"player_choice":"Heal","damage_taken":0,"max_hp_gain":0,"max_hp_loss":0,"event_name":"The Library","floor":24,"gold_loss":0}],"is_beta":true,"boss_relics":[{"not_picked":["White Beast Statue","Runic Pyramid"],"picked":"Black Star"}],"items_purged_floors":[7,20,22],"is_endless":false,"potions_floor_spawned":[1,8,16,18],"killed_by":"Champ","ascension_level":5}