{"path_per_floor":["M","?","?","T","M","R","M","M","T","$","M","?","R","?","R","B",null,"M","M","?","M","M"],"character_chosen":"THE_SILENT","items_purchased":["Poisoned Stab","Infinite Blades"],"gold_per_floor":[109,139,139,185,204,204,220,237,237,31,45,220,220,220,220,317,317,330,345,345,364,378],"floor_reached":23,"campfire_rested":0,"playtime":2041,"current_hp_per_floor":[70,70,70,70,70,70,67,67,67,67,63,63,63,56,56,65,72,66,66,66,46,17],"items_purged":["Strike_G"],"gold":378,"play_id":"0c0aa37a-f027-41f8-b5e7-3fea0f979d58","is_prod":false,"is_daily":false,"is_ascension_mode":false,"campfire_upgraded":3,"path_taken":["M","?","?","?","M","R","?","M","T","$","M","?","R","?","R","BOSS","M","M","?","M","?","E"],"build_version":"2018-01-30-BETA2","purchased_purges":1,"victory":false,"master_deck":["Defend_G","Defend_G","Defend_G","Defend_G","Defend_G","Strike_G","Survivor","Neutralize+1","Quick Slash","Quick Slash","Noxious Fumes+1","Poisoned Stab","Infinite Blades+1","Backflip","Crippling Poison+1","Noxious Fumes+1","Blade Dance+1","Deadly Poison+1","Panacea"],"max_hp_per_floor":[70,70,70,70,70,70,70,70,70,70,70,70,70,70,70,72,72,74,74,74,76,78],"relics":["Ring of the Snake","Vajra","Tiny Chest","Regal Pillow","Singing Bowl","Astrolabe"],"card_choices":[{"not_picked":["Calculated Gamble","Deadly Poison"],"picked":"Quick Slash"},{"not_picked":["Prepared","Flechettes"],"picked":"Quick Slash"},{"not_picked":["Outmaneuver","Reflex"],"picked":"Noxious Fumes"},{"not_picked":["Acrobatics","Crippling Poison"],"picked":"Backflip"},{"not_picked":["Slice","Underhanded Strike"],"picked":"Deadly Poison"}],"player_experience":45156,"potions_floor_usage":[11,16,18,19],"damage_taken":[{"damage":0.0,"enemies":"2 Louse","floor":1.0,"turns":4.0},{"damage":0,"enemies":"Small Slimes","floor":5,"turns":2},{"damage":3,"enemies":"Jaw Worm","floor":7,"turns":3},{"damage":0,"enemies":"Looter","floor":8,"turns":4},{"damage":10,"enemies":"Lots of Slimes","floor":11,"turns":3},{"damage":8,"enemies":"The Guardian","floor":16,"turns":9},{"damage":8,"enemies":"Spheric Guardian","floor":18,"turns":4},{"damage":0,"enemies":"3 Byrds","floor":19,"turns":4},{"damage":22,"enemies":"Sentry and Sphere","floor":21,"turns":4},{"damage":31,"enemies":"3 Cultists","floor":22,"turns":5},{"damage":17,"enemies":"Book of Stabbing","floor":23,"turns":5}],"event_choices":[{"event_name":"Big Fish","player_choice":"Box","floor":2.0,"damage_taken":0.0},{"event_name":"Living Wall","player_choice":"Forget","floor":3,"damage_taken":0},{"event_name":"Liars Game","player_choice":"agreed","floor":12,"damage_taken":0},{"event_name":"Golden Wing","player_choice":"Card Removal","floor":14,"damage_taken":0},{"event_name":"Match and Keep!","player_choice":"1 cards matched","floor":20,"damage_taken":0}],"boss_relics":[{"not_picked":["Calling Bell","Orrery"],"picked":"Astrolabe"}],"potions_floor_spawned":[5,11,16,18],"seed_played":"-5961739910226032587","killed_by":"Book of Stabbing","ascension_level":0,"is_trial":false}