{"gold_per_floor":[110,33,52,62,62,62,95,95,95,95,75,93,118,129,129,228,228,241,260,5,23,53,80,98,114,137,137,137,58,58,77,77,180,180,194,209,86,103,103,131,145,95,95,122,171,171],"floor_reached":46,"playtime":3142,"items_purged":["TheCursedMod:Strike_TheCursed","Pain"],"score":561,"play_id":"c1790756-a571-45e0-bd1e-24f6007bda25","local_time":"20190623222304","is_ascension_mode":true,"campfire_choices":[{"data":"TheCursedMod:CursedWand","floor":6,"key":"SMITH"},{"data":"TheCursedMod:ShockAndAwe","floor":8,"key":"SMITH"},{"data":"TheCursedMod:SmokeScreen","floor":10,"key":"SMITH"},{"floor":15,"key":"REST"},{"data":"TheCursedMod:CursedMace","floor":28,"key":"SMITH"},{"data":"TheCursedMod:CursedStaff","floor":30,"key":"SMITH"},{"floor":32,"key":"REST"}],"neow_cost":"TEN_PERCENT_HP_LOSS","seed_source_timestamp":1105174031505520,"circlet_count":0,"master_deck":["TheCursedMod:Strike_TheCursed","TheCursedMod:Strike_TheCursed","TheCursedMod:Strike_TheCursed","TheCursedMod:Defend_TheCursed","TheCursedMod:Defend_TheCursed","TheCursedMod:Defend_TheCursed","TheCursedMod:Defend_TheCursed+1","TheCursedMod:CursedWand+1","TheCursedMod:CleanUpWorkshop","TheCursedMod:Dregs","TheCursedMod:ManaCirculation","TheCursedMod:CursedShiv","TheCursedMod:SpitefulPlan","TheCursedMod:FleshFromBone","TheCursedMod:SmokeScreen+1","TheCursedMod:ShockAndAwe+1","TheCursedMod:SoulCrush","TheCursedMod:CursedMace+1","TheCursedMod:HellfireBreathing","TheCursedMod:NeowsMight+1","TheCursedMod:WearCloak+1","TheCursedMod:SoulReap+1","TheCursedMod:SurpriseAttack","TheCursedMod:AshesToAshes","TheCursedMod:BlessingInDisguise","TheCursedMod:CursedSpellbook","Pain","TheCursedMod:CursedStaff+1","TheCursedMod:ReleasedStrength+1","TheCursedMod:CollectTribute","TheCursedMod:CursedAmulet+1","TheCursedMod:PrepareRitual","TheCursedMod:CursedShiv+1","TheCursedMod:BlessingInDisguise+1","TheCursedMod:RapidMovement+1","Parasite"],"relics":["TheCursedMod:BlackMagic101","Omamori","Pear","Dodecahedron","Letter Opener","Cursed Key","Gremlin Horn","Tiny Chest","War Paint","Smiling Mask","WarpedTongs","TheCursedMod:OminousMark","Du-Vu Doll","Blood Vial","Strawberry","Dream Catcher","Prayer Wheel"],"potions_floor_usage":[12,13,16,18,23,40],"damage_taken":[{"damage":0,"enemies":"2 Louse","floor":1,"turns":3},{"damage":10,"enemies":"Small Slimes","floor":3,"turns":4},{"damage":0,"enemies":"Cultist","floor":4,"turns":4},{"damage":39,"enemies":"Gremlin Nob","floor":7,"turns":6},{"damage":11,"enemies":"Exordium Thugs","floor":12,"turns":6},{"damage":15,"enemies":"Lagavulin","floor":13,"turns":7},{"damage":1,"enemies":"Large Slime","floor":14,"turns":6},{"damage":18,"enemies":"The Guardian","floor":16,"turns":8},{"damage":8,"enemies":"2 Thieves","floor":18,"turns":4},{"damage":0,"enemies":"Chosen","floor":19,"turns":5},{"damage":1,"enemies":"Centurion and Healer","floor":21,"turns":5},{"damage":34,"enemies":"Book of Stabbing","floor":23,"turns":5},{"damage":0,"enemies":"Chosen and Byrds","floor":24,"turns":5},{"damage":26,"enemies":"Cultist and Chosen","floor":25,"turns":5},{"damage":10,"enemies":"Snake Plant","floor":31,"turns":3},{"damage":9,"enemies":"Collector","floor":33,"turns":6},{"damage":0,"enemies":"3 Shapes","floor":35,"turns":2},{"damage":8,"enemies":"Orb Walker","floor":36,"turns":3},{"damage":5,"enemies":"3 Darklings","floor":38,"turns":5},{"damage":36,"enemies":"Reptomancer","floor":40,"turns":4},{"damage":3,"enemies":"Transient","floor":41,"turns":5},{"damage":18,"enemies":"Nemesis","floor":44,"turns":7},{"damage":14,"enemies":"2 Orb Walkers","floor":45,"turns":4},{"damage":29,"enemies":"Reptomancer","floor":46,"turns":4}],"seed_played":"1058891256388753527","potions_obtained":[{"floor":4,"key":"GamblersBrew"},{"floor":11,"key":"Regen Potion"},{"floor":13,"key":"AttackPotion"},{"floor":14,"key":"Swift Potion"},{"floor":16,"key":"FearPotion"},{"floor":21,"key":"PowerPotion"},{"floor":24,"key":"Dexterity Potion"},{"floor":31,"key":"SteroidPotion"},{"floor":40,"key":"Swift Potion"},{"floor":44,"key":"Strength Potion"}],"is_trial":false,"path_per_floor":["M","$","M","M","?","R","E","R","T","R","?","M","E","M","R","B",null,"M","M","$","M","?","E","M","M","T","?","R","$","R","M","R","B",null,"M","M","$","M","T","E","M","$","T","E","?","E"],"character_chosen":"THE_CURSED","items_purchased":["TheCursedMod:SpitefulPlan","Gremlin Horn","TheCursedMod:CursedStaff","TheCursedMod:PrepareRitual"],"campfire_rested":2,"item_purchase_floors":[2,20,29,37],"current_hp_per_floor":[68,68,58,58,55,55,26,26,26,26,26,30,15,14,37,19,78,70,70,70,69,69,41,41,21,21,21,21,21,21,11,34,25,78,78,76,76,71,71,35,34,34,41,31,25,0],"gold":171,"neow_bonus":"THREE_RARE_CARDS","is_prod":false,"is_daily":false,"chose_seed":false,"campfire_upgraded":5,"win_rate":0,"timestamp":1561342984,"path_taken":["M","$","M","M","?","R","E","R","T","R","?","?","E","M","R","BOSS","M","M","$","M","?","E","M","M","T","?","R","$","R","M","R","BOSS","M","M","$","M","?","E","M","$","T","E","?","E"],"build_version":"2019-01-23","purchased_purges":2,"victory":false,"max_hp_per_floor":[68,68,68,68,68,68,78,78,78,78,78,78,78,78,78,78,78,78,78,78,78,78,78,78,78,78,78,78,78,78,78,78,78,78,78,78,78,78,78,78,78,78,85,85,85,85],"card_choices":[{"not_picked":["TheCursedMod:Neurasthenia","TheCursedMod:CursedRelics"],"picked":"TheCursedMod:ManaCirculation","floor":0},{"not_picked":["TheCursedMod:Torture","TheCursedMod:RavingStaff"],"picked":"TheCursedMod:CursedShiv","floor":1},{"not_picked":["TheCursedMod:CursedMace","TheCursedMod:SurpriseAttack"],"picked":"TheCursedMod:FleshFromBone","floor":3},{"not_picked":["TheCursedMod:FleshFromBone","TheCursedMod:Mangle"],"picked":"TheCursedMod:SmokeScreen","floor":4},{"not_picked":["TheCursedMod:CursedStaff","TheCursedMod:CircleOfAmplification"],"picked":"TheCursedMod:ShockAndAwe","floor":7},{"not_picked":["TheCursedMod:SpitefulStrike","TheCursedMod:SmokeScreen"],"picked":"TheCursedMod:SoulCrush","floor":12},{"not_picked":["TheCursedMod:SpitefulPlan","TheCursedMod:HellfireBreathing"],"picked":"TheCursedMod:CursedMace","floor":13},{"not_picked":["TheCursedMod:CircleOfCorruption","TheCursedMod:TacticalStrike"],"picked":"TheCursedMod:HellfireBreathing","floor":14},{"not_picked":["TheCursedMod:UltimatePain","TheCursedMod:DemonicPact"],"picked":"TheCursedMod:NeowsMight","floor":16},{"not_picked":["TheCursedMod:TacticalStrike","TheCursedMod:AshesToAshes"],"picked":"TheCursedMod:WearCloak+1","floor":18},{"not_picked":["TheCursedMod:SmokeScreen+1","TheCursedMod:StingEye"],"picked":"TheCursedMod:SoulReap+1","floor":19},{"not_picked":["TheCursedMod:SpitefulPlan","TheCursedMod:Torture"],"picked":"TheCursedMod:SurpriseAttack","floor":21},{"not_picked":["TheCursedMod:SoulCrush","TheCursedMod:CircleOfFlame"],"picked":"TheCursedMod:AshesToAshes","floor":23},{"not_picked":["TheCursedMod:DoubleShield+1","TheCursedMod:RavingStaff"],"picked":"TheCursedMod:BlessingInDisguise","floor":24},{"not_picked":["TheCursedMod:CursedBlade+1","TheCursedMod:AshesToAshes"],"picked":"TheCursedMod:CursedSpellbook","floor":25},{"not_picked":["TheCursedMod:Hemoplague+1","TheCursedMod:BlessingInDisguise"],"picked":"TheCursedMod:ReleasedStrength+1","floor":31},{"not_picked":["TheCursedMod:ForbiddenAlchemy","TheCursedMod:OutForBlood"],"picked":"TheCursedMod:CollectTribute","floor":33},{"not_picked":["TheCursedMod:TacticalStrike+1","TheCursedMod:EmpowerCircles"],"picked":"TheCursedMod:CursedAmulet+1","floor":35},{"not_picked":["TheCursedMod:CursedStaff","TheCursedMod:Torture+1","TheCursedMod:CircleOfBlood+1"],"picked":"SKIP","floor":36},{"not_picked":["TheCursedMod:SmokeScreen","TheCursedMod:CursedAmulet"],"picked":"TheCursedMod:CursedShiv+1","floor":38},{"not_picked":["TheCursedMod:CursedMace","TheCursedMod:RapidMovement"],"picked":"TheCursedMod:BlessingInDisguise+1","floor":40},{"not_picked":["TheCursedMod:VitalStrike+1","TheCursedMod:WearCloak"],"picked":"TheCursedMod:RapidMovement+1","floor":41},{"not_picked":["TheCursedMod:BlessingInDisguise+1","TheCursedMod:CursedMace+1","TheCursedMod:RapidMovement+1"],"picked":"SKIP","floor":44}],"player_experience":557278,"relics_obtained":[{"floor":7,"key":"Pear"},{"floor":9,"key":"Dodecahedron"},{"floor":13,"key":"Letter Opener"},{"floor":23,"key":"War Paint"},{"floor":26,"key":"Smiling Mask"},{"floor":39,"key":"Du-Vu Doll"},{"floor":40,"key":"Blood Vial"},{"floor":43,"key":"Strawberry"},{"floor":44,"key":"Dream Catcher"},{"floor":45,"key":"Prayer Wheel"}],"event_choices":[{"damage_healed":0,"gold_gain":0,"player_choice":"Success","damage_taken":3,"relics_obtained":["Omamori"],"max_hp_gain":0,"max_hp_loss":0,"event_name":"Scrap Ooze","floor":5,"gold_loss":0},{"damage_healed":0,"gold_gain":0,"player_choice":"Bought 1 Potion","damage_taken":0,"max_hp_gain":0,"max_hp_loss":0,"event_name":"The Woman in Blue","floor":11,"gold_loss":0},{"damage_healed":0,"gold_gain":0,"player_choice":"Opened","damage_taken":0,"relics_obtained":["Tiny Chest"],"max_hp_gain":0,"max_hp_loss":0,"event_name":"The Mausoleum","floor":22,"gold_loss":0,"cards_obtained":["Writhe"]},{"damage_healed":0,"gold_gain":0,"player_choice":"Rummage","damage_taken":0,"relics_obtained":["WarpedTongs"],"max_hp_gain":0,"max_hp_loss":0,"event_name":"Accursed Blacksmith","floor":27,"gold_loss":0,"cards_obtained":["Pain"]},{"damage_healed":0,"gold_gain":0,"player_choice":"Fight","damage_taken":0,"max_hp_gain":0,"max_hp_loss":0,"event_name":"Mysterious Sphere","floor":45,"gold_loss":0}],"is_beta":false,"boss_relics":[{"not_picked":["Eternal Feather","Lizard Tail"],"picked":"Cursed Key"},{"not_picked":["Black Star","Fusion Hammer"],"picked":"TheCursedMod:OminousMark"}],"items_purged_floors":[37,42],"is_endless":false,"potions_floor_spawned":[4,13,14,16,21,24,31,36,38,40,44,45],"killed_by":"Reptomancer","ascension_level":1}