{"gold_per_floor":[110,185,128,142,142,168,180,180,180,193,193,203,203,231,231,331,331,344,362,277,51,51,51,85,85,85,85,85,85,85,100,100,221,221,241,241,261,9,0,30,42,154,166,178,200,238,25,35,35,35,35,35,35,67,67],"floor_reached":55,"playtime":3556,"items_purged":["Strike_P","Strike_P"],"score":774,"play_id":"9b214752-2011-44bc-bf0c-b2328fad13b0","local_time":"20190909171841","is_ascension_mode":false,"campfire_choices":[{"data":"SpiritShield","floor":8.0,"key":"SMITH"},{"floor":11.0,"key":"REST"},{"data":"SandsOfTime","floor":13.0,"key":"SMITH"},{"data":"TalkToTheHand","floor":15.0,"key":"SMITH"},{"floor":23.0,"key":"RECALL"},{"floor":27.0,"key":"REST"},{"floor":29.0,"key":"REST"},{"floor":32.0,"key":"REST"},{"floor":41.0,"key":"REST"},{"floor":44,"key":"REST"},{"floor":49,"key":"REST"},{"floor":52,"key":"REST"}],"neow_cost":"NONE","seed_source_timestamp":445011837375000,"circlet_count":0,"master_deck":["Defend_P","Defend_P","Defend_P","Defend_P","Eruption+1","Vigilance","Worship+1","TalkToTheHand+1","EmptyMind","SpiritShield+1","DeusExMachina","SandsOfTime+1","Vault","DevaForm","ForeignInfluence+1","SpiritShield","Brilliance","WaveOfTheHand+1","Protect+1","TalkToTheHand+1","MasterReality","ForeignInfluence+1","Devotion+1"],"special_seed":0,"relics":["HolyWater","Blue Candle","Anchor","Happy Flower","Singing Bowl","Fusion Hammer","Melange","Orichalcum","Enchiridion","Bottled Flame","Mummified Hand","OrangePellets","Red Mask","MawBank","Incense Burner","Omamori","Bronze Scales"],"potions_floor_usage":[46,50,50,55],"damage_taken":[{"damage":0.0,"enemies":"Small Slimes","floor":1.0,"turns":2.0},{"damage":0.0,"enemies":"2 Louse","floor":4.0,"turns":2.0},{"damage":34.0,"enemies":"Lagavulin","floor":6.0,"turns":10.0},{"damage":4.0,"enemies":"Cultist","floor":7.0,"turns":4.0},{"damage":0.0,"enemies":"3 Louse","floor":10.0,"turns":2.0},{"damage":2.0,"enemies":"Large Slime","floor":12.0,"turns":5.0},{"damage":1.0,"enemies":"3 Sentries","floor":14.0,"turns":5.0},{"damage":3.0,"enemies":"The Guardian","floor":16.0,"turns":10.0},{"damage":5.0,"enemies":"3 Byrds","floor":18.0,"turns":8.0},{"damage":0.0,"enemies":"Shell Parasite","floor":19.0,"turns":6.0},{"damage":1.0,"enemies":"Slavers","floor":24.0,"turns":9.0},{"damage":5.0,"enemies":"Cultist and Chosen","floor":31.0,"turns":4.0},{"damage":32.0,"enemies":"Collector","floor":33.0,"turns":14.0},{"damage":3.0,"enemies":"Orb Walker","floor":35.0,"turns":3.0},{"damage":0.0,"enemies":"3 Shapes","floor":37.0,"turns":3.0},{"damage":34.0,"enemies":"Nemesis","floor":40.0,"turns":15.0},{"damage":0.0,"enemies":"Mind Bloom Boss Battle","floor":42.0,"turns":6.0},{"damage":9,"enemies":"Transient","floor":45,"turns":5},{"damage":15,"enemies":"Reptomancer","floor":46,"turns":5},{"damage":0,"enemies":"3 Darklings","floor":48,"turns":11},{"damage":49,"enemies":"Awakened One","floor":50,"turns":23},{"damage":47,"enemies":"Shield and Spear","floor":54,"turns":8},{"damage":33,"enemies":"The Heart","floor":55,"turns":6}],"seed_played":"-8351488827217214987","potions_obtained":[{"floor":4.0,"key":"Weak Potion"},{"floor":6.0,"key":"SteroidPotion"},{"floor":10.0,"key":"AttackPotion"},{"floor":14.0,"key":"SkillPotion"},{"floor":24.0,"key":"Energy Potion"},{"floor":31.0,"key":"SkillPotion"},{"floor":33.0,"key":"Explosive Potion"},{"floor":40.0,"key":"StancePotion"},{"floor":46,"key":"Explosive Potion"},{"floor":48,"key":"Block Potion"}],"is_trial":false,"path_per_floor":["M","?","?","M","?","E","M","R","T","M","R","M","R","E","R","B",null,"M","M","?","$","?","R","E","?","T","R","?","R","$","M","R","B",null,"M","?","M","$","?","E","R","?","T","R","M","E","$","M","R","B",null,"R","$","E","B"],"character_chosen":"WATCHER","items_purchased":["Orichalcum","OrangePellets","MasterReality","StancePotion"],"campfire_rested":8,"item_purchase_floors":[21,38,47,47],"current_hp_per_floor":[65,54,54,54,54,20,16,16,16,16,35,33,33,32,32,29,65,62,64,64,64,48,48,47,47,47,67,67,69,69,66,71,39,71,68,68,68,68,68,36,57,59,59,75,68,53,53,53,76,27,77,77,77,30,0],"gold":67,"neow_bonus":"UPGRADE_CARD","is_prod":false,"is_daily":false,"chose_seed":false,"campfire_upgraded":3,"win_rate":0.0,"timestamp":1568063921,"path_taken":["M","?","?","?","?","E","M","R","T","M","R","M","R","E","R","BOSS","M","M","?","$","?","R","E","?","T","R","?","R","?","M","R","BOSS","M","?","M","$","?","E","R","?","T","R","M","E","$","?","R","BOSS","R","$","E","BOSS"],"build_version":"2019-09-09","purchased_purges":2,"victory":false,"max_hp_per_floor":[65,65,65,65,65,65,65,65,65,65,65,65,65,65,65,65,65,67,69,69,69,69,69,69,69,69,69,69,69,69,71,71,71,71,71,71,71,71,71,73,73,75,75,75,77,77,77,77,77,77,77,77,77,77,77],"card_choices":[{"not_picked":["JustLucky","Collect"],"picked":"Worship","floor":1.0},{"not_picked":["Weave","EmptyFist"],"picked":"TalkToTheHand","floor":4.0},{"not_picked":["Consecrate","ClearTheMind"],"picked":"EmptyMind","floor":6.0},{"not_picked":["EmptyMind","Weave"],"picked":"SpiritShield","floor":7.0},{"not_picked":["Worship","Scrawl"],"picked":"DeusExMachina","floor":10.0},{"not_picked":["EmptyFist","ClearTheMind"],"picked":"SandsOfTime","floor":12.0},{"not_picked":["Consecrate","WindmillStrike"],"picked":"Vault","floor":14.0},{"not_picked":["Pray","DeusExMachina"],"picked":"DevaForm","floor":16.0},{"not_picked":["EmptyMind+1","FollowUp","Meditate"],"picked":"Singing Bowl","floor":18.0},{"not_picked":["Perseverance","EmptyMind+1","BowlingBash"],"picked":"Singing Bowl","floor":19.0},{"not_picked":["Weave","FearNoEvil"],"picked":"ForeignInfluence+1","floor":24.0},{"not_picked":["ClearTheMind","FlyingSleeves+1","InnerPeace"],"picked":"Singing Bowl","floor":31.0},{"not_picked":["Blasphemy","Unraveling"],"picked":"Brilliance","floor":33.0},{"not_picked":["EmptyBody+1","ThirdEye"],"picked":"WaveOfTheHand+1","floor":35.0},{"not_picked":["Adaptation","BowlingBash"],"picked":"Protect+1","floor":37.0},{"not_picked":["BowlingBash","Tantrum+1","CleanseEvil"],"picked":"Singing Bowl","floor":40.0},{"not_picked":["BowlingBash","Tantrum+1","FlyingSleeves"],"picked":"Singing Bowl","floor":42.0},{"not_picked":["CrushJoints+1","ThirdEye","Sanctity+1"],"picked":"Singing Bowl","floor":45},{"not_picked":["Sanctity","WreathOfFlame"],"picked":"TalkToTheHand+1","floor":46},{"not_picked":["FlyingSleeves","Scrawl"],"picked":"ForeignInfluence+1","floor":48},{"not_picked":["Scrawl","Protect+1"],"picked":"Devotion+1","floor":54}],"player_experience":1901689,"relics_obtained":[{"floor":6.0,"key":"Anchor"},{"floor":9.0,"key":"Happy Flower"},{"floor":14.0,"key":"Singing Bowl"},{"floor":22.0,"key":"Enchiridion"},{"floor":24.0,"key":"Bottled Flame"},{"floor":26.0,"key":"Mummified Hand"},{"floor":40.0,"key":"MawBank"},{"floor":42.0,"key":"Incense Burner"},{"floor":46,"key":"Omamori"},{"floor":54,"key":"Bronze Scales"}],"event_choices":[{"damage_healed":0.0,"max_hp_gain":0.0,"max_hp_loss":0.0,"gold_gain":75.0,"event_name":"World of Goop","player_choice":"Gather Gold","floor":2.0,"gold_loss":0.0,"damage_taken":11.0},{"damage_healed":0.0,"max_hp_gain":0.0,"max_hp_loss":0.0,"gold_gain":0.0,"event_name":"WeMeetAgain","player_choice":"Paid Gold","floor":3.0,"gold_loss":57.0,"damage_taken":0.0,"relics_obtained":["Blue Candle"]},{"damage_healed":0.0,"max_hp_gain":0.0,"max_hp_loss":0.0,"gold_gain":0.0,"event_name":"Living Wall","player_choice":"Grow","floor":5.0,"gold_loss":0.0,"damage_taken":0.0,"cards_upgraded":["Worship"]},{"damage_healed":0.0,"max_hp_gain":0.0,"max_hp_loss":0.0,"gold_gain":0.0,"event_name":"Addict","player_choice":"Obtained Relic","floor":20.0,"gold_loss":85.0,"damage_taken":0.0,"relics_obtained":["Melange"]},{"damage_healed":0.0,"max_hp_gain":0.0,"max_hp_loss":0.0,"gold_gain":0.0,"event_name":"Cursed Tome","player_choice":"Obtained Book","floor":22.0,"gold_loss":0.0,"damage_taken":16.0},{"damage_healed":0.0,"max_hp_gain":0.0,"max_hp_loss":0.0,"gold_gain":0.0,"cards_transformed":["Strike_P","Strike_P"],"event_name":"Drug Dealer","player_choice":"Became Test Subject","floor":25.0,"gold_loss":0.0,"damage_taken":0.0,"cards_obtained":["Tantrum","SpiritShield"]},{"damage_healed":0.0,"max_hp_gain":0.0,"max_hp_loss":0.0,"gold_gain":0.0,"event_name":"The Mausoleum","player_choice":"Ignored","floor":28.0,"gold_loss":0.0,"damage_taken":0.0},{"cards_removed":["Tantrum"],"damage_healed":0.0,"max_hp_gain":0.0,"max_hp_loss":0.0,"gold_gain":0.0,"event_name":"Falling","player_choice":"Removed Attack","floor":36.0,"gold_loss":0.0,"damage_taken":0.0},{"damage_healed":0.0,"max_hp_gain":0.0,"max_hp_loss":0.0,"gold_gain":0.0,"event_name":"Tomb of Lord Red Mask","player_choice":"Paid","floor":39.0,"gold_loss":9.0,"damage_taken":0.0,"relics_obtained":["Red Mask"]},{"damage_healed":0.0,"max_hp_gain":0.0,"max_hp_loss":0.0,"gold_gain":0.0,"event_name":"MindBloom","player_choice":"Fight","floor":42.0,"gold_loss":0.0,"damage_taken":0.0}],"is_beta":true,"boss_relics":[{"not_picked":["Black Star","Velvet Choker"],"picked":"Fusion Hammer"},{"not_picked":["Runic Dome","Snecko Eye"],"picked":"HolyWater"}],"items_purged_floors":[21,38],"is_endless":false,"potions_floor_spawned":[4,6,10,14,24,31,33,40,46,48],"killed_by":"The Heart","ascension_level":0}