{"gold_per_floor":[218,234,234,246,246,246,246,246,246,246,266,266,42,62,62,161,161,171,188,202,221,53,53,63,63,88,106,131,161,174,190,190,293,293,306,107,117,117,217,217,252,252,279,295,322,334,356,380,392,404],"floor_reached":50,"playtime":3253,"items_purged":["Strike_B","Defend_B","Defend_B"],"score":541,"play_id":"0b54b962-86df-4d1e-997d-be0d83153a01","local_time":"20190908142645","is_ascension_mode":false,"campfire_choices":[{"data":"Dualcast","floor":6,"key":"SMITH"},{"data":"Beam Cell","floor":10,"key":"SMITH"},{"data":"Ball Lightning","floor":15,"key":"SMITH"},{"data":"Buffer","floor":23,"key":"SMITH"},{"data":"White Noise","floor":25,"key":"SMITH"},{"data":"Static Discharge","floor":32,"key":"SMITH"},{"data":"Auto Shields","floor":40,"key":"SMITH"},{"floor":49,"key":"RECALL"}],"neow_cost":"NONE","seed_source_timestamp":95788530039700,"circlet_count":0,"master_deck":["Strike_B","Defend_B","Defend_B","Zap+1","Dualcast+1","Ball Lightning+1","Genetic Algorithm","Beam Cell+1","BootSequence","Self Repair","Buffer+1","Ball Lightning+1","Glacier+1","White Noise+1","Biased Cognition","Go for the Eyes","Double Energy+1","Gash+1","Static Discharge+1","Chill","Electrodynamics","Auto Shields+1","FTL+1","Capacitor+1","Chaos+1","Madness","Madness"],"relics":["Cracked Core","Bronze Scales","PreservedInsect","Nuclear Battery","Bag of Marbles","Red Mask","Regal Pillow","White Beast Statue","Turnip","Dodecahedron","Oddly Smooth Stone","MawBank"],"potions_floor_usage":[14,19,20,28,29,33,50],"damage_taken":[{"damage":0,"enemies":"Cultist","floor":1,"turns":4},{"damage":6,"enemies":"Jaw Worm","floor":2,"turns":3},{"damage":0,"enemies":"2 Louse","floor":4,"turns":2},{"damage":1,"enemies":"Large Slime","floor":11,"turns":5},{"damage":0,"enemies":"Gremlin Gang","floor":14,"turns":3},{"damage":48,"enemies":"Hexaghost","floor":16,"turns":8},{"damage":4,"enemies":"Shell Parasite","floor":18,"turns":6},{"damage":0,"enemies":"Chosen","floor":19,"turns":4},{"damage":9,"enemies":"Shelled Parasite and Fungi","floor":20,"turns":4},{"damage":0,"enemies":"Snecko","floor":21,"turns":5},{"damage":13,"enemies":"Sentry and Sphere","floor":24,"turns":6},{"damage":1,"enemies":"Snake Plant","floor":27,"turns":3},{"damage":0,"enemies":"Masked Bandits","floor":28,"turns":4},{"damage":7,"enemies":"Book of Stabbing","floor":29,"turns":4},{"damage":0,"enemies":"Cultist and Chosen","floor":30,"turns":6},{"damage":8,"enemies":"Snecko","floor":31,"turns":4},{"damage":45,"enemies":"Collector","floor":33,"turns":11},{"damage":0,"enemies":"Orb Walker","floor":35,"turns":4},{"damage":0,"enemies":"3 Shapes","floor":37,"turns":4},{"damage":0,"enemies":"Mind Bloom Boss Battle","floor":39,"turns":5},{"damage":0,"enemies":"Reptomancer","floor":41,"turns":7},{"damage":0,"enemies":"3 Darklings","floor":44,"turns":5},{"damage":28,"enemies":"Nemesis","floor":45,"turns":7},{"damage":8,"enemies":"Sphere and 2 Shapes","floor":47,"turns":5},{"damage":0,"enemies":"Transient","floor":48,"turns":5},{"damage":58,"enemies":"Donu and Deca","floor":50,"turns":7}],"seed_played":"-5286868885385791317","potions_obtained":[{"floor":4,"key":"Strength Potion"},{"floor":11,"key":"Explosive Potion"},{"floor":16,"key":"Strength Potion"},{"floor":18,"key":"Weak Potion"},{"floor":19,"key":"AttackPotion"},{"floor":21,"key":"Strength Potion"},{"floor":24,"key":"Block Potion"},{"floor":28,"key":"GamblersBrew"},{"floor":33,"key":"Ancient Potion"},{"floor":35,"key":"FocusPotion"}],"is_trial":false,"path_per_floor":["M","M","?","M","?","R","?","?","T","R","M","?","$","M","R","B",null,"M","M","M","M","$","R","M","R","T","M","?","E","M","M","R","B",null,"M","$","M","?","?","R","E","?","T","M","E","?","M","M","R","B"],"character_chosen":"DEFECT","items_purchased":["PreservedInsect","Biased Cognition","Auto Shields"],"campfire_rested":0,"item_purchase_floors":[13,22,36],"current_hp_per_floor":[75,69,69,69,57,57,57,62,62,62,61,61,61,61,61,20,80,80,80,78,80,80,80,74,74,74,73,80,80,80,79,79,41,80,80,80,80,80,80,80,80,80,80,80,59,49,41,48,48,0],"gold":404,"neow_bonus":"HUNDRED_GOLD","is_prod":false,"is_daily":false,"chose_seed":false,"campfire_upgraded":7,"win_rate":0,"timestamp":1567920405,"path_taken":["M","M","?","?","?","R","?","?","T","R","M","?","$","M","R","BOSS","M","M","M","M","$","R","M","R","T","?","?","E","M","M","R","BOSS","M","$","M","?","?","R","E","?","T","?","E","?","M","M","R","BOSS"],"build_version":"2019-07-17","purchased_purges":3,"victory":false,"max_hp_per_floor":[75,75,75,75,75,75,75,80,80,80,80,80,80,80,80,80,80,80,80,80,80,80,80,80,80,80,80,80,80,80,80,80,80,80,80,80,80,80,80,80,80,80,80,80,80,80,80,80,80,80],"card_choices":[{"not_picked":["Streamline","Steam"],"picked":"Ball Lightning","floor":1},{"not_picked":["Gash","Undo"],"picked":"Genetic Algorithm","floor":2},{"not_picked":["Rip and Tear","Force Field"],"picked":"Beam Cell","floor":4},{"not_picked":["Gash","Storm"],"picked":"BootSequence","floor":11},{"not_picked":["Turbo","Cold Snap"],"picked":"Self Repair","floor":14},{"not_picked":["Seek","Echo Form"],"picked":"Buffer","floor":16},{"not_picked":["Blizzard","Steam","Self Repair"],"picked":"SKIP","floor":18},{"not_picked":["Capacitor","Leap"],"picked":"Ball Lightning+1","floor":19},{"not_picked":["Go for the Eyes","Compile Driver"],"picked":"Glacier+1","floor":20},{"not_picked":["Darkness","Scrape+1"],"picked":"White Noise","floor":21},{"not_picked":["Steam+1","Barrage"],"picked":"Go for the Eyes","floor":24},{"not_picked":["Gash","Go for the Eyes"],"picked":"Double Energy+1","floor":27},{"not_picked":["Leap","Rebound+1"],"picked":"Gash+1","floor":28},{"not_picked":["Reinforced Body","Rebound"],"picked":"Static Discharge","floor":29},{"not_picked":["Darkness+1","Force Field","Streamline"],"picked":"SKIP","floor":30},{"not_picked":["BootSequence","Darkness"],"picked":"Chill","floor":31},{"not_picked":["Core Surge","Meteor Strike"],"picked":"Electrodynamics","floor":33},{"not_picked":["Cold Snap+1","Leap+1","Scrape"],"picked":"SKIP","floor":35},{"not_picked":["Auto Shields+1","Fusion","Cold Snap"],"picked":"SKIP","floor":37},{"not_picked":["Redo","Rip and Tear+1"],"picked":"FTL+1","floor":41},{"not_picked":["Hologram","Redo+1"],"picked":"Capacitor+1","floor":44},{"not_picked":["Echo Form","Redo"],"picked":"Chaos+1","floor":45},{"not_picked":["Turbo+1","FTL","Hologram"],"picked":"SKIP","floor":47},{"not_picked":["Auto Shields","Barrage","Beam Cell+1"],"picked":"SKIP","floor":48}],"player_experience":366800,"relics_obtained":[{"floor":26,"key":"Bag of Marbles"},{"floor":28,"key":"Red Mask"},{"floor":29,"key":"Regal Pillow"},{"floor":39,"key":"Turnip"},{"floor":41,"key":"Dodecahedron"},{"floor":43,"key":"Oddly Smooth Stone"},{"floor":45,"key":"MawBank"}],"event_choices":[{"damage_healed":0,"gold_gain":0,"player_choice":"Upgraded","damage_taken":0,"max_hp_gain":0,"max_hp_loss":0,"event_name":"Upgrade Shrine","floor":3,"gold_loss":0,"cards_upgraded":["Zap"]},{"damage_healed":0,"gold_gain":0,"player_choice":"Success","damage_taken":12,"relics_obtained":["Bronze Scales"],"max_hp_gain":0,"max_hp_loss":0,"event_name":"Scrap Ooze","floor":5,"gold_loss":0},{"cards_removed":["Strike_B"],"damage_healed":0,"gold_gain":0,"player_choice":"Forget","damage_taken":0,"max_hp_gain":0,"max_hp_loss":0,"event_name":"Living Wall","floor":7,"gold_loss":0},{"damage_healed":0,"gold_gain":0,"player_choice":"Donut","damage_taken":0,"max_hp_gain":5,"max_hp_loss":0,"event_name":"Big Fish","floor":8,"gold_loss":0},{"damage_healed":0,"gold_gain":0,"player_choice":"0 cards matched","damage_taken":0,"max_hp_gain":0,"max_hp_loss":0,"event_name":"Match and Keep!","floor":12,"gold_loss":0,"cards_obtained":[]},{"damage_healed":0,"gold_gain":0,"player_choice":"Fought Bandits","damage_taken":0,"max_hp_gain":0,"max_hp_loss":0,"event_name":"Masked Bandits","floor":28,"gold_loss":0},{"damage_healed":0,"gold_gain":0,"player_choice":"Ignored","damage_taken":0,"max_hp_gain":0,"max_hp_loss":0,"event_name":"Mysterious Sphere","floor":38,"gold_loss":0},{"damage_healed":0,"gold_gain":0,"player_choice":"Fight","damage_taken":0,"max_hp_gain":0,"max_hp_loss":0,"event_name":"MindBloom","floor":39,"gold_loss":0},{"cards_removed":["Strike_B"],"damage_healed":0,"gold_gain":0,"player_choice":"Card Removal","damage_taken":0,"max_hp_gain":0,"max_hp_loss":0,"event_name":"Wheel of Change","floor":42,"gold_loss":0},{"damage_healed":0,"gold_gain":0,"player_choice":"Embrace Madness","damage_taken":10,"max_hp_gain":0,"max_hp_loss":0,"event_name":"Winding Halls","floor":46,"gold_loss":0,"cards_obtained":["Madness","Madness"]}],"is_beta":false,"boss_relics":[{"not_picked":["Philosopher\u0027s Stone","Black Star"],"picked":"Nuclear Battery"},{"not_picked":["Runic Pyramid","Calling Bell"],"picked":"White Beast Statue"}],"items_purged_floors":[13,22,36],"is_endless":false,"potions_floor_spawned":[4,11,16,18,19,21,24,28,33,35,37,39,41,44,45,47,48],"killed_by":"Donu and Deca","ascension_level":0}