{"path_per_floor":["M","M","?","M","M","R","M","M","T","M","R","M","R","?","R","B",null,"M","M","$","M","M","R","M","R","T","?","M","?","R","M","R","B",null,"M","M","$","?","?","E","M","R","T","$","?","R","M","?","R"],"character_chosen":"THE_SILENT","items_purchased":["Bag of Preparation","Cloak And Dagger","Singing Bowl"],"gold_per_floor":[12,12,87,106,123,123,137,152,152,171,171,181,181,181,181,276,276,288,304,19,29,42,42,57,57,108,0,11,11,11,29,29,130,130,144,157,8,8,8,41,61,61,84,84,0,0,20,20,20],"floor_reached":50,"campfire_rested":6,"playtime":2482,"current_hp_per_floor":[78,78,67,61,60,60,56,56,56,44,44,3,28,28,53,12,84,84,59,59,35,17,17,4,29,29,29,27,55,55,44,69,23,84,83,74,74,74,74,39,12,37,37,37,37,62,61,61,61],"items_purged":["Strike_G"],"gold":20,"score":506,"play_id":"081cbaf5-2e14-4668-9083-1ac5f8d16551","is_prod":false,"is_daily":false,"is_ascension_mode":true,"campfire_upgraded":2,"path_taken":["M","M","?","M","M","R","M","M","T","M","R","M","R","?","R","BOSS","M","M","$","M","M","R","M","R","T","?","M","?","R","M","R","BOSS","M","M","$","?","?","E","M","R","T","$","?","R","M","?","R","BOSS"],"build_version":"2018-02-19-BETA1","purchased_purges":2,"victory":false,"master_deck":["Defend_G","Defend_G","Defend_G","Defend_G","Defend_G","Strike_G","Strike_G","Survivor","Neutralize","Prepared+1","Dodge and Roll","Infinite Blades+1","Infinite Blades+1","Flying Knee","Footwork","Flechettes","Backflip","Terror+1","Deflect","Cloak And Dagger","Dagger Throw+1","Slice+1","Backflip+1","Quick Slash+1","Slice+1","Deflect","Blur+1","Eviscerate"],"max_hp_per_floor":[84,84,84,84,84,84,84,84,84,84,84,84,84,84,84,84,84,84,84,84,84,84,84,84,84,84,84,84,84,84,84,84,84,84,84,84,84,84,84,84,86,86,86,86,86,86,88,88,88],"relics":["Ring of the Snake","Girya","Sozu","Bag of Preparation","Snake Skull","Question Card","Singing Bowl","Happy Flower","Art of War","Red Mask"],"card_choices":[{"not_picked":["Acrobatics","Reflex"],"picked":"Prepared"},{"not_picked":["Acrobatics","Deadly Poison"],"picked":"Dodge and Roll"},{"not_picked":["Dodge and Roll","Slice"],"picked":"Infinite Blades"},{"not_picked":["Flechettes","PiercingWail"],"picked":"Infinite Blades"},{"not_picked":["Bane","Prepared"],"picked":"Flying Knee"},{"not_picked":["Dagger Throw","Grand Finale"],"picked":"Footwork"},{"not_picked":["Dagger Throw","Distraction"],"picked":"Flechettes"},{"not_picked":["Prepared","Setup"],"picked":"Backflip"},{"not_picked":["Cloak And Dagger","Sucker Punch"],"picked":"Terror"},{"not_picked":["Reflex","PiercingWail"],"picked":"Deflect"},{"not_picked":["Slice","Flying Knee"],"picked":"Dagger Throw"},{"not_picked":["Poisoned Stab","Expertise"],"picked":"Slice"},{"not_picked":["Burst","Distraction"],"picked":"Backflip"},{"not_picked":["Dagger Throw","Dodge and Roll"],"picked":"Quick Slash"},{"not_picked":["Calculated Gamble","Catalyst","Setup"],"picked":"Slice"},{"not_picked":["Deadly Poison","Slice","Dagger Spray"],"picked":"Deflect"},{"not_picked":["Distraction","Sucker Punch","Quick Slash"],"picked":"Blur"}],"player_experience":101751,"potions_floor_usage":[],"damage_taken":[{"damage":6.0,"enemies":"Small Slimes","floor":1.0,"turns":5.0},{"damage":0.0,"enemies":"2 Louse","floor":2.0,"turns":4.0},{"damage":6.0,"enemies":"Jaw Worm","floor":4.0,"turns":8.0},{"damage":1.0,"enemies":"Looter","floor":5.0,"turns":5.0},{"damage":4.0,"enemies":"Blue Slaver","floor":7.0,"turns":4.0},{"damage":0.0,"enemies":"2 Fungi Beasts","floor":8.0,"turns":3.0},{"damage":12.0,"enemies":"3 Louse","floor":10.0,"turns":5.0},{"damage":41.0,"enemies":"Gremlin Gang","floor":12.0,"turns":4.0},{"damage":41.0,"enemies":"The Guardian","floor":16.0,"turns":16.0},{"damage":0.0,"enemies":"Shell Parasite","floor":18.0,"turns":8.0},{"damage":25.0,"enemies":"Spheric Guardian","floor":19.0,"turns":6.0},{"damage":24.0,"enemies":"Snake Plant","floor":21.0,"turns":5.0},{"damage":18.0,"enemies":"Centurion and Healer","floor":22.0,"turns":6.0},{"damage":13.0,"enemies":"Sentry and Sphere","floor":24.0,"turns":4.0},{"damage":2.0,"enemies":"3 Cultists","floor":28.0,"turns":5.0},{"damage":11.0,"enemies":"Snecko","floor":31.0,"turns":4.0},{"damage":46.0,"enemies":"Automaton","floor":33.0,"turns":10.0},{"damage":1,"enemies":"Orb Walker","floor":35,"turns":3},{"damage":9,"enemies":"Flame Bruiser 1 Orb","floor":36,"turns":5},{"damage":35,"enemies":"Nemesis","floor":40,"turns":5},{"damage":29,"enemies":"4 Shapes","floor":41,"turns":5},{"damage":3,"enemies":"Flame Bruiser 2 Orb","floor":47,"turns":5},{"damage":68,"enemies":"Awakened One","floor":50,"turns":5}],"event_choices":[{"event_name":"World of Goop","player_choice":"Gather Gold","floor":3.0,"damage_taken":0.0},{"event_name":"Liars Game","player_choice":"disagreed","floor":14.0,"damage_taken":0.0},{"event_name":"Masked Bandits","player_choice":"Paid Bandits 108 gold","floor":27.0,"damage_taken":0.0},{"event_name":"The Library","player_choice":"Heal","floor":29.0,"damage_taken":0.0},{"event_name":"Accursed Blacksmith","player_choice":"Forge","floor":39,"damage_taken":0},{"event_name":"Tomb of Lord Red Mask","player_choice":"Paid","floor":45,"damage_taken":0},{"event_name":"Transmorgrifier","player_choice":"Transform","floor":48,"damage_taken":0}],"boss_relics":[{"not_picked":["Philosopher\u0027s Stone","The Specimen"],"picked":"Question Card"}],"potions_floor_spawned":[5,7,16,21,31,33,35],"seed_played":"-3919141653883668838","killed_by":"Awakened One","ascension_level":3,"is_trial":false}