{"path_per_floor":["M","?","?","M","M","E","M","M","T","M","?","R","$","M","R","B",null,"M","$","?","M","?","E","R","?","T","M","E","M","R","M","R","B",null,"M","M","M","M","$","E","M","E","T","R","?","R","M","M","R","B"],"character_chosen":"THE_SILENT","items_purchased":["Toolbox","Shuriken"],"gold_per_floor":[18,18,193,207,222,253,264,284,284,295,351,351,22,41,41,142,142,160,60,60,79,112,138,138,53,99,112,140,156,156,172,172,275,305,315,326,344,359,115,141,155,189,214,214,214,214,226,237,237,237],"floor_reached":51,"campfire_rested":0,"playtime":9446,"current_hp_per_floor":[80,80,80,68,68,61,61,59,59,59,40,40,40,35,35,16,84,84,84,84,84,79,78,78,78,78,78,74,74,74,74,74,8,89,89,89,89,81,81,77,77,75,75,75,75,75,75,67,67,12],"items_purged":["Strike_G","Doubt"],"gold":237,"score":603,"play_id":"3b1e584c-2ea3-42c8-8d1f-d849d49f5ff6","is_prod":false,"is_daily":false,"is_ascension_mode":false,"campfire_upgraded":8,"path_taken":["M","?","?","M","?","E","M","M","T","M","?","R","?","M","R","BOSS","M","$","?","M","?","E","R","?","T","M","E","M","R","M","R","BOSS","M","M","M","M","$","E","M","E","T","R","?","R","M","M","R","BOSS"],"build_version":"2018-02-05-BETA1","purchased_purges":2,"victory":true,"master_deck":["Defend_G","Defend_G","Defend_G","Defend_G","Defend_G+1","Strike_G+1","Strike_G","Strike_G+1","Survivor","Neutralize","Outmaneuver+1","Dash","Flechettes+1","Well Laid Plans+1","Doppelganger+1","Blade Dance","Cloak And Dagger+1","Cloak And Dagger","Footwork+1","Die Die Die","Noxious Fumes+1","Malaise","Backflip+1","Flechettes+1","Adrenaline+1","PiercingWail","Catalyst+1","Backflip+1","Blur","Deflect","Caltrops+1","Noxious Fumes+1"],"max_hp_per_floor":[84,84,84,84,84,84,84,84,84,84,84,84,84,84,84,84,84,84,84,84,84,84,84,84,84,84,84,84,84,84,84,84,84,89,89,89,89,89,89,89,89,89,89,89,89,89,89,89,89,89],"relics":["Ring of the Snake","Bag of Marbles","Bottled Tornado","Bag of Preparation","Toolbox","Sozu","Red Mask","Gambling Chip","Regal Pillow","War Paint","Ornamental Fan","Tiny House","Shuriken","Snake Skull","Ice Cream","Whetstone"],"card_choices":[{"not_picked":["Dagger Spray","Deflect"],"picked":"Outmaneuver"},{"not_picked":["Backflip","Poisoned Stab"],"picked":"Flechettes"},{"not_picked":["Masterful Stab","Outmaneuver"],"picked":"Well Laid Plans"},{"not_picked":["Acrobatics","Prepared"],"picked":"Doppelganger"},{"not_picked":["Leg Sweep","PiercingWail"],"picked":"Blade Dance"},{"not_picked":["Outmaneuver","Eviscerate"],"picked":"Cloak And Dagger"},{"not_picked":["Prepared","Poisoned Stab"],"picked":"Cloak And Dagger"},{"not_picked":["Catalyst","Sucker Punch"],"picked":"Footwork"},{"not_picked":["Unload","Venomology"],"picked":"Die Die Die"},{"not_picked":["Well Laid Plans","Bane"],"picked":"Noxious Fumes"},{"not_picked":["Dagger Throw","Deadly Poison"],"picked":"Malaise"},{"not_picked":["Deadly Poison","Terror"],"picked":"Backflip"},{"not_picked":["Dagger Throw","Predator"],"picked":"Flechettes"},{"not_picked":["Corpse Explosion","Tools of the Trade"],"picked":"Adrenaline"},{"not_picked":["Finisher","Cloak And Dagger"],"picked":"PiercingWail"},{"not_picked":["Masterful Stab","Doppelganger"],"picked":"Catalyst"},{"not_picked":["Infinite Blades","Malaise"],"picked":"Backflip"},{"not_picked":["Acrobatics","Quick Slash"],"picked":"Caltrops"},{"not_picked":["Poisoned Stab","Night Terror"],"picked":"Noxious Fumes"}],"player_experience":81425,"potions_floor_usage":[],"damage_taken":[{"damage":4.0,"enemies":"Blue Slaver","floor":1.0,"turns":5.0},{"damage":12.0,"enemies":"Cultist","floor":4.0,"turns":8.0},{"damage":0.0,"enemies":"2 Louse","floor":5.0,"turns":3.0},{"damage":7.0,"enemies":"3 Sentries","floor":6.0,"turns":10.0},{"damage":0.0,"enemies":"Looter","floor":7.0,"turns":3.0},{"damage":2.0,"enemies":"Gremlin Gang","floor":8.0,"turns":6.0},{"damage":0.0,"enemies":"Large Slime","floor":10.0,"turns":7.0},{"damage":19.0,"enemies":"Lagavulin Event","floor":11.0,"turns":8.0},{"damage":5.0,"enemies":"Exordium Wildlife","floor":14.0,"turns":4.0},{"damage":19.0,"enemies":"Slime Boss","floor":16.0,"turns":17.0},{"damage":0,"enemies":"Shell Parasite","floor":18,"turns":6},{"damage":0,"enemies":"2 Thieves","floor":21,"turns":3},{"damage":5,"enemies":"Masked Bandits","floor":22,"turns":5},{"damage":1,"enemies":"Slavers","floor":23,"turns":6},{"damage":0,"enemies":"Snake Plant","floor":27,"turns":6},{"damage":4,"enemies":"Book of Stabbing","floor":28,"turns":5},{"damage":0,"enemies":"Chosen and Byrds","floor":29,"turns":4},{"damage":0,"enemies":"Sentry and Sphere","floor":31,"turns":6},{"damage":66,"enemies":"Champ","floor":33,"turns":13},{"damage":0,"enemies":"Flame Bruiser 1 Orb","floor":35,"turns":4},{"damage":0,"enemies":"3 Darklings","floor":36,"turns":6},{"damage":0,"enemies":"Flame Bruiser 2 Orb","floor":37,"turns":2},{"damage":8,"enemies":"Spire Growth","floor":38,"turns":5},{"damage":4,"enemies":"2 Orb Walkers","floor":40,"turns":4},{"damage":0,"enemies":"3 Darklings","floor":41,"turns":5},{"damage":6,"enemies":"Nemesis","floor":42,"turns":9},{"damage":0,"enemies":"Flame Bruiser 2 Orb","floor":47,"turns":4},{"damage":8,"enemies":"4 Shapes","floor":48,"turns":5},{"damage":55,"enemies":"Awakened One","floor":50,"turns":15}],"event_choices":[{"event_name":"Transmorgrifier","player_choice":"Transform","floor":2.0,"damage_taken":0.0},{"event_name":"Liars Game","player_choice":"agreed","floor":3.0,"damage_taken":0.0},{"event_name":"Dead Adventurer","player_choice":"Searched \u00272\u0027 times","floor":11.0,"damage_taken":0.0},{"event_name":"Drug Dealer","player_choice":"Ignored","floor":20,"damage_taken":0},{"event_name":"Masked Bandits","player_choice":"Fought over 79 gold","floor":22,"damage_taken":0},{"event_name":"Addict","player_choice":"Obtained Relic","floor":25,"damage_taken":0},{"event_name":"Match and Keep!","player_choice":"2 cards matched","floor":45,"damage_taken":0}],"boss_relics":[{"not_picked":["Runic Pyramid","Pandora\u0027s Box"],"picked":"Sozu"},{"not_picked":["Philosopher\u0027s Stone","Runic Dome"],"picked":"Tiny House"}],"potions_floor_spawned":[4,5,6,8,14,16,21,23,27,31,35,37,38,42],"seed_played":"93317570440360181","ascension_level":0,"is_trial":false}