{"gold_per_floor":[113,43,43,43,54,54,83,83,83,109,109,109,138,151,151,246,246,265,265,275,225,74,74,89,114,165,198,212,247,261,261],"floor_reached":31,"playtime":1952,"items_purged":["Strike_P"],"score":342,"play_id":"b4ded2ab-8003-4097-b4b7-5ce994a26b03","local_time":"20190910162416","is_ascension_mode":true,"campfire_choices":[{"data":"EmptyFist","floor":6,"key":"SMITH"},{"data":"Devotion","floor":8,"key":"SMITH"},{"data":"Perseverance","floor":15,"key":"SMITH"},{"data":"SandsOfTime","floor":23,"key":"SMITH"}],"neow_cost":"NONE","seed_source_timestamp":529767329341999,"circlet_count":0,"master_deck":["Strike_P","Strike_P","Defend_P","Defend_P","Defend_P","Defend_P","Eruption+1","Vigilance","EmptyFist+1","FearNoEvil","Swivel","Devotion+1","Devotion","Perseverance+1","Sanctity","MasterReality","CurseOfTheBell","Consecrate+1","Perseverance+1","SandsOfTime+1","Devotion+1","Establishment+1","CutThroughFate+1","Omniscience"],"relics":["PureWater","Blood Vial","Singing Bowl","Dodecahedron","Shovel","Calling Bell","Lantern","Frozen Egg 2","Gambling Chip","Bronze Scales","MealTicket","InkBottle","Bottled Tornado"],"potions_floor_usage":[7,24,25,29,29,30],"damage_taken":[{"damage":9,"enemies":"Jaw Worm","floor":1,"turns":6},{"damage":0,"enemies":"Cultist","floor":5,"turns":2},{"damage":8,"enemies":"Lagavulin","floor":7,"turns":7},{"damage":21,"enemies":"Gremlin Nob","floor":10,"turns":4},{"damage":16,"enemies":"Lagavulin","floor":13,"turns":6},{"damage":0,"enemies":"Small Slimes","floor":14,"turns":3},{"damage":6,"enemies":"The Guardian","floor":16,"turns":11},{"damage":9,"enemies":"3 Byrds","floor":18,"turns":5},{"damage":2,"enemies":"Spheric Guardian","floor":20,"turns":6},{"damage":21,"enemies":"Snake Plant","floor":24,"turns":4},{"damage":22,"enemies":"Gremlin Leader","floor":25,"turns":9},{"damage":16,"enemies":"Book of Stabbing","floor":27,"turns":5},{"damage":0,"enemies":"Snecko","floor":28,"turns":4},{"damage":14,"enemies":"Gremlin Leader","floor":29,"turns":5},{"damage":6,"enemies":"Chosen and Byrds","floor":30,"turns":5},{"damage":9,"enemies":"Snake Plant","floor":31,"turns":2}],"seed_played":"-8318462364842952432","potions_obtained":[{"floor":5,"key":"Swift Potion"},{"floor":7,"key":"Ancient Potion"},{"floor":13,"key":"SpeedPotion"},{"floor":14,"key":"Block Potion"},{"floor":16,"key":"Regen Potion"},{"floor":20,"key":"DuplicationPotion"},{"floor":24,"key":"GamblersBrew"},{"floor":28,"key":"AttackPotion"},{"floor":29,"key":"SteroidPotion"}],"is_trial":false,"path_per_floor":["M","$","?","$","M","R","E","R","T","E","?","?","E","M","R","B",null,"M","?","M","?","$","R","M","E","T","E","M","E","M","M"],"character_chosen":"WATCHER","items_purchased":["FearNoEvil","Devotion+1"],"campfire_rested":0,"item_purchase_floors":[2,22],"current_hp_per_floor":[56,56,56,56,58,58,52,52,52,33,26,26,12,14,14,10,65,56,56,56,56,56,56,49,31,31,19,21,11,7,0],"gold":261,"neow_bonus":"RANDOM_COMMON_RELIC","is_prod":false,"is_daily":false,"chose_seed":false,"campfire_upgraded":4,"win_rate":0,"timestamp":1568147056,"path_taken":["M","$","?","?","M","R","E","R","T","E","?","?","E","M","R","BOSS","M","?","?","?","$","R","M","E","T","E","?","E","M","M"],"build_version":"2019-09-09v2","purchased_purges":1,"victory":false,"max_hp_per_floor":[65,65,65,65,65,65,65,65,65,65,65,65,65,65,65,65,65,65,65,65,65,65,65,65,67,67,69,69,71,71,71],"card_choices":[{"not_picked":["BowlingBash","ThirdEye"],"picked":"EmptyFist","floor":1},{"not_picked":["Crescendo","SpiritShield"],"picked":"Swivel","floor":5},{"not_picked":["WaveOfTheHand","EmptyFist"],"picked":"Devotion","floor":7},{"not_picked":["FlyingSleeves","Vengeance"],"picked":"Devotion","floor":10},{"not_picked":["SpiritShield","Conclude"],"picked":"Perseverance","floor":13},{"not_picked":["BowlingBash","CarveReality"],"picked":"Sanctity","floor":14},{"not_picked":["BattleHymn","Unraveling"],"picked":"MasterReality","floor":16},{"not_picked":["Protect","EmptyMind"],"picked":"Consecrate+1","floor":18},{"not_picked":["PathToVictory","FollowUp+1"],"picked":"SandsOfTime","floor":20},{"not_picked":["Consecrate","BowlingBash"],"picked":"Establishment+1","floor":24},{"not_picked":["EmptyMind","Adaptation+1","WaveOfTheHand"],"picked":"Singing Bowl","floor":25},{"not_picked":["EmptyFist+1","Worship+1","ClearTheMind"],"picked":"Singing Bowl","floor":27},{"not_picked":["EmptyFist+1","Weave"],"picked":"CutThroughFate+1","floor":28},{"not_picked":["WaveOfTheHand","CrushJoints+1","EmptyMind"],"picked":"Singing Bowl","floor":29},{"not_picked":["Wireheading+1","InnerPeace+1"],"picked":"Omniscience","floor":30}],"player_experience":1927406,"relics_obtained":[{"floor":7,"key":"Singing Bowl"},{"floor":10,"key":"Dodecahedron"},{"floor":13,"key":"Shovel"},{"floor":17,"key":"Lantern"},{"floor":17,"key":"Frozen Egg 2"},{"floor":17,"key":"Gambling Chip"},{"floor":25,"key":"Bronze Scales"},{"floor":26,"key":"MealTicket"},{"floor":27,"key":"InkBottle"},{"floor":29,"key":"Bottled Tornado"}],"event_choices":[{"damage_healed":0,"gold_gain":0,"player_choice":"Upgraded","damage_taken":0,"max_hp_gain":0,"max_hp_loss":0,"event_name":"Upgrade Shrine","floor":3,"gold_loss":0,"cards_upgraded":["Eruption"]},{"cards_removed":["Strike_P"],"damage_healed":0,"gold_gain":0,"player_choice":"Card Removal","damage_taken":7,"max_hp_gain":0,"max_hp_loss":0,"event_name":"Golden Wing","floor":11,"gold_loss":0},{"damage_healed":0,"gold_gain":0,"player_choice":"Ignored","damage_taken":0,"max_hp_gain":0,"max_hp_loss":0,"event_name":"Liars Game","floor":12,"gold_loss":0},{"damage_healed":0,"gold_gain":0,"player_choice":"Copied","damage_taken":0,"max_hp_gain":0,"max_hp_loss":0,"event_name":"Duplicator","floor":19,"gold_loss":0,"cards_obtained":["Perseverance"]},{"damage_healed":0,"gold_gain":0,"player_choice":"Bet on Murderer","damage_taken":0,"max_hp_gain":0,"max_hp_loss":0,"event_name":"The Joust","floor":21,"gold_loss":50}],"is_beta":true,"boss_relics":[{"not_picked":["Busted Crown","Empty Cage"],"picked":"Calling Bell"}],"items_purged_floors":[22],"is_endless":false,"potions_floor_spawned":[5,7,13,14,16,20,24,28,29],"killed_by":"Snake Plant","ascension_level":2}