{"gold_per_floor":[112,112,112,129,149,149,174,191,216,216,227,227,42,54,54,154,154,172,185,145,77,102,102],"floor_reached":23,"playtime":1248,"items_purged":[],"score":191,"play_id":"656ae3af-0405-47ec-940a-65404a4dedc9","local_time":"20190910215600","is_ascension_mode":false,"campfire_choices":[{"data":"Thunder Strike","floor":6.0,"key":"SMITH"},{"data":"Dualcast","floor":12.0,"key":"SMITH"},{"floor":15.0,"key":"REST"}],"neow_cost":"NONE","seed_source_timestamp":0,"circlet_count":0,"master_deck":["Strike_B","Strike_B","Strike_B","Strike_B","Defend_B","Defend_B+1","Defend_B","Defend_B","Zap+1","Dualcast+1","Turbo","Thunder Strike+1","Creative AI","Conserve Battery","Echo Form+1","Capacitor","Aggregate+1","Defragment","Turbo"],"special_seed":0,"relics":["Cracked Core","Matryoshka","Boot","Lantern","Happy Flower","Cursed Key","Red Mask"],"potions_floor_usage":[23,23],"damage_taken":[{"damage":0.0,"enemies":"Cultist","floor":1.0,"turns":2.0},{"damage":8.0,"enemies":"2 Louse","floor":4.0,"turns":2.0},{"damage":0.0,"enemies":"Small Slimes","floor":5.0,"turns":3.0},{"damage":25.0,"enemies":"Gremlin Nob","floor":7.0,"turns":4.0},{"damage":8.0,"enemies":"Red Slaver","floor":8.0,"turns":5.0},{"damage":9.0,"enemies":"Exordium Thugs","floor":11.0,"turns":4.0},{"damage":9.0,"enemies":"Lots of Slimes","floor":14.0,"turns":5.0},{"damage":14.0,"enemies":"Hexaghost","floor":16.0,"turns":7.0},{"damage":4.0,"enemies":"Spheric Guardian","floor":18.0,"turns":4.0},{"damage":19.0,"enemies":"Chosen","floor":19.0,"turns":5.0},{"damage":25.0,"enemies":"Masked Bandits","floor":22.0,"turns":4.0},{"damage":43,"enemies":"Gremlin Leader","floor":23,"turns":6}],"seed_played":"-2190122608216878889","potions_obtained":[{"floor":4.0,"key":"Regen Potion"},{"floor":5.0,"key":"Block Potion"},{"floor":7.0,"key":"SteroidPotion"},{"floor":14.0,"key":"EntropicBrew"},{"floor":19.0,"key":"Strength Potion"}],"is_trial":false,"path_per_floor":["M","T","?","M","M","R","E","M","T","$","M","R","$","M","R","B",null,"M","M","?","$","?","E"],"character_chosen":"DEFECT","items_purchased":["Creative AI","Conserve Battery","Defragment"],"campfire_rested":1,"item_purchase_floors":[13,13,21],"current_hp_per_floor":[82,82,66,58,58,58,45,37,37,37,28,28,28,19,43,29,82,78,59,59,59,34,0],"gold":102,"neow_bonus":"TEN_PERCENT_HP_BONUS","is_prod":false,"is_daily":false,"chose_seed":false,"campfire_upgraded":2,"win_rate":0,"timestamp":1568166960,"path_taken":["M","?","?","M","M","R","E","M","T","$","M","R","$","M","R","BOSS","M","M","?","?","?","E"],"build_version":"2019-07-17","purchased_purges":0,"victory":false,"max_hp_per_floor":[82,82,82,82,82,82,82,82,82,82,82,82,82,82,82,82,82,82,82,82,82,82,82],"card_choices":[{"not_picked":["Conserve Battery","Steam"],"picked":"Turbo","floor":1.0},{"not_picked":["Streamline","Heatsinks"],"picked":"Thunder Strike","floor":4.0},{"not_picked":["Steam","Reprogram","Rebound"],"picked":"SKIP","floor":5.0},{"not_picked":["Gash","Streamline","Scrape"],"picked":"SKIP","floor":7.0},{"not_picked":["Streamline","Steam Power","Redo"],"picked":"SKIP","floor":8.0},{"not_picked":["Leap","Go for the Eyes","Cold Snap"],"picked":"SKIP","floor":11.0},{"not_picked":["Blizzard","Leap","Rebound"],"picked":"SKIP","floor":14.0},{"not_picked":["Machine Learning","Seek"],"picked":"Echo Form","floor":16.0},{"not_picked":["Redo","Leap"],"picked":"Capacitor","floor":18.0},{"not_picked":["Leap","Reinforced Body"],"picked":"Aggregate+1","floor":19.0},{"not_picked":["Redo","Compile Driver"],"picked":"Turbo","floor":22.0}],"player_experience":464546,"relics_obtained":[{"floor":2.0,"key":"Matryoshka"},{"floor":7.0,"key":"Boot"},{"floor":9.0,"key":"Lantern"},{"floor":9.0,"key":"Happy Flower"},{"floor":22.0,"key":"Red Mask"}],"event_choices":[{"damage_healed":0.0,"max_hp_gain":0.0,"max_hp_loss":0.0,"gold_gain":0.0,"event_name":"Shining Light","player_choice":"Entered Light","floor":3.0,"gold_loss":0.0,"damage_taken":16.0,"cards_upgraded":["Zap","Defend_B"]},{"damage_healed":0.0,"max_hp_gain":0.0,"max_hp_loss":0.0,"gold_gain":0.0,"event_name":"Designer","player_choice":"Upgrade","floor":20.0,"gold_loss":40.0,"damage_taken":0.0,"cards_upgraded":["Echo Form"]},{"damage_healed":0.0,"max_hp_gain":0.0,"max_hp_loss":0.0,"gold_gain":0.0,"event_name":"Masked Bandits","player_choice":"Fought Bandits","floor":22.0,"gold_loss":0.0,"damage_taken":0.0}],"is_beta":false,"boss_relics":[{"not_picked":["Ectoplasm","Astrolabe"],"picked":"Cursed Key"}],"items_purged_floors":[],"is_endless":false,"potions_floor_spawned":[4,5,7,14,19],"killed_by":"Gremlin Leader","ascension_level":0}