{"gold_per_floor":[112,127,146,246,257,257,290,290,290,290,319,338,338,9,9,114,114,126,126,126,26,26,55,55,55,55,81,97,97,131,148,148,247,247,258,258,50,68,68,99,127,173,212,224,236,248,283,265,277,289,301,313,31,59,59],"floor_reached":56,"playtime":2518,"items_purged":["Strike_R","Writhe","Strike_R"],"score":1569,"play_id":"9e13cf18-99f2-421b-8ae1-4ab493480223","local_time":"20190714163308","is_ascension_mode":true,"campfire_choices":[{"data":"Iron Wave","floor":6,"key":"SMITH"},{"data":"Uppercut","floor":8,"key":"SMITH"},{"data":"Body Slam","floor":10,"key":"SMITH"},{"data":"Flame Barrier","floor":15,"key":"SMITH"},{"data":"Shrug It Off","floor":25,"key":"SMITH"},{"data":"Bludgeon","floor":29,"key":"SMITH"},{"data":"True Grit","floor":32,"key":"SMITH"},{"floor":44,"key":"RECALL"},{"data":"Power Through","floor":46,"key":"SMITH"},{"data":"Shrug It Off","floor":49,"key":"SMITH"},{"data":"Defend_R","floor":52,"key":"SMITH"}],"neow_cost":"NONE","seed_source_timestamp":22099414355925,"circlet_count":0,"master_deck":["Defend_R+1","Defend_R","Defend_R","Defend_R","Bash","Iron Wave+1","Metallicize+1","Body Slam+1","Uppercut+1","Shockwave+1","Flame Barrier+1","Power Through+1","Juggernaut+1","Shrug It Off+1","Evolve+1","Bludgeon+1","Clothesline+1","Cleave+1","True Grit+1","Shrug It Off+1","Berserk+1","Pommel Strike+1","Flash of Steel+1","Body Slam+1","Inflame+1"],"relics":["Burning Blood","Pen Nib","Shuriken","Meat on the Bone","Odd Mushroom","Mummified Hand","Frozen Egg 2","Snecko Eye","Molten Egg 2","Bottled Lightning","Oddly Smooth Stone","Omamori","Bottled Flame","Busted Crown","MawBank","Bag of Marbles","Vajra","Centennial Puzzle","Paper Frog","Gremlin Horn"],"potions_floor_usage":[7,16,23,33,33,35,50,55],"damage_taken":[{"damage":8,"enemies":"Jaw Worm","floor":1,"turns":4},{"damage":6,"enemies":"Cultist","floor":2,"turns":3},{"damage":0,"enemies":"2 Louse","floor":3,"turns":4},{"damage":5,"enemies":"Blue Slaver","floor":5,"turns":6},{"damage":44,"enemies":"Lagavulin","floor":7,"turns":9},{"damage":15,"enemies":"The Mushroom Lair","floor":11,"turns":4},{"damage":9,"enemies":"Looter","floor":12,"turns":3},{"damage":6,"enemies":"The Guardian","floor":16,"turns":10},{"damage":7,"enemies":"Chosen","floor":18,"turns":3},{"damage":15,"enemies":"Gremlin Leader","floor":23,"turns":7},{"damage":31,"enemies":"Slavers","floor":27,"turns":7},{"damage":0,"enemies":"Shell Parasite","floor":28,"turns":3},{"damage":13,"enemies":"Book of Stabbing","floor":30,"turns":3},{"damage":8,"enemies":"3 Cultists","floor":31,"turns":4},{"damage":60,"enemies":"Collector","floor":33,"turns":8},{"damage":12,"enemies":"3 Darklings","floor":35,"turns":6},{"damage":0,"enemies":"Orb Walker","floor":38,"turns":2},{"damage":10,"enemies":"Giant Head","floor":40,"turns":6},{"damage":7,"enemies":"Maw","floor":41,"turns":6},{"damage":28,"enemies":"Reptomancer","floor":42,"turns":4},{"damage":9,"enemies":"Awakened One","floor":50,"turns":9},{"damage":14,"enemies":"Shield and Spear","floor":54,"turns":4},{"damage":34,"enemies":"The Heart","floor":55,"turns":7}],"seed_played":"3364897885598310034","potions_obtained":[{"floor":1,"key":"Block Potion"},{"floor":2,"key":"Strength Potion"},{"floor":11,"key":"Regen Potion"},{"floor":12,"key":"Strength Potion"},{"floor":28,"key":"Regen Potion"},{"floor":31,"key":"Energy Potion"},{"floor":33,"key":"AttackPotion"},{"floor":40,"key":"SpeedPotion"},{"floor":48,"key":"AttackPotion"},{"floor":48,"key":"SmokeBomb"}],"is_trial":false,"path_per_floor":["M","M","M","?","M","R","E","R","T","R","?","M","?","$","R","B",null,"M","?","?","$","T","E","?","R","T","E","M","R","E","M","R","B",null,"M","?","$","M","?","E","M","E","T","R","?","R","T","?","R","B",null,"R","$","E","B",null],"character_chosen":"IRONCLAD","items_purchased":["Frozen Egg 2","Flash of Steel+1","Paper Frog","Inflame+1"],"campfire_rested":0,"item_purchase_floors":[14,37,53,53],"current_hp_per_floor":[70,70,76,76,77,77,39,39,39,39,42,51,39,39,39,51,73,72,72,72,72,72,63,63,63,63,50,56,56,49,47,47,20,65,59,59,59,65,65,61,60,50,50,50,50,50,50,50,50,47,72,72,72,64,48],"gold":59,"neow_bonus":"RANDOM_COMMON_RELIC","is_prod":false,"is_daily":false,"chose_seed":false,"campfire_upgraded":10,"win_rate":0,"timestamp":1563136388,"path_taken":["M","M","M","?","?","R","E","R","T","R","?","M","?","$","R","BOSS","M","?","?","?","?","E","?","R","T","E","M","R","E","M","R","BOSS","M","?","?","M","?","E","?","E","T","R","?","R","?","?","R","BOSS","R","$","E","BOSS"],"build_version":"2019-07-05","purchased_purges":3,"victory":true,"max_hp_per_floor":[80,80,80,80,80,80,80,80,80,80,80,80,80,80,80,80,80,80,80,80,80,80,80,80,80,80,80,80,80,80,80,80,80,80,80,80,80,80,80,80,80,80,80,80,80,80,80,80,80,80,80,80,80,80,80],"card_choices":[{"not_picked":["Corruption","Searing Blow"],"picked":"Iron Wave","floor":1},{"not_picked":["Armaments","Anger"],"picked":"Metallicize","floor":2},{"not_picked":["Metallicize","Limit Break"],"picked":"Body Slam","floor":3},{"not_picked":["Combust","Warcry"],"picked":"Uppercut","floor":5},{"not_picked":["Cleave","Sword Boomerang"],"picked":"Shockwave","floor":7},{"not_picked":["Warcry","Thunderclap"],"picked":"Flame Barrier","floor":11},{"not_picked":["Clash","Pommel Strike"],"picked":"Power Through","floor":12},{"not_picked":["Double Tap","Impervious"],"picked":"Juggernaut+1","floor":16},{"not_picked":["Cleave","Headbutt"],"picked":"Shrug It Off","floor":18},{"not_picked":["Spot Weakness","Corruption+1"],"picked":"Clothesline+1","floor":23},{"not_picked":["Hemokinesis+1","Reckless Charge+1"],"picked":"Cleave+1","floor":27},{"not_picked":["Shockwave","Seeing Red","Headbutt+1"],"picked":"SKIP","floor":28},{"not_picked":["Cleave+1","Thunderclap+1"],"picked":"True Grit","floor":30},{"not_picked":["Intimidate","Twin Strike+1"],"picked":"Shrug It Off","floor":31},{"not_picked":["Brutality+1","Bludgeon+1"],"picked":"Berserk+1","floor":33},{"not_picked":[],"picked":"Pommel Strike+1","floor":35},{"not_picked":["Dual Wield"],"picked":"SKIP","floor":38},{"not_picked":[],"picked":"Body Slam+1","floor":40},{"not_picked":["Shrug It Off+1"],"picked":"SKIP","floor":41},{"not_picked":["Clothesline+1"],"picked":"SKIP","floor":42},{"not_picked":["Warcry"],"picked":"SKIP","floor":54}],"player_experience":293013,"relics_obtained":[{"floor":7,"key":"Shuriken"},{"floor":9,"key":"Meat on the Bone"},{"floor":11,"key":"Odd Mushroom"},{"floor":23,"key":"Bottled Lightning"},{"floor":26,"key":"Oddly Smooth Stone"},{"floor":27,"key":"Omamori"},{"floor":30,"key":"Bottled Flame"},{"floor":40,"key":"MawBank"},{"floor":42,"key":"Bag of Marbles"},{"floor":43,"key":"Vajra"},{"floor":47,"key":"Centennial Puzzle"},{"floor":54,"key":"Gremlin Horn"}],"event_choices":[{"damage_healed":0,"gold_gain":100,"player_choice":"Pray","damage_taken":0,"max_hp_gain":0,"max_hp_loss":0,"event_name":"Golden Shrine","floor":4,"gold_loss":0},{"damage_healed":0,"gold_gain":0,"player_choice":"Fought Mushrooms","damage_taken":0,"max_hp_gain":0,"max_hp_loss":0,"event_name":"Mushrooms","floor":11,"gold_loss":0},{"damage_healed":0,"gold_gain":0,"player_choice":"Success","damage_taken":12,"relics_obtained":["Mummified Hand"],"max_hp_gain":0,"max_hp_loss":0,"event_name":"Scrap Ooze","floor":13,"gold_loss":0},{"damage_healed":0,"gold_gain":0,"cards_transformed":["Strike_R","Strike_R"],"player_choice":"Became Test Subject","damage_taken":0,"max_hp_gain":0,"max_hp_loss":0,"event_name":"Drug Dealer","floor":19,"gold_loss":0,"cards_obtained":["Evolve","Bludgeon"]},{"damage_healed":0,"gold_gain":0,"player_choice":"Opened","damage_taken":0,"relics_obtained":["Molten Egg 2"],"max_hp_gain":0,"max_hp_loss":0,"event_name":"The Mausoleum","floor":20,"gold_loss":0,"cards_obtained":["Writhe"]},{"damage_healed":0,"gold_gain":0,"player_choice":"Ignored","damage_taken":0,"max_hp_gain":0,"max_hp_loss":0,"event_name":"Vampires","floor":24,"gold_loss":0},{"damage_healed":0,"gold_gain":0,"player_choice":"Upgraded","damage_taken":0,"max_hp_gain":0,"max_hp_loss":0,"event_name":"Upgrade Shrine","floor":36,"gold_loss":0,"cards_upgraded":["Metallicize"]},{"damage_healed":0,"gold_gain":0,"player_choice":"Forge","damage_taken":0,"max_hp_gain":0,"max_hp_loss":0,"event_name":"Accursed Blacksmith","floor":39,"gold_loss":0,"cards_upgraded":["Shockwave"]},{"cards_removed":["Strike_R"],"damage_healed":0,"gold_gain":0,"player_choice":"Removed Attack","damage_taken":0,"max_hp_gain":0,"max_hp_loss":0,"event_name":"Falling","floor":45,"gold_loss":0},{"damage_healed":0,"gold_gain":0,"player_choice":"Bought 2 Potions","damage_taken":0,"max_hp_gain":0,"max_hp_loss":0,"event_name":"The Woman in Blue","floor":48,"gold_loss":0}],"is_beta":false,"boss_relics":[{"not_picked":["Tiny House","Calling Bell"],"picked":"Snecko Eye"},{"not_picked":["Orrery","Runic Dome"],"picked":"Busted Crown"}],"items_purged_floors":[14,21,37],"is_endless":false,"potions_floor_spawned":[1,2,11,12,28,31,33,40],"ascension_level":6}