{"gold_per_floor":[115,131,151,162,162,162,178,178,178,178,206,221,252,252,252,354,354,372,297,297,310,6,6,24,58,58,58,58,58,85,98,98,203,203,223,277,277,31,31,57,75,75,98,98,110,110,110],"floor_reached":47,"playtime":2579,"items_purged":["Strike_P","Injury"],"score":551,"play_id":"8060a07d-5228-4fcc-892c-8d9cf19a5359","local_time":"20190909180516","is_ascension_mode":false,"campfire_choices":[{"data":"SignatureMove","floor":6,"key":"SMITH"},{"data":"Eruption","floor":8,"key":"SMITH"},{"data":"Protect","floor":10,"key":"SMITH"},{"data":"MentalFortress","floor":15,"key":"SMITH"},{"data":"Pray","floor":23,"key":"SMITH"},{"data":"ForeignInfluence","floor":27,"key":"SMITH"},{"floor":32,"key":"RECALL"},{"floor":46,"key":"DIG"}],"neow_cost":"NONE","seed_source_timestamp":448795357836700,"circlet_count":0,"master_deck":["Strike_P","Defend_P","Defend_P","Defend_P","Eruption+1","Vigilance","EmptyBody+1","EmptyFist+1","Devotion+1","SignatureMove+1","Protect+1","MentalFortress+1","ForeignInfluence+1","Pray+1","FearNoEvil","Iron Wave","Evaluate+1","Establishment","EmptyMind+1","Prostrate+1","Vault","WindmillStrike+1","Omniscience","PathToVictory","InnerPeace+1","Flash of Steel","Dark Shackles","Deep Breath","MentalFortress+1","Normality"],"relics":["PureWater","Kunai","Melange","Bird Faced Urn","Cursed Key","Medical Kit","Vajra","Mercury Hourglass","Shovel","Runic Pyramid","Ice Cream","DollysMirror","Singing Bowl","Art of War","Omamori"],"potions_floor_usage":[12,25,36,36,36,47],"damage_taken":[{"damage":1,"enemies":"Cultist","floor":1,"turns":3},{"damage":0,"enemies":"2 Louse","floor":2,"turns":2},{"damage":0,"enemies":"Small Slimes","floor":3,"turns":2},{"damage":6,"enemies":"3 Louse","floor":4,"turns":4},{"damage":9,"enemies":"Lots of Slimes","floor":7,"turns":7},{"damage":16,"enemies":"3 Sentries","floor":11,"turns":8},{"damage":0,"enemies":"Looter","floor":12,"turns":4},{"damage":0,"enemies":"Gremlin Nob","floor":13,"turns":2},{"damage":7,"enemies":"Hexaghost","floor":16,"turns":8},{"damage":4,"enemies":"3 Byrds","floor":18,"turns":6},{"damage":0,"enemies":"Spheric Guardian","floor":21,"turns":1},{"damage":0,"enemies":"Snecko","floor":24,"turns":4},{"damage":22,"enemies":"Slavers","floor":25,"turns":6},{"damage":25,"enemies":"Gremlin Leader","floor":30,"turns":7},{"damage":11,"enemies":"Centurion and Healer","floor":31,"turns":8},{"damage":1,"enemies":"Champ","floor":33,"turns":9},{"damage":0,"enemies":"3 Shapes","floor":35,"turns":5},{"damage":16,"enemies":"2 Orb Walkers","floor":36,"turns":4},{"damage":36,"enemies":"Nemesis","floor":40,"turns":7},{"damage":0,"enemies":"Orb Walker","floor":41,"turns":3},{"damage":16,"enemies":"3 Darklings","floor":45,"turns":4},{"damage":72,"enemies":"Reptomancer","floor":47,"turns":4}],"seed_played":"2525693558640644080","potions_obtained":[{"floor":3,"key":"Poison Potion"},{"floor":7,"key":"EntropicBrew"},{"floor":11,"key":"Swift Potion"},{"floor":21,"key":"DuplicationPotion"},{"floor":30,"key":"FearPotion"},{"floor":33,"key":"StancePotion"},{"floor":45,"key":"Regen Potion"}],"is_trial":false,"path_per_floor":["M","M","M","M","?","R","M","R","T","R","E","M","E","?","R","B",null,"M","?","?","M","$","R","M","E","T","R","?","?","E","M","R","B",null,"M","?","?","$","?","E","M","?","T","?","M","R","E"],"character_chosen":"WATCHER","items_purchased":["Medical Kit","Establishment","DollysMirror"],"campfire_rested":0,"item_purchase_floors":[22,22,38],"current_hp_per_floor":[70,70,70,64,64,64,55,55,55,55,39,39,39,25,25,22,71,69,69,69,69,69,69,71,53,53,53,53,53,34,65,65,70,71,71,55,45,45,38,12,14,14,14,66,52,52,0],"gold":110,"neow_bonus":"TEN_PERCENT_HP_BONUS","is_prod":false,"is_daily":false,"chose_seed":false,"campfire_upgraded":6,"win_rate":0.0,"timestamp":1568066716,"path_taken":["M","M","?","M","?","R","M","R","T","R","E","M","E","?","R","BOSS","M","?","?","M","$","R","?","E","T","R","?","?","E","M","R","BOSS","M","?","?","$","?","E","?","?","T","?","M","R","E"],"build_version":"2019-09-09","purchased_purges":2,"victory":false,"max_hp_per_floor":[71,71,71,71,71,71,71,71,71,71,71,71,71,71,71,71,71,71,71,71,71,71,71,71,71,71,71,71,71,71,71,71,71,71,71,71,71,71,71,73,75,75,75,66,68,68,68],"card_choices":[{"not_picked":["Scrawl","StepAndStrike"],"picked":"EmptyBody","floor":1},{"not_picked":["SpiritShield","Consecrate"],"picked":"EmptyFist","floor":2},{"not_picked":["Crescendo","EmptyMind"],"picked":"Devotion","floor":3},{"not_picked":["Consecrate","CutThroughFate"],"picked":"SignatureMove","floor":4},{"not_picked":["FlurryOfBlows","Collect"],"picked":"Protect","floor":7},{"not_picked":["Halt","ClearTheMind"],"picked":"MentalFortress","floor":11},{"not_picked":["Crescendo","ClearTheMind"],"picked":"ForeignInfluence","floor":12},{"not_picked":["FlyingSleeves","StepAndStrike","Halt"],"picked":"SKIP","floor":13},{"not_picked":["Wallop","SignatureMove"],"picked":"Pray","floor":16},{"not_picked":["ThirdEye","Halt+1"],"picked":"FearNoEvil","floor":18},{"not_picked":["SpiritShield","Protect+1"],"picked":"Evaluate+1","floor":21},{"not_picked":["Meditate","BowlingBash"],"picked":"EmptyMind+1","floor":24},{"not_picked":["ThirdEye","CrushJoints"],"picked":"Prostrate+1","floor":25},{"not_picked":["Vengeance+1","EmptyFist"],"picked":"Vault","floor":30},{"not_picked":["ClearTheMind","WreathOfFlame"],"picked":"WindmillStrike+1","floor":31},{"not_picked":["Blasphemy","ReachHeaven"],"picked":"Omniscience","floor":33},{"not_picked":["Weave","Prostrate"],"picked":"PathToVictory","floor":35},{"not_picked":["Sanctity+1","EmptyFist"],"picked":"InnerPeace+1","floor":36},{"not_picked":["Deep Breath","Impatience"],"picked":"Flash of Steel","floor":37},{"not_picked":["Mayhem","HandOfGreed"],"picked":"Dark Shackles","floor":37},{"not_picked":["Violence","PanicButton"],"picked":"Deep Breath","floor":37},{"not_picked":["ClearTheMind","CrushJoints","CutThroughFate"],"picked":"Singing Bowl","floor":40},{"not_picked":["EmptyMind","FlyingSleeves","FearNoEvil+1"],"picked":"Singing Bowl","floor":41},{"not_picked":["Prostrate+1","Consecrate","Halt+1"],"picked":"Singing Bowl","floor":45}],"player_experience":1905355,"relics_obtained":[{"floor":9,"key":"Kunai"},{"floor":11,"key":"Melange"},{"floor":13,"key":"Bird Faced Urn"},{"floor":25,"key":"Vajra"},{"floor":26,"key":"Mercury Hourglass"},{"floor":30,"key":"Shovel"},{"floor":36,"key":"Ice Cream"},{"floor":40,"key":"Singing Bowl"},{"floor":43,"key":"Art of War"},{"floor":46,"key":"Omamori"}],"event_choices":[{"damage_healed":0,"gold_gain":0,"player_choice":"Grow","damage_taken":0,"max_hp_gain":0,"max_hp_loss":0,"event_name":"Living Wall","floor":5,"gold_loss":0,"cards_upgraded":["Devotion"]},{"damage_healed":0,"gold_gain":0,"player_choice":"Entered Light","damage_taken":14,"max_hp_gain":0,"max_hp_loss":0,"event_name":"Shining Light","floor":14,"gold_loss":0,"cards_upgraded":["EmptyFist","EmptyBody"]},{"cards_removed":["Strike_P"],"damage_healed":0,"gold_gain":0,"player_choice":"Gave Gold","damage_taken":0,"max_hp_gain":0,"max_hp_loss":0,"event_name":"Beggar","floor":19,"gold_loss":75},{"cards_removed":["Strike_P"],"damage_healed":0,"gold_gain":0,"player_choice":"Took Card","damage_taken":0,"max_hp_gain":0,"max_hp_loss":0,"event_name":"NoteForYourself","floor":20,"gold_loss":0,"cards_obtained":["Iron Wave"]},{"damage_healed":0,"gold_gain":0,"player_choice":"Ignored","damage_taken":0,"max_hp_gain":0,"max_hp_loss":0,"event_name":"The Mausoleum","floor":28,"gold_loss":0},{"damage_healed":0,"gold_gain":0,"player_choice":"Ignored","damage_taken":0,"max_hp_gain":0,"max_hp_loss":0,"event_name":"Ghosts","floor":29,"gold_loss":0},{"damage_healed":0,"gold_gain":0,"player_choice":"Fight","damage_taken":0,"max_hp_gain":0,"max_hp_loss":0,"event_name":"Mysterious Sphere","floor":36,"gold_loss":0},{"damage_healed":0,"gold_gain":0,"player_choice":"Memory 3","damage_taken":10,"max_hp_gain":0,"max_hp_loss":0,"event_name":"SensoryStone","floor":37,"gold_loss":0},{"damage_healed":0,"gold_gain":0,"player_choice":"Damaged","damage_taken":7,"max_hp_gain":0,"max_hp_loss":0,"event_name":"Wheel of Change","floor":39,"gold_loss":0},{"cards_removed":["Defend_P"],"damage_healed":0,"gold_gain":0,"player_choice":"Removed Skill","damage_taken":0,"max_hp_gain":0,"max_hp_loss":0,"event_name":"Falling","floor":42,"gold_loss":0},{"damage_healed":66,"gold_gain":0,"player_choice":"Heal","damage_taken":0,"max_hp_gain":0,"max_hp_loss":9,"event_name":"The Moai Head","floor":44,"gold_loss":0}],"is_beta":true,"boss_relics":[{"not_picked":["Busted Crown","Black Star"],"picked":"Cursed Key"},{"not_picked":["Snecko Eye","Runic Dome"],"picked":"Runic Pyramid"}],"items_purged_floors":[22,38],"is_endless":false,"potions_floor_spawned":[3,7,11,21,30,31,33,35,45],"killed_by":"Reptomancer","ascension_level":0}