{"gold_per_floor":[81,61,80,97,116,116,21,21,100,100,100,50,128,156,156,255,255,273,273,273,10,22,32,32,62,87,87,40,73,91,104,104,202,202,220,49,63,63,78,78,112,112,161,181,181,210,223,243,243,243],"floor_reached":50,"playtime":2507,"items_purged":["Strike_HD","Strike_HD"],"score":580,"play_id":"534ef5cf-b796-4ff2-8fe6-f6ed1cb47acd","local_time":"20190126230009","is_ascension_mode":false,"campfire_choices":[{"data":"GetWldd","floor":6,"key":"SMITH"},{"data":"AlcoholFlame","floor":8,"key":"SMITH"},{"data":"Beer","floor":10,"key":"SMITH"},{"data":"AlcoholBarrier","floor":15,"key":"SMITH"},{"floor":24,"key":"RECALL"},{"floor":27,"key":"REST"},{"floor":32,"key":"REST"},{"floor":40,"key":"REST"},{"floor":42,"key":"REST"},{"floor":45,"key":"REST"},{"floor":49,"key":"REST"}],"neow_cost":"NONE","seed_source_timestamp":47674711050609,"circlet_count":0,"master_deck":["Strike_HD+1","DrunkenFist","Defend_HD+1","Defend_HD","Defend_HD","Defend_HD+1","AlcoholBarrier+1","BreakDrink+1","AlcoholHeal+1","ChickenAttack","GetWldd+1","GetAll","Beer+1","AlcoholFlame+1","Beer","LightAttack+1","DrunkardWalk+1","GetAlcoholSmell","Ocd","CrazyDrinking","PointCard0","DrunkardWalk","MemeAttack","Metabolism","Beer+1","UnoWild4","Beer+1","GetToilet","UnoWild4","GetAlcoholism+1","Susie+1","RainbowAttack+1","Metabolism+1"],"relics":["WineBottle","NeowsBlessing","Bottled Lightning","Tiny Chest","Odd Mushroom","Fusion Hammer","Ancient Tea Set","Whetstone","War Paint","Black Star","Frozen Egg 2","Vajra","Letter Opener","Lantern","The Courier","Pen Nib"],"potions_floor_usage":[16,18,25,41,46,46,48,48,50],"damage_taken":[{"damage":0,"enemies":"Jaw Worm","floor":1,"turns":1},{"damage":0,"enemies":"Cultist","floor":3,"turns":1},{"damage":0,"enemies":"Small Slimes","floor":4,"turns":1},{"damage":10,"enemies":"2 Fungi Beasts","floor":5,"turns":6},{"damage":2,"enemies":"The Mushroom Lair","floor":14,"turns":2},{"damage":91,"enemies":"Hexaghost","floor":16,"turns":14},{"damage":0,"enemies":"Spheric Guardian","floor":18,"turns":3},{"damage":0,"enemies":"3 Byrds","floor":22,"turns":1},{"damage":13,"enemies":"Snecko","floor":23,"turns":6},{"damage":16,"enemies":"Slavers","floor":25,"turns":8},{"damage":1,"enemies":"Gremlin Leader","floor":29,"turns":2},{"damage":0,"enemies":"Shelled Parasite and Fungi","floor":30,"turns":1},{"damage":0,"enemies":"Centurion and Healer","floor":31,"turns":3},{"damage":71,"enemies":"Champ","floor":33,"turns":12},{"damage":9,"enemies":"3 Darklings","floor":35,"turns":4},{"damage":0,"enemies":"Orb Walker","floor":37,"turns":2},{"damage":0,"enemies":"3 Darklings","floor":39,"turns":3},{"damage":7,"enemies":"Giant Head","floor":41,"turns":8},{"damage":29,"enemies":"Maw","floor":44,"turns":5},{"damage":70,"enemies":"Reptomancer","floor":46,"turns":7},{"damage":5,"enemies":"4 Shapes","floor":47,"turns":4},{"damage":10,"enemies":"Sphere and 2 Shapes","floor":48,"turns":3},{"damage":42,"enemies":"Time Eater","floor":50,"turns":3}],"seed_played":"-2896426398943595668","potions_obtained":[{"floor":1,"key":"AlcoholPotion"},{"floor":2,"key":"AlcoholPotion"},{"floor":4,"key":"Fire Potion"},{"floor":16,"key":"SkillPotion"},{"floor":18,"key":"Strength Potion"},{"floor":30,"key":"SpeedPotion"},{"floor":35,"key":"AttackPotion"},{"floor":38,"key":"Block Potion"},{"floor":38,"key":"EntropicBrew"}],"is_trial":false,"path_per_floor":["M","?","M","M","M","R","$","R","T","R","?","?","T","?","R","B",null,"M","?","?","$","M","M","R","E","T","R","$","E","M","M","R","B",null,"M","$","M","?","M","R","E","R","T","M","R","E","M","M","R","B"],"character_chosen":"HORNYDRAGON","items_purchased":["Beer","AlcoholFlame","GetAlcoholSmell","Ocd","CrazyDrinking","DrunkardWalk","GetToilet"],"campfire_rested":6,"item_purchase_floors":[7,7,21,21,21,28,36],"current_hp_per_floor":[87,87,87,87,87,87,87,87,87,87,70,70,70,68,68,19,87,87,87,70,70,70,67,67,92,92,92,92,91,91,91,92,21,92,92,92,92,92,92,92,85,92,92,63,90,20,15,13,40,0],"gold":243,"neow_bonus":"THREE_ENEMY_KILL","is_prod":false,"is_daily":false,"chose_seed":false,"campfire_upgraded":4,"win_rate":0.0,"timestamp":1548540009,"path_taken":["M","?","M","M","M","R","?","R","T","R","?","?","?","?","R","BOSS","M","?","?","$","M","M","R","E","T","R","?","E","M","M","R","BOSS","M","$","M","?","?","R","E","R","T","M","R","E","M","M","R","BOSS"],"build_version":"2019-01-23","purchased_purges":2,"victory":false,"max_hp_per_floor":[87,87,87,87,87,87,87,87,87,87,87,87,87,87,87,87,87,87,87,92,92,92,92,92,92,92,92,92,92,92,92,92,92,92,92,92,92,92,92,92,92,92,92,92,92,92,92,92,92,92],"card_choices":[{"not_picked":["AlcoholBarrier","Circle"],"picked":"AlcoholHeal","floor":1},{"not_picked":["Fury","HeadDefend"],"picked":"ChickenAttack","floor":3},{"not_picked":["Scp261","SexyLeg"],"picked":"GetWldd","floor":4},{"not_picked":["ThrowBottle","Wtf"],"picked":"GetAll","floor":5},{"not_picked":["Yeast","DrunkenFist"],"picked":"Beer","floor":14},{"not_picked":["Ie6","Twin"],"picked":"LightAttack","floor":16},{"not_picked":["BloodyMary","KingRound"],"picked":"DrunkardWalk+1","floor":18},{"not_picked":["DrunkenFist","BottleAttack","Yeast"],"picked":"SKIP","floor":22},{"not_picked":["SexyLeg","Platelet+1","Fly"],"picked":"SKIP","floor":23},{"not_picked":["Yeast+1","PayToPlay"],"picked":"PointCard0","floor":25},{"not_picked":["StrangeSheild","Margarita"],"picked":"MemeAttack","floor":29},{"not_picked":["AlcoholBarrier+1","Ahahah"],"picked":"Metabolism","floor":30},{"not_picked":["Weed","CardReborn"],"picked":"Beer+1","floor":31},{"not_picked":["Twin","GasterBlaster"],"picked":"UnoWild4","floor":33},{"not_picked":["BunnyJump+1","HeadDefend+1"],"picked":"Beer+1","floor":35},{"not_picked":["Trumpet","HeadDefend+1","DrunkenFist"],"picked":"SKIP","floor":37},{"not_picked":["BloodyMary+1","Yeast+1"],"picked":"UnoWild4","floor":39},{"not_picked":["DoNotDrink+1","Ahahah+1"],"picked":"GetAlcoholism+1","floor":41},{"not_picked":["Beer+1","PowerGlove"],"picked":"Susie+1","floor":44},{"not_picked":["BirdAttack","Scp261+1"],"picked":"RainbowAttack+1","floor":46},{"not_picked":["Ahahah","BreakDrink+1","DrunkenFist"],"picked":"SKIP","floor":47},{"not_picked":["BraveAlcohol+1","Circle+1"],"picked":"Metabolism+1","floor":48}],"player_experience":318449,"relics_obtained":[{"floor":9,"key":"Bottled Lightning"},{"floor":13,"key":"Tiny Chest"},{"floor":14,"key":"Odd Mushroom"},{"floor":25,"key":"Ancient Tea Set"},{"floor":26,"key":"Whetstone"},{"floor":29,"key":"War Paint"},{"floor":41,"key":"Vajra"},{"floor":41,"key":"Letter Opener"},{"floor":46,"key":"Lantern"},{"floor":46,"key":"The Courier"}],"event_choices":[{"damage_healed":0,"gold_gain":0,"player_choice":"Bought 1 Potion","damage_taken":0,"max_hp_gain":0,"max_hp_loss":0,"event_name":"The Woman in Blue","floor":2,"gold_loss":0},{"damage_healed":0,"gold_gain":0,"player_choice":"Entered Light","damage_taken":17,"max_hp_gain":0,"max_hp_loss":0,"event_name":"Shining Light","floor":11,"gold_loss":0,"cards_upgraded":["Defend_HD","Defend_HD"]},{"cards_removed":["Strike_HD"],"damage_healed":0,"gold_gain":0,"player_choice":"Card Removal","damage_taken":0,"max_hp_gain":0,"max_hp_loss":0,"event_name":"The Cleric","floor":12,"gold_loss":50},{"damage_healed":0,"gold_gain":0,"player_choice":"Fought Mushrooms","damage_taken":0,"max_hp_gain":0,"max_hp_loss":0,"event_name":"Mushrooms","floor":14,"gold_loss":0},{"damage_healed":0,"gold_gain":0,"player_choice":"Ignored","damage_taken":0,"max_hp_gain":0,"max_hp_loss":0,"event_name":"Ghosts","floor":19,"gold_loss":0},{"damage_healed":0,"gold_gain":0,"player_choice":"Shed Blood","damage_taken":22,"max_hp_gain":5,"max_hp_loss":0,"event_name":"Forgotten Altar","floor":20,"gold_loss":0},{"damage_healed":0,"gold_gain":0,"player_choice":"Got Potions","damage_taken":0,"max_hp_gain":0,"max_hp_loss":0,"event_name":"Lab","floor":38,"gold_loss":0}],"is_beta":true,"boss_relics":[{"not_picked":["Philosopher\u0027s Stone","Lizard Tail"],"picked":"Fusion Hammer"},{"not_picked":["Velvet Choker","Cursed Key"],"picked":"Black Star"}],"items_purged_floors":[21,36],"is_endless":false,"potions_floor_spawned":[1,4,5,16,18,22,30,33,35,37,46,47],"killed_by":"Time Eater","ascension_level":0}