{"gold_per_floor":[118,68,68,80,90,90,149,184,184,73,73,89,89,106,106,203,203,218,234,234,61,11,74,87,87,87,87,87,98,98,108,108,208,208,226,241,116,0,19,19,51,62,62,62,78,78,78,55,55,55],"floor_reached":51,"playtime":3121,"items_purged":["Strike_G","Strike_G","Regret"],"score":770,"play_id":"e80a68fc-f1ac-4f26-83b7-49a694590ba2","local_time":"20190202190114","is_ascension_mode":false,"campfire_choices":[{"data":"Neutralize","floor":6.0,"key":"SMITH"},{"data":"Noxious Fumes","floor":13.0,"key":"SMITH"},{"data":"Survivor","floor":15.0,"key":"SMITH"},{"floor":28.0,"key":"REST"},{"data":"Corpse Explosion","floor":32.0,"key":"SMITH"},{"floor":40,"key":"REST"},{"data":"Glass Knife","floor":44,"key":"SMITH"},{"floor":47,"key":"REST"},{"data":"Madness","floor":49,"key":"SMITH"}],"neow_cost":"NONE","seed_source_timestamp":0,"circlet_count":0,"master_deck":["Defend_G","Defend_G","Strike_G","Survivor+1","Neutralize+1","Dagger Throw","Dagger Spray","Dagger Spray","Acrobatics","Noxious Fumes+1","Acrobatics","Backflip+1","Corpse Explosion+1","Well Laid Plans+1","Blur","All Out Attack","PiercingWail","Underhanded Strike+1","Deadly Poison","Poisoned Stab","Regret","Poisoned Stab+1","Dagger Throw","Glass Knife+1","PiercingWail+1","Well Laid Plans+1","Burst+1","Backstab+1","Backflip+1","PiercingWail","Crippling Poison+1","Predator+1","Poisoned Stab+1","Doubt","Madness","Madness+1","Deflect"],"special_seed":0,"relics":["Ring of the Snake","NeowsBlessing","Dream Catcher","Strawberry","Darkstone Periapt","Cursed Key","Tiny Chest","Orichalcum","Frozen Egg 2","Astrolabe","Red Mask","Bottled Tornado","Mummified Hand"],"potions_floor_usage":[50],"damage_taken":[{"damage":0.0,"enemies":"2 Louse","floor":1.0,"turns":1.0},{"damage":0.0,"enemies":"Jaw Worm","floor":4.0,"turns":1.0},{"damage":0.0,"enemies":"Small Slimes","floor":5.0,"turns":1.0},{"damage":27.0,"enemies":"Gremlin Nob","floor":7.0,"turns":5.0},{"damage":11.0,"enemies":"Lagavulin","floor":8.0,"turns":8.0},{"damage":0.0,"enemies":"Looter","floor":12.0,"turns":3.0},{"damage":0.0,"enemies":"Blue Slaver","floor":14.0,"turns":5.0},{"damage":15.0,"enemies":"Hexaghost","floor":16.0,"turns":12.0},{"damage":5.0,"enemies":"Spheric Guardian","floor":18.0,"turns":4.0},{"damage":7.0,"enemies":"2 Thieves","floor":19.0,"turns":4.0},{"damage":28.0,"enemies":"Gremlin Leader","floor":23.0,"turns":7.0},{"damage":6.0,"enemies":"Cultist and Chosen","floor":24.0,"turns":4.0},{"damage":3.0,"enemies":"3 Cultists","floor":29.0,"turns":3.0},{"damage":2.0,"enemies":"Snecko","floor":31.0,"turns":5.0},{"damage":48.0,"enemies":"Collector","floor":33.0,"turns":9.0},{"damage":33.0,"enemies":"3 Darklings","floor":35.0,"turns":3.0},{"damage":0.0,"enemies":"3 Shapes","floor":36.0,"turns":3.0},{"damage":6,"enemies":"Jaw Worm Horde","floor":39,"turns":2},{"damage":8,"enemies":"Reptomancer","floor":41,"turns":7},{"damage":8,"enemies":"Spire Growth","floor":42,"turns":5},{"damage":0,"enemies":"Sphere and 2 Shapes","floor":45,"turns":4},{"damage":40,"enemies":"Donu and Deca","floor":50,"turns":7}],"seed_played":"-1051198978436688488","potions_obtained":[{"floor":7.0,"key":"GhostInAJar"},{"floor":8.0,"key":"Poison Potion"},{"floor":16.0,"key":"Block Potion"},{"floor":18.0,"key":"Fire Potion"},{"floor":19.0,"key":"Ancient Potion"},{"floor":31.0,"key":"PowerPotion"},{"floor":39,"key":"SteroidPotion"},{"floor":45,"key":"GhostInAJar"}],"is_trial":false,"path_per_floor":["M","?","?","M","M","R","?","E","T","$","?","M","R","M","R","B",null,"M","M","?","$","$","E","M","?","T","T","R","M","$","M","R","B",null,"M","M","$","?","M","R","E","M","T","R","M","?","R","$","R","B",null],"character_chosen":"THE_SILENT","items_purchased":["Noxious Fumes","All Out Attack","PiercingWail","Deflect"],"campfire_rested":3,"item_purchase_floors":[10,21,22,48],"current_hp_per_floor":[70,70,75,75,75,75,48,44,44,44,44,44,44,44,44,29,82,77,70,70,70,70,42,36,36,42,48,76,73,73,71,71,23,94,61,61,61,61,55,83,75,67,73,73,73,60,90,90,90,50],"gold":55,"neow_bonus":"THREE_ENEMY_KILL","is_prod":false,"is_daily":false,"chose_seed":false,"campfire_upgraded":6,"win_rate":0,"timestamp":1549101674,"path_taken":["M","?","?","M","M","R","?","E","T","$","?","M","R","M","R","BOSS","M","M","?","?","$","E","M","?","T","?","R","?","$","M","R","BOSS","M","M","$","?","M","R","E","M","T","R","M","?","R","$","R","BOSS"],"build_version":"2019-01-23","purchased_purges":3,"victory":true,"max_hp_per_floor":[70,70,75,75,75,75,75,82,82,82,82,82,82,82,82,82,82,82,82,82,82,82,82,82,82,88,94,94,94,94,94,94,94,94,94,94,94,94,94,94,94,94,100,100,100,100,100,100,100,100],"card_choices":[{"not_picked":["Slice","Quick Slash"],"picked":"Dagger Throw","floor":1.0},{"not_picked":["Setup","Outmaneuver","Underhanded Strike"],"picked":"SKIP","floor":4.0},{"not_picked":["Quick Slash","A Thousand Cuts"],"picked":"Dagger Spray","floor":5.0},{"not_picked":["Dagger Throw","Sucker Punch"],"picked":"Dagger Spray","floor":7.0},{"not_picked":["Choke","Prepared"],"picked":"Acrobatics","floor":8.0},{"not_picked":["Concentrate","Reflex"],"picked":"Acrobatics","floor":12.0},{"not_picked":["Dodge and Roll","Bane"],"picked":"Backflip","floor":14.0},{"not_picked":["Envenom","Wraith Form v2"],"picked":"Corpse Explosion","floor":16.0},{"not_picked":["Prepared","Underhanded Strike"],"picked":"Well Laid Plans+1","floor":18.0},{"not_picked":["Blade Dance","Noxious Fumes"],"picked":"Blur","floor":19.0},{"not_picked":["Unload","Distraction"],"picked":"Underhanded Strike+1","floor":23.0},{"not_picked":["Deflect","Outmaneuver"],"picked":"Deadly Poison","floor":24.0},{"not_picked":["Prepared","Deadly Poison"],"picked":"Poisoned Stab+1","floor":28.0},{"not_picked":["Acrobatics","Blade Dance"],"picked":"Dagger Throw","floor":29.0},{"not_picked":["Expertise","Wraith Form v2+1","Leg Sweep"],"picked":"SKIP","floor":31.0},{"not_picked":["Phantasmal Killer","Unload"],"picked":"Glass Knife","floor":33.0},{"not_picked":["Escape Plan","All Out Attack"],"picked":"Backstab+1","floor":35.0},{"not_picked":["Bane+1","Deadly Poison+1"],"picked":"Backflip+1","floor":36.0},{"not_picked":["Backflip","Underhanded Strike+1"],"picked":"PiercingWail","floor":39},{"not_picked":["Outmaneuver+1","Caltrops+1"],"picked":"Crippling Poison+1","floor":40},{"not_picked":["All Out Attack","Infinite Blades+1"],"picked":"Predator+1","floor":41},{"not_picked":["Dodge and Roll","Choke"],"picked":"Poisoned Stab+1","floor":42},{"not_picked":["Slice","Deflect","Sucker Punch+1"],"picked":"SKIP","floor":45}],"player_experience":90129,"relics_obtained":[{"floor":8.0,"key":"Strawberry"},{"floor":9.0,"key":"Darkstone Periapt"},{"floor":23.0,"key":"Tiny Chest"},{"floor":26.0,"key":"Orichalcum"},{"floor":27.0,"key":"Frozen Egg 2"},{"floor":41,"key":"Bottled Tornado"},{"floor":43,"key":"Mummified Hand"}],"event_choices":[{"cards_removed":["Strike_G"],"damage_healed":0.0,"max_hp_gain":0.0,"max_hp_loss":0.0,"gold_gain":0.0,"event_name":"The Cleric","player_choice":"Card Removal","floor":2.0,"gold_loss":50.0,"damage_taken":0.0},{"damage_healed":0.0,"max_hp_gain":5.0,"max_hp_loss":0.0,"gold_gain":0.0,"event_name":"Big Fish","player_choice":"Donut","floor":3.0,"gold_loss":0.0,"damage_taken":0.0},{"damage_healed":0.0,"max_hp_gain":0.0,"max_hp_loss":0.0,"gold_gain":0.0,"event_name":"Dead Adventurer","player_choice":"Searched \u00273\u0027 times","floor":7.0,"gold_loss":0.0,"damage_taken":0.0,"relics_obtained":["Dream Catcher"]},{"cards_removed":["Defend_G"],"damage_healed":0.0,"max_hp_gain":0.0,"max_hp_loss":0.0,"gold_gain":0.0,"event_name":"Living Wall","player_choice":"Forget","floor":11.0,"gold_loss":0.0,"damage_taken":0.0},{"damage_healed":0.0,"max_hp_gain":0.0,"max_hp_loss":0.0,"gold_gain":0.0,"event_name":"Accursed Blacksmith","player_choice":"Forge","floor":20.0,"gold_loss":0.0,"damage_taken":0.0,"cards_upgraded":["Backflip"]},{"damage_healed":0.0,"max_hp_gain":0.0,"max_hp_loss":0.0,"gold_gain":0.0,"event_name":"The Library","player_choice":"Read","floor":25.0,"gold_loss":0.0,"damage_taken":0.0,"cards_obtained":["Poisoned Stab"]},{"damage_healed":0.0,"max_hp_gain":0.0,"max_hp_loss":0.0,"gold_gain":0.0,"event_name":"Tomb of Lord Red Mask","player_choice":"Paid","floor":38.0,"gold_loss":116.0,"damage_taken":0.0,"relics_obtained":["Red Mask"]},{"damage_healed":0,"gold_gain":0,"player_choice":"Embrace Madness","damage_taken":13,"max_hp_gain":0,"max_hp_loss":0,"event_name":"Winding Halls","floor":46,"gold_loss":0,"cards_obtained":["Madness","Madness"]}],"is_beta":false,"boss_relics":[{"not_picked":["Velvet Choker","Fusion Hammer"],"picked":"Cursed Key"},{"not_picked":["White Beast Statue","Snecko Eye"],"picked":"Astrolabe"}],"items_purged_floors":[10,21,37],"is_endless":false,"potions_floor_spawned":[7,8,16,18,19,31,39,45],"ascension_level":0}