{"path_per_floor":["M","?","M","M","?","R","E","R","T","M","M","M","M","?","R","B",null,"M","?","?","?","M","R","M","?","T","M","$","M","M","M","R","B",null,"M","?","$","?","M","R","E","R","T","$","?","R","E","M","R"],"character_chosen":"IRONCLAD","items_purchased":["Meat on the Bone","Inflame","Singing Bowl","Battle Trance"],"gold_per_floor":[113,113,124,137,137,137,162,162,162,176,190,205,223,223,223,319,319,329,329,329,329,341,341,358,383,383,397,37,47,62,81,81,183,183,201,201,48,48,66,66,96,96,96,15,237,237,262,282,282,282],"floor_reached":50,"campfire_rested":0,"playtime":3315,"item_purchase_floors":[28,28,37,44],"current_hp_per_floor":[80,80,80,79,84,84,79,79,79,85,85,81,83,83,83,33,85,74,42,42,26,29,29,34,35,35,39,39,42,28,39,39,32,42,42,37,37,37,39,39,43,43,43,43,43,43,45,50,50,0],"items_purged":["Strike_R"],"gold":282,"score":607,"play_id":"4c2046ee-02f2-4cd3-a9ed-67185020225a","local_time":"20180530210329","is_prod":false,"is_daily":false,"chose_seed":false,"is_ascension_mode":true,"campfire_upgraded":9,"win_rate":0,"timestamp":1527707009,"campfire_choices":[{"data":"Cleave","floor":6,"key":"SMITH"},{"data":"Sword Boomerang","floor":8,"key":"SMITH"},{"data":"Offering","floor":15,"key":"SMITH"},{"data":"True Grit","floor":23,"key":"SMITH"},{"data":"Ghostly","floor":32,"key":"SMITH"},{"data":"True Grit","floor":40,"key":"SMITH"},{"data":"Double Tap","floor":42,"key":"SMITH"},{"data":"Madness","floor":46,"key":"SMITH"},{"data":"Bludgeon","floor":49,"key":"SMITH"}],"path_taken":["M","?","M","M","?","R","E","R","T","M","?","M","M","?","R","BOSS","M","?","?","?","?","R","?","?","T","M","$","M","M","M","R","BOSS","M","?","$","?","?","R","E","R","T","$","?","R","E","M","R","BOSS"],"build_version":"2018-05-29","seed_source_timestamp":24778503620059,"purchased_purges":1,"victory":false,"master_deck":["Strike_R","Defend_R","Defend_R","Defend_R+1","Bash+1","Dropkick","Cleave+1","Sword Boomerang+1","Shrug It Off","Offering+1","Thunderclap","Bludgeon+1","Ghostly+1","Ghostly","Ghostly","Ghostly","Ghostly","True Grit+1","True Grit+1","Flex","Inflame","Double Tap+1","Battle Trance+1","Clash+1","Twin Strike+1","Infernal Blade","Madness+1","Madness","Finesse","Battle Trance"],"max_hp_per_floor":[80,80,80,80,85,85,85,85,85,85,85,85,85,85,85,85,85,85,42,42,42,42,42,42,42,42,42,42,42,42,42,42,42,42,42,42,42,42,44,44,46,46,46,46,46,46,48,50,50,50],"relics":["Burning Blood","Self Forming Clay","Paper Frog","Mark of Pain","Enchiridion","Red Mask","Charon\u0027s Ashes","Meat on the Bone","Astrolabe","Singing Bowl","Ancient Tea Set","Bottled Lightning","Dodecahedron"],"card_choices":[{"not_picked":["Second Wind","Rage"],"picked":"Dropkick","floor":1},{"not_picked":["Spot Weakness","Clash"],"picked":"Cleave","floor":3},{"not_picked":["Havoc","Armaments"],"picked":"Sword Boomerang","floor":4},{"not_picked":["Perfected Strike","Anger"],"picked":"Shrug It Off","floor":7},{"not_picked":["Pommel Strike","Armaments","Perfected Strike"],"picked":"SKIP","floor":10},{"not_picked":["Shrug It Off","Wild Strike"],"picked":"Offering","floor":11},{"not_picked":["Clothesline","Shrug It Off"],"picked":"Thunderclap","floor":12},{"not_picked":["Iron Wave","Rampage","Perfected Strike"],"picked":"SKIP","floor":13},{"not_picked":["Exhume","Berserk"],"picked":"Bludgeon","floor":16},{"not_picked":["Perfected Strike","Shrug It Off","Anger"],"picked":"SKIP","floor":18},{"not_picked":["Twin Strike","Perfected Strike"],"picked":"True Grit","floor":22},{"not_picked":["Entrench+1","Headbutt","Thunderclap"],"picked":"SKIP","floor":24},{"not_picked":["Burning Pact+1","Headbutt"],"picked":"Flex","floor":27},{"not_picked":["Clothesline","Second Wind","Impervious"],"picked":"SKIP","floor":29},{"not_picked":["Havoc","Wild Strike","Sword Boomerang"],"picked":"SKIP","floor":30},{"not_picked":["Iron Wave+1","True Grit","Shrug It Off"],"picked":"SKIP","floor":31},{"not_picked":["Impervious","Juggernaut"],"picked":"Double Tap","floor":33},{"not_picked":["Uppercut","Sword Boomerang"],"picked":"Infernal Blade","floor":35},{"not_picked":["Purity","Deep Breath"],"picked":"Finesse","floor":38},{"not_picked":["Anger","Havoc","Twin Strike"],"picked":"Singing Bowl","floor":39},{"not_picked":["Twin Strike","Combust","Clash"],"picked":"Singing Bowl","floor":41},{"not_picked":["Heavy Blade","Thunderclap+1","Impervious"],"picked":"Singing Bowl","floor":47},{"not_picked":["Dual Wield+1","Infernal Blade+1","Clash+1"],"picked":"Singing Bowl","floor":48}],"player_experience":109288,"potions_floor_usage":[7,16,30,39,48,50,50],"damage_taken":[{"damage":2,"enemies":"Jaw Worm","floor":1,"turns":3},{"damage":1,"enemies":"Cultist","floor":3,"turns":3},{"damage":7,"enemies":"Small Slimes","floor":4,"turns":3},{"damage":11,"enemies":"3 Sentries","floor":7,"turns":5},{"damage":0,"enemies":"Exordium Wildlife","floor":10,"turns":2},{"damage":0,"enemies":"Large Slime","floor":11,"turns":2},{"damage":10,"enemies":"Exordium Thugs","floor":12,"turns":3},{"damage":4,"enemies":"Lots of Slimes","floor":13,"turns":2},{"damage":56,"enemies":"The Guardian","floor":16,"turns":8},{"damage":17,"enemies":"Chosen","floor":18,"turns":4},{"damage":3,"enemies":"Shell Parasite","floor":22,"turns":2},{"damage":1,"enemies":"Snake Plant","floor":24,"turns":5},{"damage":5,"enemies":"Masked Bandits","floor":25,"turns":5},{"damage":2,"enemies":"Snecko","floor":27,"turns":4},{"damage":2,"enemies":"Centurion and Healer","floor":29,"turns":7},{"damage":20,"enemies":"Snake Plant","floor":30,"turns":8},{"damage":7,"enemies":"3 Cultists","floor":31,"turns":3},{"damage":25,"enemies":"Champ","floor":33,"turns":11},{"damage":1,"enemies":"Flame Bruiser 1 Orb","floor":35,"turns":4},{"damage":6,"enemies":"3 Darklings","floor":39,"turns":3},{"damage":4,"enemies":"2 Orb Walkers","floor":41,"turns":6},{"damage":6,"enemies":"Nemesis","floor":47,"turns":7},{"damage":1,"enemies":"Maw","floor":48,"turns":6},{"damage":61,"enemies":"Time Eater","floor":50,"turns":8}],"relics_obtained":[{"floor":7,"key":"Self Forming Clay"},{"floor":9,"key":"Paper Frog"},{"floor":21,"key":"Enchiridion"},{"floor":25,"key":"Red Mask"},{"floor":26,"key":"Charon\u0027s Ashes"},{"floor":41,"key":"Ancient Tea Set"},{"floor":43,"key":"Bottled Lightning"},{"floor":47,"key":"Dodecahedron"}],"event_choices":[{"event_name":"Accursed Blacksmith","player_choice":"Forge","floor":2,"damage_taken":0},{"event_name":"Big Fish","player_choice":"Donut","floor":5,"damage_taken":0},{"event_name":"Living Wall","player_choice":"Forget","floor":14,"damage_taken":0},{"event_name":"Ghosts","player_choice":"Became a Ghost","floor":19,"damage_taken":0},{"event_name":"The Library","player_choice":"Read","floor":20,"damage_taken":0},{"event_name":"Cursed Tome","player_choice":"Obtained Book","floor":21,"damage_taken":0},{"event_name":"Masked Bandits","player_choice":"Fought over 358 gold","floor":25,"damage_taken":0},{"event_name":"Winding Halls","player_choice":"Embrace Madness","floor":36,"damage_taken":0},{"event_name":"SensoryStone","player_choice":"Memory 1","floor":38,"damage_taken":0},{"event_name":"Tomb of Lord Red Mask","player_choice":"Wore Mask","floor":45,"damage_taken":0}],"boss_relics":[{"not_picked":["Black Blood","Black Star"],"picked":"Mark of Pain"},{"not_picked":["White Beast Statue","Tiny House"],"picked":"Astrolabe"}],"items_purged_floors":[28],"potions_floor_spawned":[1,4,10,16,25,29,30,35,47],"seed_played":"4703985012655401556","killed_by":"Time Eater","ascension_level":2,"potions_obtained":[{"floor":1,"key":"FearPotion"},{"floor":4,"key":"GamblersBrew"},{"floor":10,"key":"Weak Potion"},{"floor":16,"key":"FearPotion"},{"floor":25,"key":"Strength Potion"},{"floor":30,"key":"Weak Potion"},{"floor":47,"key":"Poison Potion"}],"is_trial":false}