{"gold_per_floor":[114,389,52,52,71,104,121,155,155,155,26,26,40,53,53,150,150,165,180,199,211,246,246,266,181,232,232,232,247,247,59,59,159,159,178,64,64,64,76,76,92,92,92,11,37,51,51,62,62,62,62,62,11,11],"floor_reached":54,"playtime":2370,"items_purged":["Regret"],"score":727,"play_id":"69861f77-5abe-4552-bd6e-b2d3f4846110","local_time":"20190131123422","is_ascension_mode":false,"campfire_choices":[{"data":"Conserve Battery","floor":10,"key":"SMITH"},{"data":"Body Slam","floor":15,"key":"SMITH"},{"data":"Defragment","floor":23,"key":"SMITH"},{"data":"Zap","floor":27,"key":"SMITH"},{"data":"Blizzard","floor":30,"key":"SMITH"},{"data":"Metamorphosis","floor":32,"key":"SMITH"},{"data":"Metamorphosis","floor":40,"key":"SMITH"},{"data":"White Noise","floor":42,"key":"SMITH"},{"floor":49,"key":"RECALL"},{"data":"Hologram","floor":52,"key":"SMITH"}],"neow_cost":"NONE","seed_source_timestamp":625016251778477,"circlet_count":0,"master_deck":["Strike_B","Strike_B","Strike_B","Defend_B","Defend_B","Defend_B","Defend_B","Zap+1","Dualcast","Rebound","Hologram+1","Buffer","Conserve Battery+1","Leap","Leap","Self Repair","Body Slam+1","Conserve Battery","Undo","Core Surge","Defragment+1","Aggregate+1","Chill","BootSequence","Conserve Battery+1","Blizzard+1","Necronomicurse","Metamorphosis+1","All For One","Glacier","White Noise+1","Purity","Metamorphosis+1","Cold Snap+1","Cold Snap","Regret","Loop","Conserve Battery","Coolheaded","Cold Snap+1","Hologram"],"relics":["Cracked Core","NeowsBlessing","Mummified Hand","Letter Opener","Shuriken","Calipers","Pocketwatch","Eternal Feather","Red Mask","Meat on the Bone","Vajra","Necronomicon","Cursed Key","Gambling Chip"],"potions_floor_usage":[18,21,22,33,45,46,50,50],"damage_taken":[{"damage":0,"enemies":"Small Slimes","floor":1,"turns":1},{"damage":0,"enemies":"Cultist","floor":5,"turns":1},{"damage":0,"enemies":"Lagavulin","floor":6,"turns":1},{"damage":0,"enemies":"Jaw Worm","floor":7,"turns":2},{"damage":31,"enemies":"Gremlin Nob","floor":8,"turns":5},{"damage":2,"enemies":"Exordium Wildlife","floor":13,"turns":5},{"damage":0,"enemies":"Red Slaver","floor":14,"turns":3},{"damage":13,"enemies":"Hexaghost","floor":16,"turns":11},{"damage":14,"enemies":"Spheric Guardian","floor":18,"turns":4},{"damage":12,"enemies":"2 Thieves","floor":19,"turns":5},{"damage":1,"enemies":"Cultist and Chosen","floor":20,"turns":7},{"damage":13,"enemies":"Shelled Parasite and Fungi","floor":21,"turns":7},{"damage":41,"enemies":"Masked Bandits","floor":22,"turns":5},{"damage":0,"enemies":"Snake Plant","floor":24,"turns":5},{"damage":0,"enemies":"Centurion and Healer","floor":29,"turns":9},{"damage":25,"enemies":"Collector","floor":33,"turns":12},{"damage":7,"enemies":"3 Shapes","floor":35,"turns":6},{"damage":0,"enemies":"Orb Walker","floor":39,"turns":3},{"damage":21,"enemies":"Spire Growth","floor":41,"turns":5},{"damage":68,"enemies":"Reptomancer","floor":45,"turns":8},{"damage":3,"enemies":"Jaw Worm Horde","floor":46,"turns":4},{"damage":20,"enemies":"Writhing Mass","floor":48,"turns":8},{"damage":41,"enemies":"Awakened One","floor":50,"turns":13},{"damage":77,"enemies":"Shield and Spear","floor":54,"turns":5}],"seed_played":"6018953086304864102","potions_obtained":[{"floor":1,"key":"SteroidPotion"},{"floor":6,"key":"LiquidBronze"},{"floor":20,"key":"Poison Potion"},{"floor":22,"key":"Fire Potion"},{"floor":29,"key":"Regen Potion"},{"floor":39,"key":"Dexterity Potion"},{"floor":41,"key":"Block Potion"},{"floor":48,"key":"SkillPotion"}],"is_trial":false,"path_per_floor":["M","?","$","T","M","E","M","E","T","R","$","?","M","M","R","B",null,"M","M","M","M","?","R","M","?","T","R","?","M","R","$","R","B",null,"M","$","?","?","M","R","M","R","T","$","E","M","?","M","R","B",null,"R","$","E"],"character_chosen":"DEFECT","items_purchased":["Mummified Hand","Leap","Self Repair","Metamorphosis","Defragment","White Noise","Loop","Hologram"],"campfire_rested":0,"item_purchase_floors":[3,11,11,31,36,36,44,53],"current_hp_per_floor":[75,75,75,75,75,75,75,44,44,44,44,44,49,49,49,43,75,61,49,55,49,15,30,30,30,30,45,29,48,63,63,75,57,75,75,75,75,65,72,75,54,75,75,75,26,44,44,43,67,45,71,71,71,0],"gold":11,"neow_bonus":"THREE_ENEMY_KILL","is_prod":false,"is_daily":false,"chose_seed":false,"campfire_upgraded":9,"win_rate":0,"timestamp":1548959662,"path_taken":["M","?","?","?","?","E","M","E","T","R","$","?","?","M","R","BOSS","M","M","M","M","?","R","M","?","T","R","?","M","R","?","R","BOSS","M","$","?","?","M","R","M","R","T","?","E","M","?","M","R","BOSS","R","$","E"],"build_version":"2019-01-23","purchased_purges":1,"victory":false,"max_hp_per_floor":[75,75,75,75,75,75,75,75,75,75,75,75,75,75,75,75,75,75,75,75,75,75,75,75,75,75,75,75,75,75,75,75,75,75,75,75,75,75,75,75,75,75,75,75,75,75,71,71,71,71,71,71,71,71],"card_choices":[{"not_picked":["Steam Power","Streamline"],"picked":"Rebound","floor":1},{"not_picked":["Streamline","Barrage"],"picked":"Hologram","floor":5},{"not_picked":["Genetic Algorithm","Scrape"],"picked":"Buffer","floor":6},{"not_picked":["Turbo","Stack"],"picked":"Conserve Battery","floor":7},{"not_picked":["Go for the Eyes","Steam"],"picked":"Leap","floor":8},{"not_picked":["Loop","Ball Lightning"],"picked":"Conserve Battery","floor":13},{"not_picked":["Hyperbeam","Go for the Eyes"],"picked":"Undo","floor":14},{"not_picked":["Machine Learning","Multi-Cast"],"picked":"Core Surge","floor":16},{"not_picked":["Compile Driver","Barrage"],"picked":"Defragment","floor":18},{"not_picked":["Hello World","Double Energy"],"picked":"Aggregate+1","floor":19},{"not_picked":["Steam","Reinforced Body+1"],"picked":"Chill","floor":20},{"not_picked":["Loop","Steam+1"],"picked":"BootSequence","floor":21},{"not_picked":["Coolheaded+1","Barrage+1"],"picked":"Conserve Battery+1","floor":22},{"not_picked":["Stack","Redo"],"picked":"Blizzard","floor":24},{"not_picked":["Rebound","Scrape+1","Multi-Cast"],"picked":"SKIP","floor":29},{"not_picked":["Creative AI","Rainbow"],"picked":"All For One","floor":33},{"not_picked":["Double Energy+1","Beam Cell+1"],"picked":"Glacier","floor":35},{"not_picked":["Mayhem","Good Instincts"],"picked":"Purity","floor":38},{"not_picked":["Purity","Mayhem"],"picked":"Metamorphosis","floor":38},{"not_picked":["Ball Lightning","Force Field"],"picked":"Cold Snap+1","floor":39},{"not_picked":["Go for the Eyes","Compile Driver"],"picked":"Cold Snap","floor":41},{"not_picked":["Rebound+1","Go for the Eyes"],"picked":"Conserve Battery","floor":45},{"not_picked":["Beam Cell","Loop"],"picked":"Coolheaded","floor":46},{"not_picked":["Conserve Battery","Gash+1"],"picked":"Cold Snap+1","floor":48}],"player_experience":416301,"relics_obtained":[{"floor":4,"key":"Letter Opener"},{"floor":6,"key":"Shuriken"},{"floor":8,"key":"Calipers"},{"floor":9,"key":"Pocketwatch"},{"floor":22,"key":"Red Mask"},{"floor":26,"key":"Vajra"},{"floor":28,"key":"Necronomicon"},{"floor":45,"key":"Gambling Chip"}],"event_choices":[{"damage_healed":0,"gold_gain":275,"player_choice":"Desecrate","damage_taken":0,"max_hp_gain":0,"max_hp_loss":0,"event_name":"Golden Shrine","floor":2,"gold_loss":0,"cards_obtained":["Regret"]},{"cards_removed":["Strike_B"],"damage_healed":0,"gold_gain":0,"player_choice":"Took Card","damage_taken":0,"max_hp_gain":0,"max_hp_loss":0,"event_name":"NoteForYourself","floor":12,"gold_loss":0,"cards_obtained":["Body Slam"]},{"damage_healed":0,"gold_gain":0,"player_choice":"Fought Bandits","damage_taken":0,"max_hp_gain":0,"max_hp_loss":0,"event_name":"Masked Bandits","floor":22,"gold_loss":0},{"damage_healed":0,"gold_gain":0,"player_choice":"Obtained Relic","damage_taken":0,"relics_obtained":["Meat on the Bone"],"max_hp_gain":0,"max_hp_loss":0,"event_name":"Addict","floor":25,"gold_loss":85},{"damage_healed":0,"gold_gain":0,"player_choice":"Obtained Book","damage_taken":16,"max_hp_gain":0,"max_hp_loss":0,"event_name":"Cursed Tome","floor":28,"gold_loss":0},{"cards_removed":["Defragment"],"damage_healed":0,"gold_gain":0,"player_choice":"Removed Power","damage_taken":0,"max_hp_gain":0,"max_hp_loss":0,"event_name":"Falling","floor":37,"gold_loss":0},{"damage_healed":0,"gold_gain":0,"player_choice":"Memory 3","damage_taken":10,"max_hp_gain":0,"max_hp_loss":0,"event_name":"SensoryStone","floor":38,"gold_loss":0},{"damage_healed":0,"gold_gain":0,"player_choice":"Max HP","damage_taken":0,"max_hp_gain":0,"max_hp_loss":4,"event_name":"Winding Halls","floor":47,"gold_loss":0}],"is_beta":true,"boss_relics":[{"not_picked":["Fusion Hammer","Busted Crown"],"picked":"Eternal Feather"},{"not_picked":["Runic Pyramid","Snecko Eye"],"picked":"Cursed Key"}],"items_purged_floors":[3],"is_endless":false,"potions_floor_spawned":[1,6,20,22,29,39,41,48],"killed_by":"Shield and Spear","ascension_level":0}