{"path_per_floor":["M","M","M","T","M","R","M","$","T","?","?","R","M","M","R","B",null,"M","?","M","$","$","R","M"],"character_chosen":"THE_SILENT","items_purchased":["Singing Bowl","Anchor","Bandage Up"],"gold_per_floor":[110,124,139,139,159,159,170,14,14,14,189,189,206,222,222,324,324,336,336,351,276,24,24,37],"floor_reached":25,"campfire_rested":0,"playtime":1645,"current_hp_per_floor":[31,31,31,31,23,23,9,9,9,70,70,84,73,65,65,46,90,79,79,51,51,51,51,24],"items_purged":["Strike_G"],"gold":37,"play_id":"48190402-7f80-420a-8c3d-e3e312d53d6f","is_prod":false,"is_daily":false,"is_ascension_mode":false,"campfire_upgraded":1,"path_taken":["M","M","M","?","M","R","M","$","T","?","?","R","M","M","R","BOSS","M","?","M","?","$","R","M","M"],"build_version":"2018-01-30-BETA2","purchased_purges":1,"victory":false,"master_deck":["Defend_G","Defend_G","Defend_G","Defend_G","Strike_G","Strike_G","Strike_G","Survivor","Neutralize","Bane","Quick Slash","Acrobatics","Catalyst","Noxious Fumes+1","Backflip","Doubt","Bouncing Flask","Bandage Up","Deflect"],"max_hp_per_floor":[70,70,70,70,70,70,70,70,70,70,70,84,86,88,88,90,90,90,90,92,92,92,92,92],"relics":["Ring of the Snake","Sundial","Singing Bowl","Shovel","Mango","Pen Nib","The Specimen","Matryoshka","Anchor","Orichalcum"],"card_choices":[{"not_picked":["Reflex","Dodge and Roll"],"picked":"Acrobatics"},{"not_picked":["Dodge and Roll","Sucker Punch"],"picked":"Blade Dance"},{"not_picked":["Dodge and Roll","PiercingWail"],"picked":"Catalyst"},{"not_picked":["Dodge and Roll","Flechettes"],"picked":"Noxious Fumes"},{"not_picked":["Cloak And Dagger","Slice"],"picked":"Backflip"},{"not_picked":["Prepared","Masterful Stab"],"picked":"Bouncing Flask"},{"not_picked":["Heel Hook","Expertise"],"picked":"Deflect"}],"player_experience":56244,"potions_floor_usage":[3,16,20],"damage_taken":[{"damage":4,"enemies":"Blue Slaver","floor":1,"turns":4},{"damage":0,"enemies":"Jaw Worm","floor":2,"turns":4},{"damage":0,"enemies":"Small Slimes","floor":3,"turns":3},{"damage":8,"enemies":"Exordium Thugs","floor":5,"turns":6},{"damage":14,"enemies":"Exordium Wildlife","floor":7,"turns":6},{"damage":13,"enemies":"3 Louse","floor":13,"turns":4},{"damage":10,"enemies":"Exordium Thugs","floor":14,"turns":4},{"damage":21,"enemies":"Slime Boss","floor":16,"turns":11},{"damage":11,"enemies":"Chosen","floor":18,"turns":6},{"damage":30,"enemies":"2 Thieves","floor":20,"turns":4},{"damage":31,"enemies":"Snake Plant","floor":24,"turns":5},{"damage":28,"enemies":"3 Cultists","floor":25,"turns":4}],"event_choices":[{"event_name":"Bonfire Elementals","player_choice":"UNCOMMON","floor":10,"damage_taken":0},{"event_name":"Liars Game","player_choice":"agreed","floor":11,"damage_taken":0},{"event_name":"The Mausoleum","player_choice":"Yes","floor":19,"damage_taken":0}],"boss_relics":[{"not_picked":["Ectoplasm","Sozu"],"picked":"The Specimen"}],"potions_floor_spawned":[1,14,18],"seed_played":"5643297136242666996","killed_by":"3 Cultists","ascension_level":0,"is_trial":false}