{"gold_per_floor":[114,114,129,129,144,144,174,174,174,189,219,234,249,264,264,364,364,379,104,119,134,149,149,149,164,189,114,174,189,204,119,119,119],"floor_reached":33,"playtime":1917,"items_purged":["Consume"],"score":333,"play_id":"4e24369c-7def-4ca6-8bca-e80949f2a09c","local_time":"20190613224330","daily_mods":["Insanity","Blue Cards","Binary"],"is_ascension_mode":false,"campfire_choices":[{"floor":6,"key":"REST"},{"data":"Deflect","floor":8,"key":"SMITH"},{"floor":15,"key":"REST"},{"floor":23,"key":"REST"},{"floor":32,"key":"REST"}],"neow_cost":"","seed_source_timestamp":0,"circlet_count":0,"master_deck":["Noxious Fumes","Deflect+1","Hologram","Cold Snap","Turbo","Eviscerate","Slice","Leap","Endless Agony","Skewer","Genetic Algorithm","Outmaneuver","Deadly Poison","Bane","Gash","Poisoned Stab","Leap","Gash","Backflip","Beam Cell","Well Laid Plans","Underhanded Strike+1","Deflect","Melter","Slice","Dodge and Roll","Compile Driver","Outmaneuver","Darkness","Riddle With Holes","Dagger Spray","Redo","Prepared","Flying Knee","PiercingWail","Sucker Punch","Predator","Finisher","Skewer","Accuracy","Sweeping Beam","Poisoned Stab","Stack","Hello World","Consume+1","Expertise","Riddle With Holes","Undo","Concentrate","Streamline","Cloak And Dagger","Conserve Battery","Defragment","Bullet Time","Rebound+1","Coolheaded+1","Storm of Steel"],"special_seed":18061,"relics":["Ring of the Snake","Omamori","Potion Belt","Darkstone Periapt","Black Star","Lantern","Art of War","Dodecahedron","Tiny Chest","Boot"],"potions_floor_usage":[11,16,21,21,28,28,33,33],"damage_taken":[{"damage":11,"enemies":"Jaw Worm","floor":1,"turns":2},{"damage":3,"enemies":"Small Slimes","floor":3,"turns":3},{"damage":11,"enemies":"2 Louse","floor":5,"turns":3},{"damage":14,"enemies":"3 Sentries","floor":7,"turns":6},{"damage":10,"enemies":"Large Slime","floor":10,"turns":3},{"damage":11,"enemies":"Gremlin Nob","floor":11,"turns":4},{"damage":4,"enemies":"Lots of Slimes","floor":12,"turns":3},{"damage":0,"enemies":"2 Fungi Beasts","floor":13,"turns":3},{"damage":0,"enemies":"Red Slaver","floor":14,"turns":4},{"damage":8,"enemies":"Hexaghost","floor":16,"turns":9},{"damage":0,"enemies":"Chosen","floor":18,"turns":4},{"damage":0,"enemies":"Spheric Guardian","floor":20,"turns":3},{"damage":18,"enemies":"3 Cultists","floor":21,"turns":6},{"damage":21,"enemies":"Centurion and Healer","floor":22,"turns":7},{"damage":8,"enemies":"Snake Plant","floor":25,"turns":5},{"damage":15,"enemies":"Slavers","floor":28,"turns":9},{"damage":15,"enemies":"Sentry and Sphere","floor":29,"turns":5},{"damage":7,"enemies":"Centurion and Healer","floor":30,"turns":6},{"damage":57,"enemies":"Automaton","floor":33,"turns":6}],"seed_played":"-7662607748894199459","potions_obtained":[{"floor":1,"key":"Ancient Potion"},{"floor":10,"key":"AttackPotion"},{"floor":13,"key":"SteroidPotion"},{"floor":14,"key":"Weak Potion"},{"floor":16,"key":"SkillPotion"},{"floor":20,"key":"Ancient Potion"},{"floor":21,"key":"GhostInAJar"},{"floor":25,"key":"Regen Potion"}],"is_trial":false,"path_per_floor":["M","?","M","?","M","R","E","R","T","M","E","M","M","M","R","B",null,"M","$","M","M","M","R","?","M","T","?","E","M","M","?","R","B"],"character_chosen":"THE_SILENT","items_purchased":["Lantern","Block Potion"],"campfire_rested":4,"item_purchase_floors":[19,19],"current_hp_per_floor":[59,45,42,35,24,45,31,31,31,21,10,6,6,6,27,19,70,70,70,70,52,31,52,52,44,44,44,44,29,22,22,43,0],"gold":119,"neow_bonus":"","is_prod":false,"is_daily":true,"chose_seed":false,"campfire_upgraded":1,"win_rate":0,"timestamp":1560480210,"path_taken":["M","?","M","?","M","R","E","R","T","M","E","?","M","M","R","BOSS","M","$","M","M","M","R","?","M","T","?","E","M","M","?","R","BOSS"],"build_version":"2019-01-23","purchased_purges":1,"victory":false,"max_hp_per_floor":[70,70,70,70,70,70,70,70,70,70,70,70,70,70,70,70,70,70,70,70,70,70,70,70,70,70,70,70,70,70,70,70,70],"card_choices":[{"not_picked":["Go for the Eyes","PiercingWail"],"picked":"SKIP","floor":1},{"not_picked":["Steam","Finisher"],"picked":"SKIP","floor":3},{"not_picked":["Expertise","Hello World"],"picked":"SKIP","floor":5},{"not_picked":["Stack"],"picked":"Undo","floor":7},{"not_picked":["Thunder Strike"],"picked":"Concentrate","floor":10},{"not_picked":["Compile Driver"],"picked":"Streamline","floor":11},{"not_picked":["Coolheaded"],"picked":"Cloak And Dagger","floor":12},{"not_picked":["Force Field"],"picked":"Conserve Battery","floor":13},{"not_picked":["Rebound"],"picked":"Defragment","floor":14},{"not_picked":["Corpse Explosion"],"picked":"Bullet Time","floor":16},{"not_picked":["Melter","Quick Slash"],"picked":"SKIP","floor":18},{"not_picked":["Redo"],"picked":"Rebound+1","floor":20},{"not_picked":["Beam Cell","Compile Driver"],"picked":"SKIP","floor":21},{"not_picked":["Streamline+1"],"picked":"Coolheaded+1","floor":22},{"not_picked":["Coolheaded","Flying Knee"],"picked":"SKIP","floor":25},{"not_picked":["Beam Cell","Leap"],"picked":"SKIP","floor":28},{"not_picked":["Dodge and Roll"],"picked":"Storm of Steel","floor":29},{"not_picked":["Tactician","Steam"],"picked":"SKIP","floor":30}],"player_experience":147597,"relics_obtained":[{"floor":7,"key":"Omamori"},{"floor":9,"key":"Potion Belt"},{"floor":11,"key":"Darkstone Periapt"},{"floor":26,"key":"Art of War"},{"floor":28,"key":"Dodecahedron"},{"floor":28,"key":"Tiny Chest"}],"event_choices":[{"damage_healed":0,"gold_gain":0,"player_choice":"Entered Light","damage_taken":14,"max_hp_gain":0,"max_hp_loss":0,"event_name":"Shining Light","floor":2,"gold_loss":0,"cards_upgraded":["Consume","Underhanded Strike"]},{"cards_removed":["Consume"],"damage_healed":0,"gold_gain":0,"player_choice":"Card Removal","damage_taken":7,"max_hp_gain":0,"max_hp_loss":0,"event_name":"Golden Wing","floor":4,"gold_loss":0},{"damage_healed":0,"gold_gain":0,"player_choice":"Ignored","damage_taken":0,"max_hp_gain":0,"max_hp_loss":0,"event_name":"Vampires","floor":24,"gold_loss":0},{"cards_removed":["Recycle"],"damage_healed":0,"gold_gain":0,"player_choice":"Gave Gold","damage_taken":0,"max_hp_gain":0,"max_hp_loss":0,"event_name":"Beggar","floor":27,"gold_loss":75},{"damage_healed":0,"gold_gain":0,"player_choice":"Obtained Relic","damage_taken":0,"relics_obtained":["Boot"],"max_hp_gain":0,"max_hp_loss":0,"event_name":"Addict","floor":31,"gold_loss":85}],"is_beta":false,"boss_relics":[{"not_picked":["HoveringKite","Philosopher\u0027s Stone"],"picked":"Black Star"}],"items_purged_floors":[19],"is_endless":false,"potions_floor_spawned":[1,10,13,14,16,20,21,25],"killed_by":"Automaton","ascension_level":0}