{"gold_per_floor":[212,212,212,230,120,120,120,120,144,144,168,23,23,39,39,169,169,194,212,245,245,245,245,265,265,292,292,307,326,326,362,362,483,483,503,521,421,446,446,446,461,461,542,264,322,362,387,387,387,387],"floor_reached":51,"playtime":1886,"items_purged":["Strike_B","Defend_B","Defend_B+1"],"score":810,"play_id":"4da65ff9-b009-47be-ac35-1dfca0a2d16e","local_time":"20190907233250","is_ascension_mode":true,"campfire_choices":[{"data":"Zap","floor":6.0,"key":"SMITH"},{"floor":8.0,"key":"REST"},{"data":"Dualcast","floor":10.0,"key":"SMITH"},{"floor":15.0,"key":"REST"},{"data":"Defragment","floor":23.0,"key":"SMITH"},{"data":"Defragment","floor":25.0,"key":"SMITH"},{"data":"White Noise","floor":27.0,"key":"SMITH"},{"data":"Sunder","floor":30.0,"key":"SMITH"},{"data":"Loop","floor":32.0,"key":"SMITH"},{"data":"Electrodynamics","floor":40,"key":"SMITH"},{"data":"Coolheaded","floor":42,"key":"SMITH"},{"data":"Panache","floor":49,"key":"SMITH"}],"neow_cost":"NONE","seed_source_timestamp":43410827633700,"circlet_count":0,"master_deck":["Defend_B+1","Zap+1","Dualcast+1","Gash+1","Beam Cell","Self Repair","White Noise+1","Gash","Core Surge","Leap+1","Defragment+1","BootSequence+1","Defragment+1","Sunder+1","Ball Lightning","Coolheaded+1","Ball Lightning+1","Loop+1","Electrodynamics+1","Lockon+1","Hologram+1","Loop+1","Chaos+1","Panache+1"],"special_seed":0,"relics":["Cracked Core","Golden Idol","Happy Flower","Vajra","Omamori","Nuclear Battery","Red Mask","DataDisk","Centennial Puzzle","Juzu Bracelet","White Beast Statue","Singing Bowl","Whetstone","Bird Faced Urn","Smiling Mask"],"potions_floor_usage":[33,38,46,50,50],"damage_taken":[{"damage":0.0,"enemies":"Cultist","floor":1.0,"turns":4.0},{"damage":0.0,"enemies":"Small Slimes","floor":4.0,"turns":3.0},{"damage":7.0,"enemies":"Jaw Worm","floor":11.0,"turns":2.0},{"damage":0.0,"enemies":"3 Louse","floor":14.0,"turns":3.0},{"damage":36.0,"enemies":"Hexaghost","floor":16.0,"turns":9.0},{"damage":11.0,"enemies":"3 Byrds","floor":18.0,"turns":5.0},{"damage":17.0,"enemies":"Shell Parasite","floor":19.0,"turns":6.0},{"damage":5.0,"enemies":"Masked Bandits","floor":20.0,"turns":3.0},{"damage":8.0,"enemies":"Snake Plant","floor":24.0,"turns":3.0},{"damage":12.0,"enemies":"3 Cultists","floor":28.0,"turns":4.0},{"damage":14.0,"enemies":"Centurion and Healer","floor":29.0,"turns":4.0},{"damage":2.0,"enemies":"Gremlin Leader","floor":31.0,"turns":5.0},{"damage":77,"enemies":"Automaton","floor":33,"turns":9},{"damage":0,"enemies":"Orb Walker","floor":35,"turns":2},{"damage":1,"enemies":"3 Shapes","floor":36,"turns":4},{"damage":15,"enemies":"Jaw Worm Horde","floor":38,"turns":3},{"damage":8,"enemies":"Spire Growth","floor":41,"turns":3},{"damage":19,"enemies":"2 Orb Walkers","floor":45,"turns":3},{"damage":13,"enemies":"Giant Head","floor":46,"turns":5},{"damage":0,"enemies":"4 Shapes","floor":47,"turns":2},{"damage":56,"enemies":"Awakened One","floor":50,"turns":8}],"seed_played":"-7512848840919750201","potions_obtained":[{"floor":1.0,"key":"Poison Potion"},{"floor":14.0,"key":"Fruit Juice"},{"floor":16.0,"key":"GamblersBrew"},{"floor":18.0,"key":"PowerPotion"},{"floor":24.0,"key":"SpeedPotion"},{"floor":28.0,"key":"Explosive Potion"},{"floor":31.0,"key":"Regen Potion"},{"floor":35,"key":"SkillPotion"},{"floor":36,"key":"GamblersBrew"},{"floor":38,"key":"Energy Potion"},{"floor":41,"key":"PowerPotion"},{"floor":45,"key":"FocusPotion"},{"floor":46,"key":"Strength Potion"},{"floor":47,"key":"LiquidBronze"}],"is_trial":false,"path_per_floor":["M","?","?","M","$","R","?","R","T","R","M","$","?","M","R","B",null,"M","M","?","?","?","R","M","R","T","R","M","M","R","E","R","B",null,"M","M","$","M","?","R","M","R","T","$","?","E","M","?","R","B",null],"character_chosen":"DEFECT","items_purchased":["Self Repair","Omamori","Whetstone"],"campfire_rested":2,"item_purchase_floors":[5,12,44],"current_hp_per_floor":[75,57,24,24,24,24,9,31,31,31,24,24,17,29,53,24,80,80,70,72,72,72,72,71,71,71,71,66,59,59,64,64,9,80,80,80,80,72,72,72,71,71,71,71,54,64,74,74,74,32],"gold":387,"neow_bonus":"HUNDRED_GOLD","is_prod":false,"is_daily":false,"chose_seed":false,"campfire_upgraded":10,"win_rate":0,"timestamp":1567866770,"path_taken":["M","?","?","M","?","R","?","R","T","R","?","?","?","M","R","BOSS","M","M","?","?","?","R","?","R","T","R","M","M","R","E","R","BOSS","M","M","$","M","?","R","M","R","T","$","?","E","M","?","R","BOSS"],"build_version":"2019-07-17","purchased_purges":3,"victory":true,"max_hp_per_floor":[75,75,75,75,75,75,75,75,75,75,75,75,75,80,80,80,80,80,80,80,80,80,80,80,80,80,80,80,80,80,80,80,80,80,80,80,80,80,80,80,80,80,80,80,82,82,84,84,84,84],"card_choices":[{"not_picked":["Undo","Chaos"],"picked":"Gash","floor":1.0},{"not_picked":["Rebound","Reprogram"],"picked":"Beam Cell","floor":4.0},{"not_picked":["Recycle","Turbo"],"picked":"White Noise","floor":11.0},{"not_picked":["Stack","Beam Cell"],"picked":"Gash","floor":14.0},{"not_picked":["Thunder Strike","Meteor Strike"],"picked":"Core Surge","floor":16.0},{"not_picked":["Gash","Steam"],"picked":"Leap+1","floor":18.0},{"not_picked":["Melter","Hologram"],"picked":"Defragment","floor":19.0},{"not_picked":["Beam Cell","Lockon+1"],"picked":"BootSequence+1","floor":20.0},{"not_picked":["Conserve Battery","Redo+1"],"picked":"Ball Lightning","floor":24.0},{"not_picked":["Auto Shields","BootSequence+1"],"picked":"Coolheaded","floor":28.0},{"not_picked":["Static Discharge","Auto Shields"],"picked":"Ball Lightning","floor":29.0},{"not_picked":["Sunder","Multi-Cast"],"picked":"Loop","floor":31.0},{"not_picked":["Thunder Strike","Reboot"],"picked":"Electrodynamics","floor":33},{"not_picked":["Rip and Tear+1","Loop"],"picked":"Lockon+1","floor":35},{"not_picked":["Streamline+1","Undo","Ball Lightning"],"picked":"SKIP","floor":36},{"not_picked":["Barrage+1","Ball Lightning"],"picked":"Hologram+1","floor":38},{"not_picked":["Turbo","Stack"],"picked":"Loop+1","floor":41},{"not_picked":["Streamline","Double Energy","Stack"],"picked":"Singing Bowl","floor":45},{"not_picked":["Conserve Battery","Undo"],"picked":"Chaos+1","floor":46},{"not_picked":["Melter+1","Hologram+1","Reprogram+1"],"picked":"Singing Bowl","floor":47},{"not_picked":["Magnetism","Finesse"],"picked":"Panache","floor":48}],"player_experience":359983,"relics_obtained":[{"floor":9.0,"key":"Vajra"},{"floor":20.0,"key":"Red Mask"},{"floor":26.0,"key":"Centennial Puzzle"},{"floor":31.0,"key":"Juzu Bracelet"},{"floor":43,"key":"Singing Bowl"},{"floor":45,"key":"Bird Faced Urn"},{"floor":46,"key":"Smiling Mask"}],"event_choices":[{"damage_healed":0.0,"max_hp_gain":0.0,"max_hp_loss":0.0,"gold_gain":0.0,"event_name":"Golden Idol","player_choice":"Take Damage","floor":2.0,"gold_loss":0.0,"damage_taken":18.0,"relics_obtained":["Golden Idol"]},{"damage_healed":0.0,"max_hp_gain":0.0,"max_hp_loss":0.0,"gold_gain":0.0,"event_name":"Scrap Ooze","player_choice":"Success","floor":3.0,"gold_loss":0.0,"damage_taken":33.0,"relics_obtained":["Happy Flower"]},{"damage_healed":0.0,"max_hp_gain":0.0,"max_hp_loss":0.0,"gold_gain":0.0,"event_name":"Shining Light","player_choice":"Entered Light","floor":7.0,"gold_loss":0.0,"damage_taken":15.0,"cards_upgraded":["Defend_B","Defend_B"]},{"cards_removed":["Strike_B"],"damage_healed":0.0,"max_hp_gain":0.0,"max_hp_loss":0.0,"gold_gain":0.0,"event_name":"Golden Wing","player_choice":"Card Removal","floor":13.0,"gold_loss":0.0,"damage_taken":7.0},{"damage_healed":0.0,"max_hp_gain":0.0,"max_hp_loss":0.0,"gold_gain":0.0,"event_name":"Masked Bandits","player_choice":"Fought Bandits","floor":20.0,"gold_loss":0.0,"damage_taken":0.0},{"damage_healed":0.0,"max_hp_gain":0.0,"max_hp_loss":0.0,"gold_gain":0.0,"cards_transformed":["Strike_B","Defend_B"],"event_name":"Drug Dealer","player_choice":"Became Test Subject","floor":21.0,"gold_loss":0.0,"damage_taken":0.0,"cards_obtained":["Defragment","Sunder"]},{"damage_healed":0.0,"max_hp_gain":0.0,"max_hp_loss":0.0,"gold_gain":0.0,"event_name":"WeMeetAgain","player_choice":"Gave Potion","floor":22.0,"gold_loss":0.0,"damage_taken":0.0,"relics_obtained":["DataDisk"]},{"cards_removed":["Strike_B"],"damage_healed":0,"gold_gain":0,"player_choice":"Removed Attack","damage_taken":0,"max_hp_gain":0,"max_hp_loss":0,"event_name":"Falling","floor":39,"gold_loss":0},{"damage_healed":0,"gold_gain":0,"player_choice":"Fight","damage_taken":0,"max_hp_gain":0,"max_hp_loss":0,"event_name":"Mysterious Sphere","floor":45,"gold_loss":0},{"damage_healed":0,"gold_gain":0,"player_choice":"Memory 1","damage_taken":0,"max_hp_gain":0,"max_hp_loss":0,"event_name":"SensoryStone","floor":48,"gold_loss":0}],"is_beta":false,"boss_relics":[{"not_picked":["Fusion Hammer","Busted Crown"],"picked":"Nuclear Battery"},{"not_picked":["Tiny House","Coffee Dripper"],"picked":"White Beast Statue"}],"items_purged_floors":[5,37,44],"is_endless":false,"potions_floor_spawned":[1,14,16,18,24,28,31,35,36,38,41,45,46,47],"ascension_level":4}