{"gold_per_floor":[17,28,28,47,64,64,64,64,64,99,41,52,52,71,71,168,168,185,185,197,197,210,210,210],"floor_reached":24,"playtime":1424,"items_purged":[],"score":253,"play_id":"33e235a1-6e12-4cda-ba0b-31bec19b7d4b","local_time":"20180715144545","is_ascension_mode":true,"campfire_choices":[{"floor":6,"key":"DIG"},{"floor":8,"key":"DIG"},{"floor":15,"key":"REST"},{"floor":23,"key":"DIG"}],"neow_cost":"NO_GOLD","seed_source_timestamp":2102144446717,"circlet_count":0,"master_deck":["Survivor","Neutralize","Slice","Sucker Punch","Slice","Dagger Throw","Footwork","Escape Plan","Envenom","Poisoned Stab","Dagger Throw","Acrobatics","Dodge and Roll","Cloak And Dagger","Slice","Dagger Throw","Flechettes","Slice","Blade Dance","Footwork","Blade Dance"],"relics":["Ring of the Snake","Shovel","Calipers","Shuriken","Regal Pillow","The Courier","Dodecahedron","Pandora\u0027s Box","Paper Crane"],"potions_floor_usage":[5,18,22,24,24],"damage_taken":[{"damage":1,"enemies":"Jaw Worm","floor":1,"turns":3},{"damage":2,"enemies":"2 Louse","floor":2,"turns":3},{"damage":0,"enemies":"Cultist","floor":4,"turns":3},{"damage":19,"enemies":"Gremlin Gang","floor":5,"turns":6},{"damage":26,"enemies":"Gremlin Nob","floor":10,"turns":4},{"damage":1,"enemies":"Blue Slaver","floor":12,"turns":4},{"damage":1,"enemies":"Looter","floor":14,"turns":4},{"damage":31,"enemies":"The Guardian","floor":16,"turns":12},{"damage":6,"enemies":"3 Byrds","floor":18,"turns":3},{"damage":8,"enemies":"Chosen","floor":20,"turns":3},{"damage":4,"enemies":"Centurion and Healer","floor":22,"turns":4},{"damage":61,"enemies":"Slavers","floor":24,"turns":4}],"seed_played":"-160974661668398010","potions_obtained":[{"floor":1,"key":"LiquidBronze"},{"floor":4,"key":"GamblersBrew"},{"floor":12,"key":"Explosive Potion"},{"floor":19,"key":"Fire Potion"},{"floor":19,"key":"Strength Potion"}],"is_trial":false,"path_per_floor":["M","M","?","M","M","R","?","R","T","E","$","M","?","M","R","B",null,"M","?","M","?","M","R"],"character_chosen":"THE_SILENT","items_purchased":["Footwork"],"campfire_rested":1,"item_purchase_floors":[11],"current_hp_per_floor":[69,67,67,67,48,48,48,48,48,22,22,21,21,20,56,25,70,64,64,56,56,52,52,0],"gold":210,"neow_bonus":"ONE_RARE_RELIC","is_prod":false,"is_daily":false,"chose_seed":false,"campfire_upgraded":0,"win_rate":0,"timestamp":1531658745,"path_taken":["M","M","?","M","?","R","?","R","T","E","$","M","?","M","R","BOSS","M","?","M","?","M","R","E"],"build_version":"2018-07-13","purchased_purges":0,"victory":false,"max_hp_per_floor":[70,70,70,70,70,70,70,70,70,70,70,70,70,70,70,70,70,70,70,70,70,70,70,70],"card_choices":[{"not_picked":["Skewer","Blade Dance"],"picked":"Slice","floor":1},{"not_picked":["PiercingWail","Poisoned Stab"],"picked":"Sucker Punch","floor":2},{"not_picked":["Catalyst","Endless Agony","Distraction"],"picked":"SKIP","floor":4},{"not_picked":["Poisoned Stab","Leg Sweep"],"picked":"Slice","floor":5},{"not_picked":["Choke","Riddle With Holes"],"picked":"Dagger Throw","floor":10},{"not_picked":["Caltrops","Masterful Stab","Outmaneuver"],"picked":"SKIP","floor":12},{"not_picked":["Noxious Fumes","PiercingWail"],"picked":"Escape Plan","floor":14},{"not_picked":["Corpse Explosion","Tools of the Trade"],"picked":"Envenom","floor":16},{"not_picked":["Slice","PiercingWail"],"picked":"Blade Dance","floor":18},{"not_picked":["Acrobatics","All Out Attack+1","Backflip+1"],"picked":"SKIP","floor":20},{"not_picked":["Outmaneuver","Masterful Stab"],"picked":"Blade Dance","floor":22}],"player_experience":257331,"relics_obtained":[{"floor":6,"key":"Calipers"},{"floor":8,"key":"Regal Pillow"},{"floor":9,"key":"The Courier"},{"floor":10,"key":"Dodecahedron"},{"floor":23,"key":"Paper Crane"}],"event_choices":[{"event_name":"Liars Game","player_choice":"disagreed","floor":3,"damage_taken":0},{"event_name":"Dead Adventurer","player_choice":"Searched \u00272\u0027 times","floor":7,"damage_taken":0},{"event_name":"Living Wall","player_choice":"Forget","floor":13,"damage_taken":0},{"event_name":"The Lab","player_choice":"Got Potions","floor":19,"damage_taken":0},{"event_name":"Duplicator","player_choice":"One dupe","floor":21,"damage_taken":0}],"boss_relics":[{"not_picked":["Tiny House","Runic Dome"],"picked":"Pandora\u0027s Box"}],"items_purged_floors":[],"is_endless":false,"potions_floor_spawned":[1,4,12],"killed_by":"Slavers","ascension_level":3}