{"path_per_floor":["M","?","M","$","M","R","E","R","T","M","E","$","E","?","R","B",null,"M","$","?","?","M","E","R","?","T","?","R","$","M","M","R","B",null,"M","?","T","$","?","R","M","E","T","M","?","?","T","M","R"],"character_chosen":"THE_SILENT","items_purchased":["Dagger Spray","Dash","Prepared","Weak Potion","Outmaneuver","Footwork"],"gold_per_floor":[111,111,126,0,14,14,44,44,44,61,96,12,38,38,38,158,158,177,29,29,29,45,78,78,78,105,55,55,6,25,45,45,175,175,199,199,199,38,0,0,19,55,133,146,146,146,146,170,170],"floor_reached":50,"campfire_rested":3,"playtime":3669,"current_hp_per_floor":[70,70,70,70,70,70,52,52,52,51,42,42,42,25,46,15,70,60,60,60,60,59,41,41,41,41,41,62,62,62,59,59,4,70,70,70,70,70,70,70,70,68,68,66,66,66,66,56,70],"items_purged":["Defend_G","Defend_G","Strike_G"],"gold":170,"score":554,"play_id":"38e2ba82-21df-41b1-b5e6-6c536ef24509","local_time":"20180313164019","is_prod":false,"is_daily":false,"is_ascension_mode":false,"campfire_upgraded":5,"timestamp":1520955619,"path_taken":["M","?","M","$","M","R","E","R","T","M","E","?","E","?","R","BOSS","M","$","?","?","M","E","R","?","T","?","R","$","M","M","R","BOSS","M","?","?","$","?","R","?","E","T","M","?","?","?","?","R","BOSS"],"build_version":"2018-03-09","purchased_purges":3,"victory":false,"master_deck":["Defend_G","Defend_G+1","Strike_G","Survivor","Neutralize","Flying Knee","Backflip","Dagger Spray+1","Acrobatics+1","Underhanded Strike+1","Prepared+1","Dash","Dash","Prepared+1","Underhanded Strike+1","Tools of the Trade+1","Deadly Poison+1","Doppelganger+1","Endless Agony+1","Quick Slash+1","Choke","Flying Knee+1","Poisoned Stab+1","Outmaneuver","Glass Knife","Backflip+1","Underhanded Strike","Footwork","Distraction+1","Quick Slash+1","Quick Slash+1","Phantasmal Killer+1","Bouncing Flask+1","Dagger Spray+1"],"max_hp_per_floor":[70,70,70,70,70,70,70,70,70,70,70,70,70,70,70,70,70,70,70,70,70,70,70,70,70,70,70,70,70,70,70,70,70,70,70,70,70,70,70,70,70,70,70,70,70,70,70,70,70],"relics":["Ring of the Snake","Bronze Scales","Prayer Wheel","Ginger","Bag of Marbles","Golden Idol","Astrolabe","War Paint","Shuriken","Vajra","Sozu","Mummified Hand","Red Mask","Whetstone","Dodecahedron","Thread and Needle"],"card_choices":[{"not_picked":["Reflex","Blur"],"picked":"Flying Knee"},{"not_picked":["Well Laid Plans","Calculated Gamble"],"picked":"Backflip"},{"not_picked":["Leg Sweep","Dagger Spray"],"picked":"Acrobatics"},{"not_picked":["Deadly Poison","Finisher"],"picked":"Underhanded Strike"},{"not_picked":["Deflect","Dagger Spray"],"picked":"Prepared"},{"not_picked":["Flechettes","Malaise"],"picked":"Dash"},{"not_picked":["Corpse Explosion","Catalyst"],"picked":"Underhanded Strike"},{"not_picked":["Phantasmal Killer","Wraith Form"],"picked":"Tools of the Trade"},{"not_picked":["Dagger Spray","PiercingWail"],"picked":"Quick Slash"},{"not_picked":["Riddle With Holes","Dash"],"picked":"Choke"},{"not_picked":["Caltrops","Skewer"],"picked":"Flying Knee"},{"not_picked":["Deflect","Flechettes"],"picked":"Poisoned Stab"},{"not_picked":["Tools of the Trade","Burst"],"picked":"Glass Knife"},{"not_picked":["Well Laid Plans","Dodge and Roll"],"picked":"Backflip"},{"not_picked":["Deflect","Predator"],"picked":"Underhanded Strike"},{"not_picked":["Skewer","Outmaneuver"],"picked":"Distraction"},{"not_picked":["Flechettes","Poisoned Stab"],"picked":"Quick Slash"},{"not_picked":["Bane","Deflect"],"picked":"Quick Slash"},{"not_picked":["Infinite Blades","Dodge and Roll"],"picked":"Phantasmal Killer"},{"not_picked":["Flechettes","Acrobatics"],"picked":"Bouncing Flask"},{"not_picked":["Bane","Backflip"],"picked":"Dagger Spray"}],"player_experience":40297,"potions_floor_usage":[7,13,16,22,23,31,33,33],"damage_taken":[{"damage":0,"enemies":"Jaw Worm","floor":1,"turns":5},{"damage":0,"enemies":"2 Louse","floor":3,"turns":3},{"damage":0,"enemies":"Small Slimes","floor":5,"turns":4},{"damage":24,"enemies":"Gremlin Nob","floor":7,"turns":5},{"damage":1,"enemies":"Gremlin Gang","floor":10,"turns":2},{"damage":9,"enemies":"3 Sentries","floor":11,"turns":7},{"damage":0,"enemies":"Gremlin Nob","floor":13,"turns":3},{"damage":31,"enemies":"Slime Boss","floor":16,"turns":11},{"damage":10,"enemies":"Spheric Guardian","floor":18,"turns":4},{"damage":7,"enemies":"2 Thieves","floor":22,"turns":5},{"damage":18,"enemies":"Gremlin Leader","floor":23,"turns":6},{"damage":0,"enemies":"3 Cultists","floor":30,"turns":3},{"damage":9,"enemies":"Centurion and Healer","floor":31,"turns":5},{"damage":55,"enemies":"Champ","floor":33,"turns":11},{"damage":0,"enemies":"Orb Walker","floor":35,"turns":2},{"damage":0,"enemies":"3 Darklings","floor":41,"turns":3},{"damage":2,"enemies":"Nemesis","floor":42,"turns":3},{"damage":2,"enemies":"Maw","floor":44,"turns":5},{"damage":10,"enemies":"4 Shapes","floor":48,"turns":2},{"damage":71,"enemies":"Time Eater","floor":50,"turns":8}],"event_choices":[{"event_name":"Living Wall","player_choice":"Forget","floor":2,"damage_taken":0},{"event_name":"Golden Idol","player_choice":"Take Damage","floor":14,"damage_taken":0},{"event_name":"The Mausoleum","player_choice":"Yes","floor":20,"damage_taken":0},{"event_name":"Drug Dealer","player_choice":"Ignored","floor":21,"damage_taken":0},{"event_name":"Addict","player_choice":"Ignored","floor":25,"damage_taken":0},{"event_name":"The Joust","player_choice":"Bet on Murderer","floor":27,"damage_taken":0},{"event_name":"The Woman in Blue","player_choice":"Bought 0 Potions","floor":36,"damage_taken":0},{"event_name":"Tomb of Lord Red Mask","player_choice":"Paid","floor":39,"damage_taken":0},{"event_name":"Mysterious Sphere","player_choice":"Ignore","floor":45,"damage_taken":0},{"event_name":"Upgrade Shrine","player_choice":"Upgraded","floor":46,"damage_taken":0}],"boss_relics":[{"not_picked":["Runic Dome","Velvet Choker"],"picked":"Astrolabe"},{"not_picked":["Calling Bell","Question Card"],"picked":"Sozu"}],"potions_floor_spawned":[1,3,7,10,18,23,30,41],"seed_played":"1927221423530239173","killed_by":"Time Eater","ascension_level":0,"is_trial":false}