{"gold_per_floor":[19,38,38,113,42,42,58,71,71,81,91,91,91],"floor_reached":13,"playtime":369,"items_purged":[],"score":77,"play_id":"fee51de3-ad8d-4752-8912-f6253feca20f","local_time":"20181130005531","is_ascension_mode":false,"campfire_choices":[{"data":"Zap","floor":6,"key":"SMITH"}],"neow_cost":"NO_GOLD","seed_source_timestamp":1215497245913761,"circlet_count":0,"master_deck":["Strike_B","Strike_B","Strike_B","Defend_B","Defend_B","Defend_B","Defend_B","Zap+1","Dualcast","Secret Weapon","Finesse","Heatsinks","White Noise","Heatsinks","Turbo","Sweeping Beam","Leap+1","Ball Lightning"],"relics":["Cracked Core","Toxic Egg 2"],"potions_floor_usage":[10,11],"damage_taken":[{"damage":1,"enemies":"Cultist","floor":1,"turns":3},{"damage":7,"enemies":"2 Louse","floor":2,"turns":3},{"damage":1,"enemies":"Jaw Worm","floor":7,"turns":4},{"damage":9,"enemies":"Exordium Wildlife","floor":8,"turns":4},{"damage":11,"enemies":"Exordium Thugs","floor":10,"turns":4},{"damage":10,"enemies":"2 Fungi Beasts","floor":11,"turns":3},{"damage":19,"enemies":"3 Sentries","floor":13,"turns":4}],"seed_played":"-644865845453586637","potions_obtained":[{"floor":7,"key":"EssenceOfSteel"},{"floor":10,"key":"FocusPotion"}],"is_trial":false,"path_per_floor":["M","M","?","?","$","R","M","M","T","M","M","?","E"],"character_chosen":"DEFECT","items_purchased":["Heatsinks"],"campfire_rested":0,"item_purchase_floors":[5],"current_hp_per_floor":[74,67,60,49,49,49,48,39,39,28,18,18,0],"gold":91,"neow_bonus":"RANDOM_COLORLESS_2","is_prod":false,"is_daily":false,"chose_seed":false,"campfire_upgraded":1,"win_rate":0,"timestamp":1543560931,"path_taken":["M","?","?","?","?","R","M","M","T","M","?","?","E"],"build_version":"2018-11-15","purchased_purges":0,"victory":false,"max_hp_per_floor":[75,75,75,75,75,75,75,75,75,75,75,75,75],"card_choices":[{"not_picked":["Redo","Darkness"],"picked":"Heatsinks","floor":1},{"not_picked":["Gash","Streamline"],"picked":"White Noise","floor":2},{"not_picked":["Compile Driver","Blizzard"],"picked":"Turbo","floor":7},{"not_picked":["Auto Shields","Steam"],"picked":"Sweeping Beam","floor":8},{"not_picked":["Barrage","Auto Shields+1"],"picked":"Leap+1","floor":10},{"not_picked":["Gash","Chill+1"],"picked":"Ball Lightning","floor":11}],"player_experience":293295,"relics_obtained":[{"floor":9,"key":"Toxic Egg 2"}],"event_choices":[{"cards_removed":["Strike_B"],"damage_healed":0,"gold_gain":0,"player_choice":"Card Removal","damage_taken":7,"max_hp_gain":0,"max_hp_loss":0,"event_name":"Golden Wing","floor":3,"gold_loss":0},{"damage_healed":0,"gold_gain":75,"player_choice":"Gather Gold","damage_taken":11,"max_hp_gain":0,"max_hp_loss":0,"event_name":"World of Goop","floor":4,"gold_loss":0},{"damage_healed":0,"gold_gain":0,"player_choice":"Ignored","damage_taken":0,"max_hp_gain":0,"max_hp_loss":0,"event_name":"Shining Light","floor":12,"gold_loss":0}],"is_beta":true,"boss_relics":[],"items_purged_floors":[],"is_endless":false,"potions_floor_spawned":[7,10],"killed_by":"3 Sentries","ascension_level":0}