{"gold_per_floor":[117,131,144,158,173,206,222,222,222,233,250,175,175,188,188,287,287,299,313,4,22,39,39,39,39,39,57,92,92,110,124,124,221,221,231,231,250,265,229,229,229,229],"floor_reached":42,"playtime":3456,"items_purged":["Slimebound:Strike_Slimebound"],"score":453,"play_id":"166e5071-5677-4d8b-a842-1df1c67e6eca","local_time":"20190623191207","is_ascension_mode":false,"campfire_choices":[{"data":"Slimebound:VenomTackle","floor":8.0,"key":"SMITH"},{"data":"Slimebound:DuplicatedForm","floor":13.0,"key":"SMITH"},{"data":"Slimebound:CorrosiveSpit","floor":15.0,"key":"SMITH"},{"data":"Slimebound:FirmFortitude","floor":23.0,"key":"SMITH"},{"data":"Slimebound:DuplicatedForm","floor":29.0,"key":"SMITH"},{"data":"Slimebound:GoopSpray","floor":32.0,"key":"SMITH"},{"data":"Slimebound:WasteNot","floor":40,"key":"SMITH"}],"neow_cost":"NONE","seed_source_timestamp":0,"circlet_count":0,"master_deck":["Slimebound:Strike_Slimebound","Slimebound:Tackle","Slimebound:Defend_Slimebound","Slimebound:Defend_Slimebound","Slimebound:Defend_Slimebound","Slimebound:Defend_Slimebound","Slimebound:Split","Slimebound:CorrosiveSpit+1","Slimebound:LeechEnergy","Slimebound:LeechLife","Slimebound:PoisonLick","Slimebound:RollThrough","Slimebound:SlimeTap","Slimebound:VenomTackle+1","Slimebound:GoopSpray+1","Slimebound:DuplicatedForm+1","Slimebound:DisruptingSlam","Slimebound:DuplicatedForm+1","Slimebound:ViciousTackle","Slimebound:RainOfGoop","Slimebound:FlameTackle","Slimebound:FirmFortitude+1","Slimebound:RejuvenatingLick+1","Slimebound:WasteNot+1","Slimebound:ItLooksTasty+1","Slimebound:GoopTackle+1","Slimebound:Gluttony","Slimebound:SelfFormingGoo","Mayhem"],"special_seed":0,"relics":["Slimebound:AbsorbEndCombatUpgraded","Bronze Scales","Singing Bowl","Pen Nib","Bag of Marbles","Ornamental Fan","Bottled Flame","Cursed Key"],"potions_floor_usage":[42,42],"damage_taken":[{"damage":6.0,"enemies":"2 Louse","floor":1.0,"turns":2.0},{"damage":6.0,"enemies":"Cultist","floor":2.0,"turns":3.0},{"damage":3.0,"enemies":"Small Slimes","floor":3.0,"turns":3.0},{"damage":6.0,"enemies":"3 Louse","floor":4.0,"turns":2.0},{"damage":12.0,"enemies":"Looter","floor":5.0,"turns":3.0},{"damage":36.0,"enemies":"Gremlin Nob","floor":6.0,"turns":5.0},{"damage":5.0,"enemies":"Blue Slaver","floor":7.0,"turns":3.0},{"damage":10.0,"enemies":"Exordium Wildlife","floor":10.0,"turns":3.0},{"damage":3.0,"enemies":"3 Louse","floor":11.0,"turns":3.0},{"damage":10.0,"enemies":"Lots of Slimes","floor":14.0,"turns":1.0},{"damage":55.0,"enemies":"The Guardian","floor":16.0,"turns":8.0},{"damage":22.0,"enemies":"Chosen","floor":18.0,"turns":4.0},{"damage":45.0,"enemies":"Shell Parasite","floor":19.0,"turns":3.0},{"damage":17.0,"enemies":"Snake Plant","floor":21.0,"turns":2.0},{"damage":37.0,"enemies":"Snecko","floor":22.0,"turns":3.0},{"damage":22.0,"enemies":"3 Cultists","floor":27.0,"turns":4.0},{"damage":27.0,"enemies":"Gremlin Leader","floor":28.0,"turns":6.0},{"damage":23.0,"enemies":"Cultist and Chosen","floor":30.0,"turns":5.0},{"damage":33.0,"enemies":"Sentry and Sphere","floor":31.0,"turns":4.0},{"damage":37.0,"enemies":"Champ","floor":33.0,"turns":7.0},{"damage":34.0,"enemies":"3 Darklings","floor":35.0,"turns":4.0},{"damage":23.0,"enemies":"3 Shapes","floor":37.0,"turns":4.0},{"damage":34,"enemies":"Jaw Worm Horde","floor":38,"turns":3},{"damage":103,"enemies":"Reptomancer","floor":42,"turns":4}],"seed_played":"-3344906478281089716","potions_obtained":[{"floor":2.0,"key":"GamblersBrew"},{"floor":3.0,"key":"SkillPotion"},{"floor":5.0,"key":"Ancient Potion"},{"floor":6.0,"key":"Poison Potion"},{"floor":14.0,"key":"Weak Potion"},{"floor":28.0,"key":"Ancient Potion"},{"floor":37.0,"key":"Poison Potion"}],"is_trial":false,"path_per_floor":["M","M","M","M","M","E","M","R","T","M","M","$","R","M","R","B",null,"M","M","$","M","M","R","?","?","T","M","E","R","M","M","R","B",null,"M","?","M","M","$","R","?","E"],"character_chosen":"SLIMEBOUND","items_purchased":["Pen Nib","Bag of Marbles","Slimebound:SelfFormingGoo"],"campfire_rested":0,"item_purchase_floors":[20,20,39],"current_hp_per_floor":[70,70,70,70,70,48,48,48,48,43,51,51,51,44,44,25,70,65,51,51,46,39,39,39,39,39,34,52,52,69,76,76,62,76,76,76,71,76,76,76,76,0],"gold":229,"neow_bonus":"THREE_CARDS","is_prod":false,"is_daily":false,"chose_seed":false,"campfire_upgraded":7,"win_rate":0.0,"timestamp":1561331527,"path_taken":["M","M","M","M","M","E","M","R","T","M","M","$","R","M","R","BOSS","M","M","$","M","M","R","?","?","T","M","E","R","?","M","R","BOSS","M","?","M","M","$","R","?","E"],"build_version":"2019-01-23","purchased_purges":1,"victory":false,"max_hp_per_floor":[70,70,70,70,70,70,70,70,70,70,70,70,70,70,70,70,70,70,70,70,70,70,70,70,70,70,70,72,72,74,76,76,76,76,76,76,76,76,76,76,76,76],"card_choices":[{"not_picked":["Slimebound:ItLooksTasty","Slimebound:SplitMire"],"picked":"Slimebound:LeechEnergy","floor":0.0},{"not_picked":["Slimebound:TongueLash","Slimebound:HauntingLick"],"picked":"Slimebound:LeechLife","floor":1.0},{"not_picked":["Slimebound:TongueLash","Slimebound:SoulSicken"],"picked":"Slimebound:PoisonLick","floor":2.0},{"not_picked":["Slimebound:SplitAcid","Slimebound:LevelUp"],"picked":"Slimebound:RollThrough","floor":3.0},{"not_picked":["Slimebound:SlimeSpikes","Slimebound:Lick","Slimebound:SplitLeeching"],"picked":"SKIP","floor":4.0},{"not_picked":["Slimebound:SplitLeeching","Slimebound:SamplingLick"],"picked":"Slimebound:LivingWall","floor":5.0},{"not_picked":["Slimebound:FinishingTackle","Slimebound:ComboTackle"],"picked":"Slimebound:SlimeTap","floor":6.0},{"not_picked":["Slimebound:LevelUp","Slimebound:GoopSpray"],"picked":"Slimebound:VenomTackle","floor":7.0},{"not_picked":["Slimebound:LeechLife","Slimebound:FlameTackle"],"picked":"Slimebound:GoopSpray","floor":10.0},{"not_picked":["Slimebound:SelfFormingGoo","Slimebound:DisruptingSlam"],"picked":"Slimebound:DuplicatedForm","floor":11.0},{"not_picked":["Slimebound:LeechEnergy","Slimebound:VenomTackle"],"picked":"Slimebound:DisruptingSlam","floor":14.0},{"not_picked":["Slimebound:AcidTongue","Slimebound:Teamwork"],"picked":"Slimebound:DuplicatedForm","floor":16.0},{"not_picked":["Slimebound:RainOfGoop","Slimebound:PoisonLick"],"picked":"Slimebound:ViciousTackle","floor":18.0},{"not_picked":["Slimebound:SplitAcid","Slimebound:GoopSpray"],"picked":"Slimebound:RainOfGoop","floor":19.0},{"not_picked":["Slimebound:LeechingTouch","Slimebound:LivingWall+1"],"picked":"Slimebound:FlameTackle","floor":21.0},{"not_picked":["Slimebound:LeechingTouch","Slimebound:RejuvenatingLick"],"picked":"Slimebound:FirmFortitude","floor":22.0},{"not_picked":["Slimebound:ComboTackle","Slimebound:SlimeSpikes"],"picked":"Slimebound:RejuvenatingLick+1","floor":27.0},{"not_picked":["Slimebound:LevelUp","Slimebound:TongueLash+1","Slimebound:FirmFortitude"],"picked":"Singing Bowl","floor":28.0},{"not_picked":["Slimebound:MinionMaster","Slimebound:Lick+1","Slimebound:TongueLash"],"picked":"Singing Bowl","floor":30.0},{"not_picked":["Slimebound:GoopSpray","Slimebound:HauntingLick","Slimebound:TongueLash"],"picked":"Singing Bowl","floor":31.0},{"not_picked":["Slimebound:Teamwork","Slimebound:SuperSplit"],"picked":"Slimebound:WasteNot","floor":33.0},{"not_picked":["Slimebound:SplitAcid","Slimebound:ComboTackle"],"picked":"Slimebound:ItLooksTasty+1","floor":35.0},{"not_picked":["Slimebound:LevelUp+1","Slimebound:SlimeTap"],"picked":"Slimebound:GoopTackle+1","floor":37.0},{"not_picked":["Slimebound:ViciousTackle+1","Slimebound:SplitMire+1"],"picked":"Slimebound:Gluttony","floor":38},{"not_picked":["Forethought","Purity"],"picked":"Mayhem","floor":41}],"player_experience":545830,"relics_obtained":[{"floor":6.0,"key":"Bronze Scales"},{"floor":9.0,"key":"Singing Bowl"},{"floor":26.0,"key":"Ornamental Fan"},{"floor":28.0,"key":"Bottled Flame"}],"event_choices":[{"cards_removed":["Slimebound:Strike_Slimebound"],"damage_healed":0.0,"max_hp_gain":0.0,"max_hp_loss":0.0,"gold_gain":0.0,"event_name":"Back to Basics","player_choice":"Elegance","floor":24.0,"gold_loss":0.0,"damage_taken":0.0},{"cards_removed":["Doubt"],"damage_healed":0.0,"max_hp_gain":0.0,"max_hp_loss":0.0,"gold_gain":0.0,"event_name":"NoteForYourself","player_choice":"Took Card","floor":25.0,"gold_loss":0.0,"damage_taken":0.0,"cards_obtained":["Doubt"]},{"cards_removed":["Slimebound:LivingWall"],"damage_healed":0.0,"max_hp_gain":0.0,"max_hp_loss":0.0,"gold_gain":0.0,"event_name":"Falling","player_choice":"Removed Skill","floor":36.0,"gold_loss":0.0,"damage_taken":0.0},{"damage_healed":0,"gold_gain":0,"player_choice":"Memory 1","damage_taken":0,"max_hp_gain":0,"max_hp_loss":0,"event_name":"SensoryStone","floor":41,"gold_loss":0}],"is_beta":false,"boss_relics":[{"not_picked":["Busted Crown","Velvet Choker"],"picked":"Slimebound:AbsorbEndCombatUpgraded"},{"not_picked":["Lizard Tail","Astrolabe"],"picked":"Cursed Key"}],"items_purged_floors":[12],"is_endless":false,"potions_floor_spawned":[2,3,5,6,14,27,28,30,37],"killed_by":"Reptomancer","ascension_level":0}