{"gold_per_floor":[112,112,124,199,199,199,2,36,36,67,82,108,108,119,119,216,216,229,33,49,63,74,107,127,143,143,143,158,171,81,98,98,203,203,217,236,3,14,25,35,50,84,130,130,130,141,57,73,73,73],"floor_reached":51,"playtime":2568,"items_purged":["Strike_B"],"score":827,"play_id":"c8505b68-b074-4574-a70f-4b0b066c6e4b","local_time":"20181202065439","is_ascension_mode":false,"campfire_choices":[{"data":"Melter","floor":6,"key":"SMITH"},{"floor":13,"key":"REST"},{"data":"Hyperbeam","floor":15,"key":"SMITH"},{"data":"FTL","floor":27,"key":"SMITH"},{"data":"Zap","floor":32,"key":"SMITH"},{"floor":44,"key":"RECALL"},{"data":"Core Surge","floor":49,"key":"SMITH"}],"neow_cost":"NONE","seed_source_timestamp":1407640077777197,"circlet_count":0,"master_deck":["Strike_B+1","Defend_B","Defend_B","Zap+1","Dualcast","Melter+1","Conserve Battery","Defragment+1","FTL+1","Hyperbeam+1","Machine Learning+1","Ball Lightning","Self Repair+1","Rebound+1","Echo Form+1","Hologram+1","Fusion+1","Coolheaded+1","Defragment+1","Cold Snap+1","Cold Snap+1","Core Surge+1","Conserve Battery+1","Defragment+1","Echo Form+1","Electrodynamics+1","Undo+1","Reinforced Body+1","Capacitor+1","Capacitor+1","Reprogram+1","Chill+1","Steam+1","Force Field+1","Ball Lightning+1","Finesse+1","Coolheaded+1"],"relics":["Cracked Core","NeowsBlessing","Ice Cream","Frozen Egg 2","Gremlin Horn","Toxic Egg 2","Strawberry","Centennial Puzzle","Lizard Tail","Du-Vu Doll","Cables","Astrolabe","PreservedInsect","Bottled Flame","Whetstone"],"potions_floor_usage":[10,10,12,18,22,50,50,50],"damage_taken":[{"damage":0,"enemies":"Cultist","floor":1,"turns":1},{"damage":0,"enemies":"Small Slimes","floor":3,"turns":1},{"damage":0,"enemies":"3 Sentries","floor":8,"turns":1},{"damage":0,"enemies":"Gremlin Nob","floor":10,"turns":2},{"damage":1,"enemies":"Jaw Worm","floor":11,"turns":3},{"damage":14,"enemies":"Lagavulin","floor":12,"turns":5},{"damage":10,"enemies":"Red Slaver","floor":14,"turns":4},{"damage":25,"enemies":"Slime Boss","floor":16,"turns":5},{"damage":10,"enemies":"3 Byrds","floor":18,"turns":3},{"damage":10,"enemies":"2 Thieves","floor":20,"turns":3},{"damage":0,"enemies":"Sentry and Sphere","floor":21,"turns":3},{"damage":5,"enemies":"Centurion and Healer","floor":22,"turns":4},{"damage":32,"enemies":"Slavers","floor":23,"turns":3},{"damage":20,"enemies":"Snake Plant","floor":24,"turns":5},{"damage":6,"enemies":"Snecko","floor":25,"turns":7},{"damage":13,"enemies":"3 Cultists","floor":28,"turns":4},{"damage":20,"enemies":"Centurion and Healer","floor":29,"turns":5},{"damage":37,"enemies":"Shelled Parasite and Fungi","floor":31,"turns":4},{"damage":33,"enemies":"Champ","floor":33,"turns":8},{"damage":15,"enemies":"Orb Walker","floor":35,"turns":5},{"damage":33,"enemies":"3 Shapes","floor":36,"turns":3},{"damage":11,"enemies":"Transient","floor":38,"turns":5},{"damage":10,"enemies":"Spire Growth","floor":39,"turns":8},{"damage":47,"enemies":"Jaw Worm Horde","floor":40,"turns":4},{"damage":10,"enemies":"Writhing Mass","floor":41,"turns":9},{"damage":0,"enemies":"Giant Head","floor":42,"turns":9},{"damage":4,"enemies":"Maw","floor":46,"turns":9},{"damage":0,"enemies":"Jaw Worm Horde","floor":48,"turns":2},{"damage":24,"enemies":"Donu and Deca","floor":50,"turns":9}],"seed_played":"8501476091583496952","potions_obtained":[{"floor":1,"key":"FearPotion"},{"floor":8,"key":"Strength Potion"},{"floor":11,"key":"Swift Potion"},{"floor":16,"key":"AttackPotion"},{"floor":18,"key":"Dexterity Potion"},{"floor":20,"key":"Explosive Potion"},{"floor":22,"key":"LiquidBronze"},{"floor":40,"key":"AttackPotion"}],"is_trial":false,"path_per_floor":["M","?","M","?","T","R","$","E","T","E","M","E","R","M","R","B",null,"M","$","M","M","M","E","M","M","T","R","M","M","?","M","R","B",null,"M","M","$","M","M","M","M","E","T","R","?","M","$","M","R","B",null],"character_chosen":"DEFECT","items_purchased":["Conserve Battery","Defragment+1","FTL","Fusion+1","Coolheaded+1","PreservedInsect","Capacitor+1","Finesse+1"],"campfire_rested":1,"item_purchase_floors":[7,7,7,19,19,37,37,47],"current_hp_per_floor":[75,42,42,31,31,31,31,31,31,38,37,23,47,47,47,22,82,82,82,82,82,82,60,40,54,54,54,41,31,31,45,45,22,82,82,49,49,38,48,11,21,41,41,41,72,72,72,72,72,48],"gold":73,"neow_bonus":"THREE_ENEMY_KILL","is_prod":false,"is_daily":false,"chose_seed":false,"campfire_upgraded":5,"win_rate":0,"timestamp":1543755279,"path_taken":["M","?","M","?","?","R","$","E","T","E","M","E","R","?","R","BOSS","M","$","M","M","M","E","M","M","T","R","M","M","?","?","R","BOSS","M","M","$","M","?","M","M","E","T","R","?","M","?","?","R","BOSS"],"build_version":"2018-11-15","purchased_purges":1,"victory":true,"max_hp_per_floor":[75,75,75,75,75,75,75,75,75,82,82,82,82,82,82,82,82,82,82,82,82,82,82,82,82,82,82,82,82,82,82,82,82,82,82,82,82,82,82,82,82,82,82,82,72,72,72,72,72,72],"card_choices":[{"not_picked":["Streamline","Hologram"],"picked":"Melter","floor":1},{"not_picked":["Hologram","Compile Driver","Recycle"],"picked":"SKIP","floor":3},{"not_picked":["Coolheaded","Aggregate"],"picked":"Hyperbeam","floor":8},{"not_picked":["Turbo+1","Fusion+1"],"picked":"Machine Learning+1","floor":10},{"not_picked":["Streamline","Cold Snap"],"picked":"Ball Lightning","floor":11},{"not_picked":["Ball Lightning","Loop+1"],"picked":"Self Repair+1","floor":12},{"not_picked":["Cold Snap","Turbo+1"],"picked":"Rebound","floor":14},{"not_picked":["Amplify+1","Creative AI+1"],"picked":"Echo Form+1","floor":16},{"not_picked":["Rebound","Lockon"],"picked":"Hologram+1","floor":18},{"not_picked":["Ball Lightning+1","Redo+1"],"picked":"Defragment+1","floor":20},{"not_picked":["Go for the Eyes","Steam+1"],"picked":"Cold Snap","floor":21},{"not_picked":["Redo+1","Recycle+1"],"picked":"Cold Snap+1","floor":22},{"not_picked":["Sweeping Beam+1","Streamline"],"picked":"Core Surge","floor":23},{"not_picked":["Consume+1","Streamline","Rip and Tear"],"picked":"SKIP","floor":24},{"not_picked":["Go for the Eyes+1","Recycle+1","Steam+1"],"picked":"SKIP","floor":25},{"not_picked":["Go for the Eyes","Lockon+1","Steam+1"],"picked":"SKIP","floor":28},{"not_picked":["Beam Cell","Hologram+1"],"picked":"Conserve Battery+1","floor":29},{"not_picked":["Conserve Battery+1","Streamline"],"picked":"Defragment+1","floor":31},{"not_picked":["Creative AI+1","Electrodynamics+1"],"picked":"Echo Form+1","floor":33},{"not_picked":["Doom and Gloom","Chaos+1","Lockon"],"picked":"SKIP","floor":35},{"not_picked":["Rip and Tear","Loop+1"],"picked":"Capacitor+1","floor":36},{"not_picked":["Hologram+1","Coolheaded+1","Compile Driver"],"picked":"SKIP","floor":38},{"not_picked":["Recycle+1","Stack+1"],"picked":"Reprogram+1","floor":39},{"not_picked":["Consume+1","Gash+1"],"picked":"Chill+1","floor":40},{"not_picked":["Defragment+1","Stack+1"],"picked":"Steam+1","floor":41},{"not_picked":["Hello World+1","Beam Cell"],"picked":"Force Field+1","floor":42},{"not_picked":["Fusion+1","Go for the Eyes"],"picked":"Ball Lightning+1","floor":46},{"not_picked":["Turbo+1","Chaos+1"],"picked":"Coolheaded+1","floor":48}],"player_experience":334434,"relics_obtained":[{"floor":5,"key":"Frozen Egg 2"},{"floor":8,"key":"Gremlin Horn"},{"floor":9,"key":"Toxic Egg 2"},{"floor":10,"key":"Strawberry"},{"floor":12,"key":"Centennial Puzzle"},{"floor":23,"key":"Du-Vu Doll"},{"floor":26,"key":"Cables"},{"floor":42,"key":"Bottled Flame"},{"floor":43,"key":"Whetstone"}],"event_choices":[{"damage_healed":0,"gold_gain":0,"player_choice":"Success","damage_taken":33,"relics_obtained":["Ice Cream"],"max_hp_gain":0,"max_hp_loss":0,"event_name":"Scrap Ooze","floor":2,"gold_loss":0},{"damage_healed":0,"gold_gain":75,"player_choice":"Gather Gold","damage_taken":11,"max_hp_gain":0,"max_hp_loss":0,"event_name":"World of Goop","floor":4,"gold_loss":0},{"cards_removed":["Strike_B"],"damage_healed":0,"gold_gain":0,"player_choice":"Upgrade and Remove","damage_taken":0,"max_hp_gain":0,"max_hp_loss":0,"event_name":"Designer","floor":30,"gold_loss":90,"cards_upgraded":["Strike_B"]},{"damage_healed":72,"gold_gain":0,"player_choice":"Heal","damage_taken":0,"max_hp_gain":0,"max_hp_loss":10,"event_name":"The Moai Head","floor":45,"gold_loss":0}],"is_beta":true,"boss_relics":[{"not_picked":["Eternal Feather","Calling Bell"],"picked":"Lizard Tail"},{"not_picked":["Coffee Dripper","Philosopher\u0027s Stone"],"picked":"Astrolabe"}],"items_purged_floors":[19],"is_endless":false,"potions_floor_spawned":[1,8,11,16,18,20,22,40,46],"ascension_level":0}