{"gold_per_floor":[118,131,149,99,116,116,147,159,186,204,204,222,240,72,72,176,176,188,188,208,1,15,15,45,45,45,45,72,72,84,101,101,199,199,212,212,20,34,47,47,98,198,198,198,227,227,252,270,270,270,270,270,270,13,40,40],"floor_reached":56,"playtime":4479,"items_purged":["animator:Strike","animator:Defend"],"score":961,"play_id":"ff6ebe71-a061-4517-9195-4d4f0047db08","local_time":"20190625031721","is_ascension_mode":true,"campfire_choices":[{"data":"animator:Scar","floor":6,"key":"SMITH"},{"floor":11,"key":"REST"},{"data":"animator:JeanneDArc","floor":15,"key":"SMITH"},{"data":"animator:Konayuki","floor":23,"key":"SMITH"},{"data":"animator:Saitama","floor":27,"key":"SMITH"},{"data":"animator:Illya","floor":32,"key":"SMITH"},{"data":"animator:YunYun","floor":40,"key":"SMITH"},{"floor":44,"key":"RECALL"},{"data":"animator:Kuribayashi","floor":46,"key":"SMITH"},{"data":"animator:Illya","floor":49,"key":"SMITH"},{"data":"animator:Millim+3","floor":52,"key":"SMITH"}],"neow_cost":"PERCENT_DAMAGE","seed_source_timestamp":1154970566847227,"circlet_count":0,"master_deck":["animator:Strike_GATE+1","animator:Strike+1","animator:Defend+1","animator:Defend+1","animator:Tyuule+1","animator:Kuribayashi+1","animator:Scar+1","animator:ZankiKiguchi+1","animator:Millim+5","animator:Illya+1","animator:PandorasActor+1","animator:YunYun+1","animator:JeanneDArc+1","animator:LimeBell+1","animator:Ainz+1","animator:Demiurge+1","animator:Konayuki+1","animator:MaesHughes+1","animator:Saitama+1","animator:Witch+1","animator:Demiurge+1","animator:LimeBell+1","animator:Azekura+1","animator:Guy+1","animator:Illya+1"],"relics":["animator:LivingPicture","animator:PurgingStone_Cards","animator:TheMissingPiece","Turnip","Tingsha","Darkstone Periapt","Lantern","animator:CursedGlyph","Eternal Feather","Ancient Tea Set","Vajra","Omamori","animator:Hoodie","Necronomicon","Happy Flower","animator:ShionDessert","Red Skull","Philosopher\u0027s Stone","Incense Burner","animator:WizardHat","Unceasing Top","Bronze Scales","Sling","Pen Nib"],"potions_floor_usage":[7,20,28,41,47,50,50,50,55],"damage_taken":[{"damage":2,"enemies":"Jaw Worm","floor":1,"turns":4},{"damage":0,"enemies":"2 Louse","floor":2,"turns":2},{"damage":0,"enemies":"Small Slimes","floor":3,"turns":4},{"damage":11,"enemies":"Looter","floor":5,"turns":4},{"damage":25,"enemies":"3 Sentries","floor":7,"turns":8},{"damage":8,"enemies":"3 Louse","floor":8,"turns":2},{"damage":0,"enemies":"Large Slime","floor":10,"turns":5},{"damage":3,"enemies":"Looter","floor":12,"turns":2},{"damage":0,"enemies":"2 Fungi Beasts","floor":13,"turns":3},{"damage":0,"enemies":"Slime Boss","floor":16,"turns":8},{"damage":1,"enemies":"Spheric Guardian","floor":18,"turns":4},{"damage":0,"enemies":"3 Byrds","floor":20,"turns":6},{"damage":14,"enemies":"Snake Plant","floor":22,"turns":6},{"damage":16,"enemies":"Book of Stabbing","floor":24,"turns":5},{"damage":22,"enemies":"Gremlin Leader","floor":28,"turns":7},{"damage":9,"enemies":"Centurion and Healer","floor":30,"turns":3},{"damage":4,"enemies":"Shelled Parasite and Fungi","floor":31,"turns":2},{"damage":0,"enemies":"Champ","floor":33,"turns":5},{"damage":0,"enemies":"Orb Walker","floor":35,"turns":2},{"damage":7,"enemies":"3 Darklings","floor":38,"turns":3},{"damage":0,"enemies":"Spire Growth","floor":39,"turns":3},{"damage":19,"enemies":"2 Orb Walkers","floor":41,"turns":3},{"damage":17,"enemies":"Mind Bloom Boss Battle","floor":42,"turns":4},{"damage":0,"enemies":"Reptomancer","floor":45,"turns":3},{"damage":32,"enemies":"Nemesis","floor":47,"turns":7},{"damage":1,"enemies":"Writhing Mass","floor":48,"turns":4},{"damage":50,"enemies":"Donu and Deca","floor":50,"turns":7},{"damage":16,"enemies":"Shield and Spear","floor":55,"turns":4},{"damage":67,"enemies":"The Heart","floor":56,"turns":5}],"seed_played":"5867301673662151035","potions_obtained":[{"floor":1,"key":"Regen Potion"},{"floor":7,"key":"Dexterity Potion"},{"floor":10,"key":"Regen Potion"},{"floor":13,"key":"PowerPotion"},{"floor":24,"key":"PowerPotion"},{"floor":28,"key":"GamblersBrew"},{"floor":31,"key":"AttackPotion"},{"floor":33,"key":"Regen Potion"},{"floor":45,"key":"Energy Potion"},{"floor":47,"key":"GamblersBrew"},{"floor":48,"key":"animator:FalseLifePotion"}],"is_trial":false,"path_per_floor":["M","M","M","?","M","R","E","M","T","M","R","M","M","$","R","B",null,"M","?","M","$","M","R","E","?","T","R","E","?","M","M","R","B",null,"M","?","$","M","M","R","?","?","T","R","E","R","E","M","R","B",null,"R","??","$","E","B"],"character_chosen":"THE_ANIMATOR","items_purchased":["animator:LimeBell","animator:Konayuki","Vajra","animator:LimeBell","Sling","Swift Potion"],"campfire_rested":1,"item_purchase_floors":[14,21,21,37,54,54],"current_hp_per_floor":[48,48,48,48,37,37,27,19,19,19,40,37,37,37,37,37,67,67,67,67,67,57,67,57,41,41,53,37,37,28,24,36,49,70,73,73,73,68,75,76,63,52,52,64,69,79,55,58,73,57,79,79,79,79,67,0],"gold":40,"neow_bonus":"ONE_RARE_RELIC","is_prod":false,"is_daily":false,"chose_seed":false,"campfire_upgraded":9,"win_rate":0,"timestamp":1561447041,"path_taken":["M","M","M","?","M","R","E","M","T","M","R","M","M","$","R","BOSS","M","?","M","$","M","R","E","?","T","R","E","?","M","M","R","BOSS","M","?","$","M","M","R","?","?","T","R","E","R","E","M","R","BOSS","R","??","$","E","BOSS"],"build_version":"2019-01-23","purchased_purges":2,"victory":false,"max_hp_per_floor":[71,71,71,71,71,71,71,71,71,71,71,67,67,67,67,67,67,67,67,67,67,67,67,67,67,67,67,67,67,67,67,67,70,70,73,73,73,73,76,76,76,76,76,76,79,79,79,79,79,79,79,79,79,79,79,79],"card_choices":[{"not_picked":["animator:DolaStephanie","animator:RinTohsaka"],"picked":"animator:Scar","floor":1},{"not_picked":["animator:Yuuichirou","animator:Illya"],"picked":"animator:ZankiKiguchi","floor":2},{"not_picked":["animator:Chris","animator:DolaRiku"],"picked":"animator:Millim","floor":3},{"not_picked":["animator:EmiyaShirou","animator:Berserker"],"picked":"animator:Illya","floor":5},{"not_picked":["animator:MumenRider","animator:Yuuichirou"],"picked":"animator:PandorasActor","floor":7},{"not_picked":["animator:Aqua","animator:Rena"],"picked":"animator:YunYun","floor":8},{"not_picked":["animator:Arpeggio","animator:PinaCoLada","animator:Raven"],"picked":"SKIP","floor":10},{"not_picked":["animator:Gilgamesh","animator:Berserker"],"picked":"animator:JeanneDArc","floor":12},{"not_picked":["animator:Tyuule","animator:NarberalGamma","animator:EmiyaShirou"],"picked":"SKIP","floor":13},{"not_picked":["animator:Boros","animator:PinaCoLada"],"picked":"animator:Ainz","floor":16},{"not_picked":["animator:GazelDwargon","animator:Azekura","animator:YaoHaDucy"],"picked":"SKIP","floor":18},{"not_picked":["animator:Entoma+1","animator:Evileye+1"],"picked":"animator:Demiurge","floor":20},{"not_picked":["animator:Aisha","animator:Kuribayashi"],"picked":"animator:MaesHughes","floor":22},{"not_picked":["animator:Alexander","animator:DolaStephanie"],"picked":"animator:Saitama","floor":24},{"not_picked":["animator:LizardPriest","animator:Jibril"],"picked":"animator:Witch+1","floor":28},{"not_picked":["animator:Evileye","animator:PandorasActor"],"picked":"animator:Demiurge","floor":30},{"not_picked":["animator:Raven","animator:Sebas","animator:Souei+1"],"picked":"SKIP","floor":31},{"not_picked":["animator:Witch","animator:Sloth"],"picked":"animator:Millim+1","floor":35},{"not_picked":["animator:MumenRider","animator:GoblinSlayer","animator:ElricAlphonse+1"],"picked":"SKIP","floor":39},{"not_picked":["animator:Benimaru","animator:Yuuichirou+1"],"picked":"animator:Azekura+1","floor":41},{"not_picked":["animator:Illya","animator:MumenRider"],"picked":"animator:Guy+1","floor":42},{"not_picked":["animator:Alexander","animator:Archer"],"picked":"animator:Illya","floor":47},{"not_picked":["animator:Viivi","animator:Emonzaemon","animator:YaoHaDucy"],"picked":"SKIP","floor":48}],"player_experience":563185,"relics_obtained":[{"floor":2,"key":"Tingsha"},{"floor":7,"key":"Darkstone Periapt"},{"floor":9,"key":"Lantern"},{"floor":12,"key":"animator:CursedGlyph"},{"floor":24,"key":"Omamori"},{"floor":24,"key":"animator:Hoodie"},{"floor":25,"key":"Necronomicon"},{"floor":26,"key":"Happy Flower"},{"floor":28,"key":"animator:ShionDessert"},{"floor":30,"key":"Red Skull"},{"floor":41,"key":"Incense Burner"},{"floor":42,"key":"animator:WizardHat"},{"floor":45,"key":"Unceasing Top"},{"floor":47,"key":"Bronze Scales"},{"floor":55,"key":"Pen Nib"}],"event_choices":[{"cards_removed":["animator:Strike"],"damage_healed":0,"gold_gain":0,"player_choice":"Card Removal","damage_taken":0,"max_hp_gain":0,"max_hp_loss":0,"event_name":"The Cleric","floor":4,"gold_loss":50},{"damage_healed":0,"gold_gain":0,"player_choice":"Opened","damage_taken":0,"relics_obtained":["Ancient Tea Set"],"max_hp_gain":0,"max_hp_loss":0,"event_name":"The Mausoleum","floor":19,"gold_loss":0},{"damage_healed":0,"gold_gain":0,"player_choice":"Obtained Book","damage_taken":16,"max_hp_gain":0,"max_hp_loss":0,"event_name":"Cursed Tome","floor":25,"gold_loss":0},{"damage_healed":0,"gold_gain":0,"player_choice":"Ignored","damage_taken":0,"max_hp_gain":0,"max_hp_loss":0,"event_name":"Beggar","floor":29,"gold_loss":0},{"cards_removed":["animator:Defend_GATE"],"damage_healed":0,"gold_gain":0,"player_choice":"Removed Skill","damage_taken":0,"max_hp_gain":0,"max_hp_loss":0,"event_name":"Falling","floor":36,"gold_loss":0},{"damage_healed":0,"gold_gain":0,"player_choice":"Fight","damage_taken":0,"max_hp_gain":0,"max_hp_loss":0,"event_name":"Mysterious Sphere","floor":41,"gold_loss":0},{"damage_healed":0,"gold_gain":0,"player_choice":"Fight","damage_taken":0,"max_hp_gain":0,"max_hp_loss":0,"event_name":"MindBloom","floor":42,"gold_loss":0}],"is_beta":false,"boss_relics":[{"not_picked":["Runic Pyramid","Orrery"],"picked":"Eternal Feather"},{"not_picked":["Pandora\u0027s Box","animator:VividPicture"],"picked":"Philosopher\u0027s Stone"}],"items_purged_floors":[14,37],"is_endless":false,"potions_floor_spawned":[1,7,10,13,24,28,31,33,35,45,47,48],"killed_by":"The Heart","ascension_level":2}