{"gold_per_floor":[110,127,179,179,192,192,225,225,275,308,91,107,122,62,62,167,167,182,198,198,208,208,208,239,239,239,239,44,62,62,90,90,191,191,207,49,69,89,108,108,136,0,0,0,14,14],"floor_reached":46,"playtime":2718,"items_purged":["Strike_R","Defend_R","Defend_R"],"score":548,"play_id":"eef5609a-33ad-4c8b-a547-02aec90269db","local_time":"20190205175533","is_ascension_mode":false,"campfire_choices":[{"data":"Whirlwind","floor":6.0,"key":"SMITH"},{"data":"Body Slam","floor":8.0,"key":"SMITH"},{"data":"Armaments","floor":15.0,"key":"SMITH"},{"data":"Hemokinesis","floor":23.0,"key":"SMITH"},{"data":"Double Tap","floor":25.0,"key":"SMITH"},{"data":"Strike_R","floor":27.0,"key":"PURGE"},{"floor":32.0,"key":"REST"},{"data":"Impervious","floor":40.0,"key":"SMITH"}],"neow_cost":"NONE","seed_source_timestamp":0,"circlet_count":0,"master_deck":["Strike_R","Strike_R","Defend_R","Defend_R","Bash","Rage","Whirlwind+1","Iron Wave","Intimidate","Body Slam+1","Armaments+1","Spot Weakness","Feed","Twin Strike","Rage","Double Tap+1","Hemokinesis+1","Immolate","Rupture","Metallicize","Battle Trance+1","Inflame","Impervious+1","Metallicize+1","Disarm","Shrug It Off+1","Parasite","Injury","Shrug It Off+1"],"special_seed":0,"relics":["Burning Blood","Happy Flower","Art of War","Peace Pipe","Bronze Scales","The Courier","Cursed Key","Enchiridion","Mummified Hand","Juzu Bracelet","Velvet Choker","Prayer Wheel","Red Mask"],"potions_floor_usage":[41],"damage_taken":[{"damage":1.0,"enemies":"Cultist","floor":1.0,"turns":4.0},{"damage":0.0,"enemies":"2 Louse","floor":2.0,"turns":2.0},{"damage":0.0,"enemies":"Small Slimes","floor":5.0,"turns":3.0},{"damage":5.0,"enemies":"Gremlin Nob","floor":7.0,"turns":3.0},{"damage":13.0,"enemies":"Lagavulin","floor":10.0,"turns":7.0},{"damage":6.0,"enemies":"Blue Slaver","floor":12.0,"turns":4.0},{"damage":0.0,"enemies":"Looter","floor":13.0,"turns":2.0},{"damage":52.0,"enemies":"Slime Boss","floor":16.0,"turns":13.0},{"damage":0.0,"enemies":"2 Thieves","floor":18.0,"turns":4.0},{"damage":0.0,"enemies":"Chosen","floor":19.0,"turns":4.0},{"damage":14.0,"enemies":"Centurion and Healer","floor":21.0,"turns":7.0},{"damage":0.0,"enemies":"Gremlin Leader","floor":24.0,"turns":5.0},{"damage":23.0,"enemies":"3 Cultists","floor":29.0,"turns":4.0},{"damage":34.0,"enemies":"Slavers","floor":31.0,"turns":4.0},{"damage":56.0,"enemies":"Automaton","floor":33.0,"turns":6.0},{"damage":15.0,"enemies":"3 Shapes","floor":35.0,"turns":2.0},{"damage":8.0,"enemies":"3 Darklings","floor":37.0,"turns":2.0},{"damage":9.0,"enemies":"Maw","floor":38.0,"turns":7.0},{"damage":10.0,"enemies":"Writhing Mass","floor":39.0,"turns":5.0},{"damage":15,"enemies":"Reptomancer","floor":41,"turns":5},{"damage":21,"enemies":"4 Shapes","floor":45,"turns":7},{"damage":60,"enemies":"Nemesis","floor":46,"turns":8}],"seed_played":"-5724576182970297402","potions_obtained":[{"floor":1.0,"key":"AttackPotion"},{"floor":10.0,"key":"EssenceOfSteel"},{"floor":12.0,"key":"Ancient Potion"},{"floor":13.0,"key":"Block Potion"},{"floor":18.0,"key":"LiquidBronze"},{"floor":31.0,"key":"Swift Potion"},{"floor":35.0,"key":"SkillPotion"},{"floor":41,"key":"Fire Potion"}],"is_trial":false,"path_per_floor":["M","M","T","?","M","R","E","R","T","E","$","M","M","$","R","B",null,"M","M","?","M","?","R","E","R","T","R","$","M","?","E","R","B",null,"M","$","M","M","M","R","E","?","T","$","M","E"],"character_chosen":"IRONCLAD","items_purchased":["Spot Weakness","Feed","Rage","Rupture","Metallicize","Disarm"],"campfire_rested":1,"item_purchase_floors":[11,11,14,28,28,36],"current_hp_per_floor":[80,80,80,80,80,80,80,80,80,73,73,76,82,82,82,39,86,86,86,86,82,66,66,72,72,72,72,72,55,55,30,57,7,93,87,87,85,82,81,81,72,72,72,72,60,0],"gold":14,"neow_bonus":"RANDOM_COMMON_RELIC","is_prod":false,"is_daily":false,"chose_seed":false,"campfire_upgraded":6,"win_rate":0,"timestamp":1549356933,"path_taken":["M","M","?","?","M","R","E","R","T","E","$","M","?","$","R","BOSS","M","M","?","M","?","R","E","R","T","R","?","M","?","E","R","BOSS","M","?","M","M","M","R","E","?","T","$","M","E"],"build_version":"2019-01-23","purchased_purges":3,"victory":false,"max_hp_per_floor":[80,80,80,80,80,80,80,80,80,80,80,83,83,83,83,86,86,86,86,86,90,90,90,90,90,90,90,90,90,90,93,93,93,93,96,96,96,96,99,99,99,99,99,99,102,102],"card_choices":[{"not_picked":["Flex","Second Wind"],"picked":"Rage","floor":1.0},{"not_picked":["Warcry","Infernal Blade"],"picked":"Whirlwind","floor":2.0},{"not_picked":["Warcry","Pommel Strike"],"picked":"Intimidate","floor":5.0},{"not_picked":["Blood for Blood","Iron Wave"],"picked":"Body Slam","floor":7.0},{"not_picked":["Offering","Shockwave"],"picked":"Armaments","floor":10.0},{"not_picked":["Perfected Strike","Warcry","Anger"],"picked":"SKIP","floor":12.0},{"not_picked":["Sword Boomerang","Body Slam"],"picked":"Twin Strike","floor":13.0},{"not_picked":["Impervious","Juggernaut"],"picked":"Double Tap","floor":16.0},{"not_picked":["Anger","Iron Wave"],"picked":"Hemokinesis","floor":18.0},{"not_picked":["Rage","Second Wind+1","Clash"],"picked":"SKIP","floor":19.0},{"not_picked":["Clothesline","Bloodletting+1","Fire Breathing"],"picked":"SKIP","floor":21.0},{"not_picked":["Reckless Charge","Clothesline"],"picked":"Immolate","floor":24.0},{"not_picked":["Sentinel","Feel No Pain"],"picked":"Battle Trance+1","floor":29.0},{"not_picked":["Infernal Blade","Whirlwind"],"picked":"Inflame","floor":31.0},{"not_picked":["Double Tap","Feed"],"picked":"Impervious","floor":33.0},{"not_picked":["Clothesline+1","Blood for Blood"],"picked":"Metallicize+1","floor":35.0},{"not_picked":["True Grit","Twin Strike+1","Reckless Charge"],"picked":"SKIP","floor":37.0},{"not_picked":["Sword Boomerang+1","Twin Strike"],"picked":"Shrug It Off+1","floor":38.0},{"not_picked":["Anger","Feel No Pain+1","Flex+1"],"picked":"SKIP","floor":39.0},{"not_picked":["Reckless Charge","Heavy Blade","Warcry"],"picked":"SKIP","floor":41},{"not_picked":["Sentinel","Thunderclap"],"picked":"Shrug It Off+1","floor":45},{"not_picked":["Second Wind","Iron Wave","Flex"],"picked":"SKIP","floor":45}],"player_experience":150655,"relics_obtained":[{"floor":3.0,"key":"Art of War"},{"floor":7.0,"key":"Peace Pipe"},{"floor":9.0,"key":"Bronze Scales"},{"floor":10.0,"key":"The Courier"},{"floor":22.0,"key":"Enchiridion"},{"floor":24.0,"key":"Mummified Hand"},{"floor":31.0,"key":"Juzu Bracelet"},{"floor":41,"key":"Prayer Wheel"}],"event_choices":[{"cards_removed":["Strike_R"],"damage_healed":0.0,"max_hp_gain":0.0,"max_hp_loss":0.0,"gold_gain":0.0,"event_name":"NoteForYourself","player_choice":"Took Card","floor":4.0,"gold_loss":0.0,"damage_taken":0.0,"cards_obtained":["Iron Wave"]},{"damage_healed":0.0,"max_hp_gain":0.0,"max_hp_loss":0.0,"gold_gain":0.0,"event_name":"Ghosts","player_choice":"Ignored","floor":20.0,"gold_loss":0.0,"damage_taken":0.0},{"damage_healed":0.0,"max_hp_gain":0.0,"max_hp_loss":0.0,"gold_gain":0.0,"event_name":"Cursed Tome","player_choice":"Obtained Book","floor":22.0,"gold_loss":0.0,"damage_taken":16.0},{"damage_healed":0.0,"max_hp_gain":0.0,"max_hp_loss":0.0,"gold_gain":0.0,"event_name":"The Woman in Blue","player_choice":"Bought 0 Potions","floor":30.0,"gold_loss":0.0,"damage_taken":0.0},{"damage_healed":0,"gold_gain":0,"player_choice":"Paid","damage_taken":0,"relics_obtained":["Red Mask"],"max_hp_gain":0,"max_hp_loss":0,"event_name":"Tomb of Lord Red Mask","floor":42,"gold_loss":136}],"is_beta":false,"boss_relics":[{"not_picked":["Eternal Feather","Black Blood"],"picked":"Cursed Key"},{"not_picked":["Tiny House","Astrolabe"],"picked":"Velvet Choker"}],"items_purged_floors":[11,28,36],"is_endless":false,"potions_floor_spawned":[1,10,12,13,18,19,31,35,41],"killed_by":"Nemesis","ascension_level":0}