{"gold_per_floor":[115,44,119,139,154,154,183,183,229,247,34,51,65,65],"floor_reached":14,"playtime":352,"items_purged":[],"score":92,"play_id":"bf833dfb-3716-4c4a-8007-573221b4b4d2","local_time":"20190131114351","is_ascension_mode":false,"campfire_choices":[{"data":"Sunder","floor":6,"key":"SMITH"}],"neow_cost":"PERCENT_DAMAGE","seed_source_timestamp":624005057742971,"circlet_count":0,"master_deck":["Strike_B","Strike_B","Strike_B","Strike_B","Defend_B","Defend_B","Defend_B","Defend_B","Zap","Dualcast","Echo Form","Defragment","Steam","Ball Lightning","Sunder+1","Cold Snap","Loop","White Noise","Electrodynamics","Go for the Eyes"],"relics":["Cracked Core","Orichalcum","Dream Catcher","Ancient Tea Set"],"potions_floor_usage":[7,7,12,12],"damage_taken":[{"damage":0,"enemies":"2 Louse","floor":1,"turns":1},{"damage":1,"enemies":"Jaw Worm","floor":4,"turns":4},{"damage":6,"enemies":"Cultist","floor":5,"turns":3},{"damage":1,"enemies":"3 Sentries","floor":7,"turns":6},{"damage":10,"enemies":"Looter","floor":10,"turns":3},{"damage":11,"enemies":"Gremlin Gang","floor":12,"turns":2},{"damage":8,"enemies":"Lots of Slimes","floor":13,"turns":4},{"damage":6,"enemies":"Gremlin Nob","floor":14,"turns":2}],"seed_played":"3213707986744960988","potions_obtained":[{"floor":4,"key":"EssenceOfSteel"},{"floor":5,"key":"EssenceOfSteel"},{"floor":7,"key":"LiquidBronze"},{"floor":10,"key":"Fire Potion"}],"is_trial":false,"path_per_floor":["M","$","?","M","M","R","E","?","T","M","$","M","M","E"],"character_chosen":"DEFECT","items_purchased":["Steam","Ball Lightning","White Noise","Ancient Tea Set"],"campfire_rested":0,"item_purchase_floors":[2,2,11,11],"current_hp_per_floor":[54,54,43,42,36,36,35,35,35,25,25,14,6,0],"gold":65,"neow_bonus":"THREE_RARE_CARDS","is_prod":false,"is_daily":false,"chose_seed":false,"campfire_upgraded":1,"win_rate":0,"timestamp":1548956631,"path_taken":["M","$","?","M","M","R","E","?","T","M","$","M","?","E"],"build_version":"2019-01-23","purchased_purges":0,"victory":false,"max_hp_per_floor":[75,75,75,75,75,75,75,75,75,75,75,75,75,75],"card_choices":[{"not_picked":["Buffer","Machine Learning"],"picked":"Echo Form","floor":0},{"not_picked":["Hologram","Steam"],"picked":"Defragment","floor":1},{"not_picked":["Fusion","Doom and Gloom"],"picked":"Sunder","floor":4},{"not_picked":["Sweeping Beam","Storm"],"picked":"Cold Snap","floor":5},{"not_picked":["Stack","Sweeping Beam"],"picked":"Loop","floor":7},{"not_picked":["Redo","Stack","Sweeping Beam"],"picked":"SKIP","floor":10},{"not_picked":["Leap","Recycle"],"picked":"Electrodynamics","floor":12},{"not_picked":["Hologram","Streamline"],"picked":"Go for the Eyes","floor":13}],"player_experience":415312,"relics_obtained":[{"floor":7,"key":"Orichalcum"},{"floor":9,"key":"Dream Catcher"}],"event_choices":[{"damage_healed":0,"gold_gain":75,"player_choice":"Gather Gold","damage_taken":11,"max_hp_gain":0,"max_hp_loss":0,"event_name":"World of Goop","floor":3,"gold_loss":0},{"damage_healed":0,"gold_gain":0,"player_choice":"Ignored","damage_taken":0,"max_hp_gain":0,"max_hp_loss":0,"event_name":"NoteForYourself","floor":8,"gold_loss":0}],"is_beta":true,"boss_relics":[],"items_purged_floors":[],"is_endless":false,"potions_floor_spawned":[4,5,7,10],"killed_by":"Gremlin Nob","ascension_level":0}