{"path_per_floor":["M","M","?","?","?","R","M","R","T","M","M","R","M","E","R","B",null,"M","?","?","$","T","E","$","M","T","R","M","M","M"],"character_chosen":"DEFECT","items_purchased":["Echo Form"],"gold_per_floor":[110,127,127,77,77,77,87,87,87,107,125,125,141,176,176,272,272,292,392,491,441,441,471,280,293,320,320,340,354,367,367],"floor_reached":31,"campfire_rested":0,"playtime":1630,"item_purchase_floors":[24],"current_hp_per_floor":[75,74,74,74,67,67,65,65,65,64,64,64,64,58,58,29,75,62,62,62,62,62,35,35,35,35,35,27,7,7,0],"items_purged":["Strike_B","Strike_B"],"gold":367,"score":283,"play_id":"5825d081-75e7-4d07-a095-51da862aaef8","local_time":"20180613214818","is_prod":false,"is_daily":false,"chose_seed":false,"is_ascension_mode":true,"campfire_upgraded":5,"win_rate":0,"timestamp":1528919298,"campfire_choices":[{"data":"Zap","floor":6,"key":"SMITH"},{"data":"Genetic Algorithm","floor":8,"key":"SMITH"},{"data":"Dualcast","floor":12,"key":"SMITH"},{"data":"Defragment","floor":15,"key":"SMITH"},{"data":"Defragment","floor":27,"key":"SMITH"}],"path_taken":["M","?","?","?","?","R","M","R","T","M","?","R","M","E","R","BOSS","M","?","?","$","?","E","$","?","T","R","?","M","M","M"],"build_version":"2018-06-13","seed_source_timestamp":11191998714302,"purchased_purges":2,"victory":false,"master_deck":["Strike_B","Defend_B","Defend_B","Defend_B","Zap+1","Dualcast+1","Defragment+1","BootSequence","Genetic Algorithm+1","FTL","Ball Lightning","Defragment+1","Rainbow","Conserve Battery","Echo Form","Ball Lightning","Capacitor+1","Heatsinks+1"],"max_hp_per_floor":[75,75,75,75,75,75,75,75,75,75,75,75,75,75,75,75,75,75,75,75,75,75,75,75,75,75,75,75,75,77,77],"special_seed":0,"relics":["Cracked Core","Potion Belt","Smiling Mask","Boot","Nuclear Battery","Pantograph","Symbiotic Virus","Singing Bowl"],"card_choices":[{"not_picked":["Stack","Rebound"],"picked":"Defragment","floor":1},{"not_picked":["Turbo","Coolheaded"],"picked":"BootSequence","floor":2},{"not_picked":["Leap","Blizzard"],"picked":"Genetic Algorithm","floor":7},{"not_picked":["Coolheaded","Turbo"],"picked":"FTL","floor":10},{"not_picked":["Gash","Heatsinks"],"picked":"Ball Lightning","floor":11},{"not_picked":["Blizzard","Streamline","Barrage"],"picked":"SKIP","floor":13},{"not_picked":["Gash","Biased Cognition"],"picked":"Defragment","floor":14},{"not_picked":["Seek","All For One"],"picked":"Rainbow","floor":16},{"not_picked":["Sweeping Beam+1","Sunder"],"picked":"Conserve Battery","floor":18},{"not_picked":["Scrape","Heatsinks","Chaos"],"picked":"SKIP","floor":23},{"not_picked":["Steam","Leap"],"picked":"Ball Lightning","floor":25},{"not_picked":["Stack+1","Redo"],"picked":"Capacitor+1","floor":28},{"not_picked":["Genetic Algorithm","Amplify"],"picked":"Heatsinks+1","floor":29},{"not_picked":["Beam Cell","Turbo","Steam"],"picked":"Singing Bowl","floor":30}],"player_experience":182451,"potions_floor_usage":[10,14,14,18,18,18,25,30,30,31,31],"damage_taken":[{"damage":0,"enemies":"Cultist","floor":1,"turns":4},{"damage":1,"enemies":"2 Louse","floor":2,"turns":2},{"damage":2,"enemies":"Jaw Worm","floor":7,"turns":2},{"damage":1,"enemies":"Looter","floor":10,"turns":3},{"damage":0,"enemies":"2 Fungi Beasts","floor":11,"turns":3},{"damage":0,"enemies":"Blue Slaver","floor":13,"turns":2},{"damage":6,"enemies":"Gremlin Nob","floor":14,"turns":3},{"damage":29,"enemies":"The Guardian","floor":16,"turns":7},{"damage":13,"enemies":"2 Thieves","floor":18,"turns":3},{"damage":27,"enemies":"Book of Stabbing","floor":23,"turns":6},{"damage":0,"enemies":"Spheric Guardian","floor":25,"turns":3},{"damage":8,"enemies":"Centurion and Healer","floor":28,"turns":4},{"damage":20,"enemies":"Snecko","floor":29,"turns":4},{"damage":2,"enemies":"3 Cultists","floor":30,"turns":4},{"damage":13,"enemies":"Centurion and Healer","floor":31,"turns":4}],"relics_obtained":[{"floor":9,"key":"Smiling Mask"},{"floor":14,"key":"Boot"},{"floor":22,"key":"Pantograph"},{"floor":23,"key":"Symbiotic Virus"},{"floor":26,"key":"Singing Bowl"}],"event_choices":[{"event_name":"Living Wall","player_choice":"Forget","floor":3,"damage_taken":0},{"event_name":"The Cleric","player_choice":"Card Removal","floor":4,"damage_taken":0},{"event_name":"Scrap Ooze","player_choice":"success","floor":5,"damage_taken":7},{"event_name":"Golden Shrine","player_choice":"Pray","floor":19,"damage_taken":0},{"event_name":"Nest","player_choice":"Stole From Cult","floor":20,"damage_taken":0}],"boss_relics":[{"not_picked":["Runic Pyramid","Calling Bell"],"picked":"Nuclear Battery"}],"items_purged_floors":[21,24],"potions_floor_spawned":[1,7,10,14,23,28,29,30],"seed_played":"6959662092843805648","killed_by":"Centurion and Healer","ascension_level":2,"potions_obtained":[{"floor":1,"key":"Dexterity Potion"},{"floor":7,"key":"Swift Potion"},{"floor":10,"key":"EntropicBrew"},{"floor":14,"key":"FearPotion"},{"floor":23,"key":"SkillPotion"},{"floor":28,"key":"FearPotion"},{"floor":29,"key":"PowerPotion"},{"floor":30,"key":"AttackPotion"}],"is_trial":false}