{"gold_per_floor":[359,17,32,42,53,53,53,90,90,102,102,102,147,147,147,294,344,356,1,1,111,124,124,191,191,191,191,13,13,33,33,33,600,600,862,862,862,1108,1499,1499,1565,2178,2178,2806,2660,1826,4893,4893,4893,8463],"floor_reached":51,"playtime":2831,"items_purged":["theDuelist:SevenColoredFish","Writhe"],"score":792,"play_id":"a430edd4-81ec-41ad-af62-65934ddb74fc","local_time":"20190311082202","is_ascension_mode":false,"campfire_choices":[{"data":"theDuelist:BabyDragon","floor":6,"key":"SMITH"},{"data":"theDuelist:TimeWizard","floor":15,"key":"SMITH"},{"data":"theDuelist:DragonMaster","floor":23,"key":"SMITH"},{"data":"theDuelist:PotGreed","floor":29,"key":"SMITH"},{"data":"theDuelist:GiantTrunade","floor":32,"key":"SMITH"},{"data":"theDuelist:RedMedicine","floor":40,"key":"SMITH"},{"floor":49,"key":"REST"}],"neow_cost":"CURSE","seed_source_timestamp":639288134644842,"circlet_count":0,"master_deck":["theDuelist:CastleWalls+1","theDuelist:CastleWalls","theDuelist:ScrapFactory+1","theDuelist:CurseDragon","theDuelist:RedMedicine+1","theDuelist:BabyDragon+1","theDuelist:CyberDragon","theDuelist:GaiaDragonChamp","theDuelist:SuperancientDinobeast","theDuelist:SmallLabyrinthWall","theDuelist:TimeWizard+1","theDuelist:DragonMaster+1","theDuelist:SnowDragon","theDuelist:GiantTrunade+1","theDuelist:BabyDragon+1","theDuelist:BlizzardDragon","theDuelist:WhiteHornDragon","theDuelist:PotGreed+1","theDuelist:BlizzardDragon","theDuelist:Pumpking+1","theDuelist:PreventRat+1","theDuelist:Polymerization+1","theDuelist:Wiretap+1","theDuelist:Wiretap+1","theDuelist:OjamaGreen+1","Dark Shackles","theDuelist:MachineFactory+1","theDuelist:Polymerization+1"],"relics":["theDuelist:MillenniumPuzzle","Question Card","theDuelist:MillenniumCoin","Ornamental Fan","Singing Bowl","Darkstone Periapt","Tiny House","Juzu Bracelet","Thread and Needle","Bottled Flame","War Paint","Gremlin Horn","Shuriken","Astrolabe","Peace Pipe","Bottled Lightning","Mercury Hourglass","Bird Faced Urn","Regal Pillow","OrangePellets"],"potions_floor_usage":[2,13,18,21,21,24,33,36,39,47],"damage_taken":[{"damage":6,"enemies":"2 Louse","floor":1,"turns":3},{"damage":2,"enemies":"Cultist","floor":3,"turns":2},{"damage":0,"enemies":"Jaw Worm","floor":4,"turns":2},{"damage":4,"enemies":"2 Fungi Beasts","floor":5,"turns":4},{"damage":20,"enemies":"Gremlin Gang","floor":8,"turns":6},{"damage":2,"enemies":"Blue Slaver","floor":10,"turns":3},{"damage":10,"enemies":"3 Sentries","floor":13,"turns":8},{"damage":16,"enemies":"The Guardian","floor":16,"turns":8},{"damage":17,"enemies":"Spheric Guardian","floor":18,"turns":5},{"damage":0,"enemies":"Colosseum Slavers","floor":21,"turns":1},{"damage":0,"enemies":"Colosseum Nobs","floor":21,"turns":3},{"damage":0,"enemies":"Chosen","floor":22,"turns":3},{"damage":30,"enemies":"Gremlin Leader","floor":24,"turns":4},{"damage":0,"enemies":"Snake Plant","floor":30,"turns":1},{"damage":37,"enemies":"Automaton","floor":33,"turns":9},{"damage":0,"enemies":"Orb Walker","floor":35,"turns":3},{"damage":0,"enemies":"3 Darklings","floor":36,"turns":2},{"damage":22,"enemies":"Maw","floor":38,"turns":7},{"damage":41,"enemies":"2 Orb Walkers","floor":39,"turns":5},{"damage":0,"enemies":"Transient","floor":41,"turns":5},{"damage":29,"enemies":"Writhing Mass","floor":42,"turns":6},{"damage":8,"enemies":"Maw","floor":44,"turns":5},{"damage":2,"enemies":"Transient","floor":47,"turns":5},{"damage":26,"enemies":"Time Eater","floor":50,"turns":7}],"seed_played":"-8522766328158744302","potions_obtained":[{"floor":4,"key":"SmokeBomb"},{"floor":8,"key":"theDuelist:MillenniumElixir"},{"floor":16,"key":"FearPotion"},{"floor":17,"key":"SneckoOil"},{"floor":18,"key":"Swift Potion"},{"floor":24,"key":"SmokeBomb"},{"floor":30,"key":"Explosive Potion"},{"floor":38,"key":"Swift Potion"},{"floor":44,"key":"SpeedPotion"},{"floor":47,"key":"Swift Potion"}],"is_trial":false,"path_per_floor":["M","$","M","M","M","R","?","M","T","M","?","T","E","?","R","B",null,"M","$","?","?","M","R","E","?","T","?","$","R","M","?","R","B",null,"M","M","?","M","?","R","M","M","T","M","?","$","M","?","R","B",null],"character_chosen":"THE_DUELIST","items_purchased":["Question Card","Fruit Juice","Juzu Bracelet","theDuelist:SnowDragon","theDuelist:GiantTrunade","theDuelist:PotGreed","Bird Faced Urn","Regal Pillow","OrangePellets","Poison Potion","Swift Potion","Dark Shackles"],"campfire_rested":1,"item_purchase_floors":[2,2,19,19,19,28,46,46,46,46,46,46],"current_hp_per_floor":[74,79,77,77,83,83,83,73,73,71,64,64,59,59,59,48,92,82,82,82,87,92,92,79,85,85,85,85,85,85,85,85,72,104,104,104,104,84,58,58,65,43,43,35,35,35,40,40,88,69],"gold":8463,"neow_bonus":"TWO_FIFTY_GOLD","is_prod":false,"is_daily":false,"chose_seed":false,"campfire_upgraded":6,"win_rate":0.0,"timestamp":1552310522,"path_taken":["M","$","M","M","M","R","?","M","T","?","?","?","E","?","R","BOSS","M","$","?","?","M","R","E","?","T","?","$","R","M","?","R","BOSS","M","M","?","M","?","R","M","M","T","M","?","$","M","?","R","BOSS"],"build_version":"2019-02-06","purchased_purges":2,"victory":true,"max_hp_per_floor":[80,85,85,85,85,85,85,85,85,85,85,85,85,85,85,85,92,94,94,94,94,94,94,96,102,102,102,102,102,102,102,102,104,104,104,104,104,106,106,106,108,110,110,110,110,110,110,110,110,110],"card_choices":[{"not_picked":["theDuelist:JerryBeansMan","theDuelist:ManEaterBug"],"picked":"theDuelist:CurseDragon","floor":1},{"not_picked":["theDuelist:SpiritHarp","theDuelist:TrapHole","theDuelist:FiendMegacyber"],"picked":"theDuelist:RedMedicine","floor":3},{"not_picked":["theDuelist:DarkFactory","theDuelist:BetaMagnet","theDuelist:SpiritHarp"],"picked":"theDuelist:BabyDragon","floor":4},{"not_picked":["theDuelist:Pumprincess","theDuelist:LabyrinthWall","theDuelist:TrapHole"],"picked":"theDuelist:CyberDragon","floor":5},{"not_picked":["theDuelist:SwordsBurning","theDuelist:DarkMagician","theDuelist:ShardGreed"],"picked":"theDuelist:SuperancientDinobeast","floor":8},{"not_picked":["theDuelist:SuperheavyOgre","theDuelist:PredaplantDrosophyllum","theDuelist:FiendMegacyber"],"picked":"theDuelist:SmallLabyrinthWall","floor":10},{"not_picked":["theDuelist:Fissure","theDuelist:SuperheavyMagnet","theDuelist:SmallLabyrinthWall"],"picked":"theDuelist:TimeWizard","floor":13},{"not_picked":["theDuelist:PredaplantSarraceniant","theDuelist:WhiteNightDragon","theDuelist:TrihornedDragon"],"picked":"theDuelist:DragonMaster","floor":16},{"not_picked":["theDuelist:AxeDespair","theDuelist:DarkMagicianGirl","theDuelist:HarpieFeather","theDuelist:ExodiaLA"],"picked":"Singing Bowl","floor":17},{"not_picked":["theDuelist:GeminiElf+1","theDuelist:BusterBlader+1","theDuelist:StimPack","theDuelist:Grasschopper"],"picked":"Singing Bowl","floor":18},{"not_picked":["theDuelist:Grasschopper","theDuelist:SuperheavyBenkei","theDuelist:TokenVacuum"],"picked":"theDuelist:BlizzardDragon","floor":21},{"not_picked":["theDuelist:LesserDragon","theDuelist:DarkHole+1","theDuelist:Predaponics+1"],"picked":"theDuelist:WhiteHornDragon","floor":22},{"not_picked":["theDuelist:PredaplantChlamydosundew+1","theDuelist:HarpieFeather+1","theDuelist:ImperialOrder","theDuelist:PredaplantSpinodionaea"],"picked":"Singing Bowl","floor":24},{"not_picked":["theDuelist:Pumprincess+1","theDuelist:CyberDragon","theDuelist:SuperheavyBlueBrawler"],"picked":"theDuelist:BlizzardDragon","floor":30},{"not_picked":["theDuelist:TrapHole","theDuelist:OceanDragonLord","theDuelist:SteamTrainKing","theDuelist:SuperheavyGeneral"],"picked":"Singing Bowl","floor":33},{"not_picked":["theDuelist:TokenVacuum+1","theDuelist:ArmoredZombie","theDuelist:SuperancientDinobeast"],"picked":"theDuelist:Wiretap+1","floor":35},{"not_picked":["theDuelist:RedEyes+1","theDuelist:KingYami","theDuelist:SuperheavyFlutist","theDuelist:FiendMegacyber+1"],"picked":"Singing Bowl","floor":38},{"not_picked":["theDuelist:SwordsConcealing","theDuelist:SuperheavyWaraji","theDuelist:ExodiaRA"],"picked":"theDuelist:Wiretap+1","floor":39},{"not_picked":["theDuelist:PredaplantSpinodionaea","theDuelist:ExodiaRL+1","theDuelist:SuperheavySwordsman+1","theDuelist:MysticalElf"],"picked":"Singing Bowl","floor":41},{"not_picked":["theDuelist:PetitMoth","theDuelist:BigFire+1","theDuelist:LeviaDragon","theDuelist:PotDichotomy"],"picked":"Singing Bowl","floor":42},{"not_picked":["theDuelist:ChangeHeart","theDuelist:PetitMoth","theDuelist:Grasschopper+1"],"picked":"theDuelist:OjamaGreen+1","floor":44},{"not_picked":["theDuelist:CyberDragon","theDuelist:BSkullDragon","theDuelist:RevivalJam"],"picked":"theDuelist:MachineFactory+1","floor":47}],"player_experience":519620,"relics_obtained":[{"floor":9,"key":"theDuelist:MillenniumCoin"},{"floor":12,"key":"Singing Bowl"},{"floor":13,"key":"Darkstone Periapt"},{"floor":21,"key":"Thread and Needle"},{"floor":21,"key":"Bottled Flame"},{"floor":24,"key":"War Paint"},{"floor":26,"key":"Shuriken"},{"floor":39,"key":"Peace Pipe"},{"floor":43,"key":"Bottled Lightning"}],"event_choices":[{"damage_healed":0,"gold_gain":0,"cards_transformed":["theDuelist:SevenColoredFish"],"player_choice":"Transformed","damage_taken":0,"max_hp_gain":0,"max_hp_loss":0,"event_name":"Transmorgrifier","floor":7,"gold_loss":0,"cards_obtained":["theDuelist:GaiaDragonChamp"]},{"damage_healed":0,"gold_gain":0,"player_choice":"Success","damage_taken":7,"relics_obtained":["Ornamental Fan"],"max_hp_gain":0,"max_hp_loss":0,"event_name":"Scrap Ooze","floor":11,"gold_loss":0},{"cards_removed":["Regret"],"damage_healed":0,"gold_gain":0,"player_choice":"Purged","damage_taken":0,"max_hp_gain":0,"max_hp_loss":0,"event_name":"Purifier","floor":14,"gold_loss":0},{"damage_healed":0,"gold_gain":0,"cards_transformed":["theDuelist:Ookazi","theDuelist:Ookazi"],"player_choice":"Became Test Subject","damage_taken":0,"max_hp_gain":0,"max_hp_loss":0,"event_name":"Drug Dealer","floor":20,"gold_loss":0,"cards_obtained":["theDuelist:Lajinn","theDuelist:BabyDragon"]},{"damage_healed":0,"gold_gain":0,"player_choice":"Fight","damage_taken":0,"max_hp_gain":0,"max_hp_loss":0,"event_name":"Colosseum","floor":21,"gold_loss":0},{"damage_healed":0,"gold_gain":0,"player_choice":"Fought Nobs","damage_taken":0,"max_hp_gain":0,"max_hp_loss":0,"event_name":"Colosseum","floor":21,"gold_loss":0},{"damage_healed":0,"gold_gain":0,"player_choice":"Opened","damage_taken":0,"relics_obtained":["Gremlin Horn"],"max_hp_gain":0,"max_hp_loss":0,"event_name":"The Mausoleum","floor":25,"gold_loss":0,"cards_obtained":["Writhe"]},{"damage_healed":0,"gold_gain":0,"player_choice":"Ignored","damage_taken":0,"max_hp_gain":0,"max_hp_loss":0,"event_name":"Vampires","floor":27,"gold_loss":0},{"cards_removed":["theDuelist:SummonedSkull"],"damage_healed":0,"gold_gain":0,"player_choice":"Elegance","damage_taken":0,"max_hp_gain":0,"max_hp_loss":0,"event_name":"Back to Basics","floor":31,"gold_loss":0},{"damage_healed":0,"gold_gain":0,"player_choice":"Ignored","damage_taken":0,"max_hp_gain":0,"max_hp_loss":0,"event_name":"Tomb of Lord Red Mask","floor":37,"gold_loss":0},{"damage_healed":0,"gold_gain":0,"player_choice":"Fight","damage_taken":0,"max_hp_gain":0,"max_hp_loss":0,"event_name":"Mysterious Sphere","floor":39,"gold_loss":0},{"damage_healed":0,"gold_gain":0,"player_choice":"Paid Gold","damage_taken":0,"relics_obtained":["Mercury Hourglass"],"max_hp_gain":0,"max_hp_loss":0,"event_name":"WeMeetAgain","floor":45,"gold_loss":146},{"damage_healed":0,"gold_gain":0,"player_choice":"Copied","damage_taken":0,"max_hp_gain":0,"max_hp_loss":0,"event_name":"Duplicator","floor":48,"gold_loss":0,"cards_obtained":["theDuelist:Polymerization"]}],"is_beta":true,"boss_relics":[{"not_picked":["Black Star","Runic Pyramid"],"picked":"Tiny House"},{"not_picked":["Busted Crown","Velvet Choker"],"picked":"Astrolabe"}],"items_purged_floors":[19,28],"is_endless":false,"potions_floor_spawned":[4,8,16,18,24,30,36,38,44,47],"ascension_level":0}