{"path_per_floor":["M","?","M","M","?","E","R","M","T","M","R","?","M","?","R","B",null,"M","M","$","M","M","R","M","R","T","R","?","?","M","M","R","B",null,"M","M","?","M","M","E","R","M","T","R","M","M","E","$","R","B"],"character_chosen":"THE_SILENT","items_purchased":["Girya","Backflip","Thread and Needle"],"gold_per_floor":[15,15,27,38,38,66,66,81,163,178,178,233,243,299,299,396,396,408,424,65,84,101,101,117,117,117,117,117,143,160,175,175,275,275,291,309,309,328,342,369,369,379,379,379,399,412,440,139,139,139],"floor_reached":51,"campfire_rested":2,"playtime":6807,"current_hp_per_floor":[69,70,68,68,68,11,11,23,23,23,23,11,11,11,32,9,70,70,65,65,54,34,34,29,29,29,29,29,29,29,36,36,15,70,70,68,68,62,44,22,22,32,32,32,32,39,1,1,22,8],"items_purged":[],"gold":139,"play_id":"cc22d5ef-d4a0-433a-a6e8-af2c52ff9e26","is_prod":false,"is_daily":false,"is_ascension_mode":false,"campfire_upgraded":3,"path_taken":["M","?","M","M","?","E","R","M","T","M","R","?","M","?","R","BOSS","M","M","$","?","M","R","M","R","T","R","?","?","M","M","R","BOSS","M","M","?","M","M","E","R","M","T","R","M","M","E","$","R","BOSS"],"build_version":"2018-01-30-BETA2","purchased_purges":2,"victory":true,"master_deck":["Defend_G","Defend_G","Defend_G","Strike_G","Strike_G","Strike_G","Survivor","Neutralize+1","After Image","Prepared","Blur+1","Backstab","Dagger Spray","Sucker Punch","Dodge and Roll","Calculated Gamble+1","Tactician","Skewer+1","Backflip","Poisoned Stab","Infinite Blades","Infinite Blades+1","Blur+1","Burst","Prepared+1","Blade Dance+1","Malaise","Underhanded Strike","Blur+1"],"max_hp_per_floor":[70,70,70,70,70,70,70,70,70,70,70,70,70,70,70,70,70,70,70,70,70,70,70,70,70,70,70,70,70,70,70,70,70,70,70,70,70,70,70,70,70,70,70,70,70,70,70,70,70,70],"relics":["Ring of the Snake","Centennial Puzzle","Ninja Scroll","Bottled Tornado","White Beast Statue","Girya","Ginger","Red Mask","Black Star","Peace Pipe","Shovel","Unceasing Top","Anchor","Snake Skull","Tough Bandages","Mercury Hourglass","Thread and Needle"],"card_choices":[{"not_picked":["Crippling Poison","Footwork"],"picked":"Prepared"},{"not_picked":["Night Terror","Dagger Throw"],"picked":"Blur"},{"not_picked":["Flying Knee","Endless Agony"],"picked":"Backstab"},{"not_picked":["Blade Dance","Slice"],"picked":"Dagger Spray"},{"not_picked":["PiercingWail","Outmaneuver"],"picked":"Sucker Punch"},{"not_picked":["Bane","Flying Knee"],"picked":"Dodge and Roll"},{"not_picked":["Poisoned Stab","Sucker Punch"],"picked":"Calculated Gamble"},{"not_picked":["Envenom","Corpse Explosion"],"picked":"Tactician"},{"not_picked":["Finisher","Dagger Spray"],"picked":"Skewer"},{"not_picked":["Bane","Sucker Punch"],"picked":"Poisoned Stab"},{"not_picked":["Dagger Spray","Flying Knee"],"picked":"Infinite Blades"},{"not_picked":["Bane","Sucker Punch"],"picked":"Infinite Blades"},{"not_picked":["Die Die Die","A Thousand Cuts"],"picked":"Burst"},{"not_picked":["Outmaneuver","Catalyst"],"picked":"Prepared"},{"not_picked":["Deadly Poison","Dagger Throw"],"picked":"Blade Dance"},{"not_picked":["Acrobatics","Bullet Time"],"picked":"Malaise"},{"not_picked":["Prepared","Bouncing Flask"],"picked":"Underhanded Strike"},{"not_picked":["Predator","Masterful Stab"],"picked":"Blur"}],"player_experience":34526,"potions_floor_usage":[6,8,13,16,21,21,24,29,29,31,33,33,36,38,39,40,40,42,45,46,47,50],"damage_taken":[{"damage":1,"enemies":"Cultist","floor":1,"turns":4},{"damage":2,"enemies":"Jaw Worm","floor":3,"turns":7},{"damage":0,"enemies":"Blue Slaver","floor":4,"turns":6},{"damage":57,"enemies":"Gremlin Nob","floor":6,"turns":7},{"damage":0,"enemies":"Looter","floor":8,"turns":5},{"damage":0,"enemies":"Large Slime","floor":10,"turns":5},{"damage":12,"enemies":"Gremlin Nob","floor":12,"turns":5},{"damage":0,"enemies":"Exordium Thugs","floor":13,"turns":4},{"damage":23,"enemies":"The Guardian","floor":16,"turns":21},{"damage":0,"enemies":"Shell Parasite","floor":18,"turns":8},{"damage":5,"enemies":"Spheric Guardian","floor":19,"turns":9},{"damage":11,"enemies":"Cultist and Chosen","floor":21,"turns":7},{"damage":20,"enemies":"Snake Plant","floor":22,"turns":5},{"damage":5,"enemies":"Snecko","floor":24,"turns":6},{"damage":0,"enemies":"Masked Bandits","floor":29,"turns":3},{"damage":0,"enemies":"Centurion and Healer","floor":30,"turns":5},{"damage":8,"enemies":"Snake Plant","floor":31,"turns":6},{"damage":21,"enemies":"Champ","floor":33,"turns":9},{"damage":0,"enemies":"Orb Walker","floor":35,"turns":4},{"damage":2,"enemies":"3 Shapes","floor":36,"turns":6},{"damage":6,"enemies":"3 Darklings","floor":38,"turns":5},{"damage":31,"enemies":"Spire Growth","floor":39,"turns":6},{"damage":22,"enemies":"2 Orb Walkers","floor":40,"turns":4},{"damage":5,"enemies":"4 Shapes","floor":42,"turns":6},{"damage":0,"enemies":"Sphere and 2 Shapes","floor":45,"turns":4},{"damage":2,"enemies":"3 Darklings","floor":46,"turns":4},{"damage":38,"enemies":"Giant Head","floor":47,"turns":12},{"damage":14,"enemies":"Awakened One","floor":50,"turns":24}],"event_choices":[{"event_name":"Bonfire Elementals","player_choice":"UNCOMMON","floor":2,"damage_taken":0},{"event_name":"Purifier","player_choice":"One Purge","floor":5,"damage_taken":0},{"event_name":"Dead Adventurer","player_choice":"Searched \u00271\u0027 times","floor":12,"damage_taken":0},{"event_name":"Golden Wing","player_choice":"Gained Gold","floor":14,"damage_taken":0},{"event_name":"Duplicator","player_choice":"One dupe","floor":28,"damage_taken":0},{"event_name":"Masked Bandits","player_choice":"Fought over 117 gold","floor":29,"damage_taken":0},{"event_name":"Purifier","player_choice":"One Purge","floor":37,"damage_taken":0}],"boss_relics":[{"not_picked":["Runic Pyramid","Velvet Choker"],"picked":"White Beast Statue"},{"not_picked":["Lizard Tail","Calling Bell"],"picked":"Black Star"}],"potions_floor_spawned":[3,6,12,13,18,19,21,22,24,29,30,31,33,35,36,38,39,40,42,45,46,47],"seed_played":"7151545262486058683","ascension_level":0,"is_trial":false}