{"gold_per_floor":[214,69,84,84,104,104,104,116,116,66,66,85,104,129,129,129],"floor_reached":16,"playtime":667,"items_purged":["Strike_B"],"score":102,"play_id":"11a070fa-7090-4df0-92de-53f0a1b4b0ea","local_time":"20190315112806","is_ascension_mode":false,"campfire_choices":[{"data":"Dualcast","floor":6,"key":"SMITH"},{"data":"Defragment","floor":11,"key":"SMITH"},{"data":"Streamline","floor":15,"key":"SMITH"}],"neow_cost":"NONE","seed_source_timestamp":84735957955292,"circlet_count":0,"master_deck":["Strike_B","Strike_B","Defend_B","Defend_B","Defend_B","Defend_B","Zap+1","Dualcast+1","Leap","Defragment+1","Streamline+1","Conserve Battery","White Noise"],"relics":["Cracked Core","Calipers","Mango"],"potions_floor_usage":[13,14],"damage_taken":[{"damage":6,"enemies":"Jaw Worm","floor":1,"turns":3},{"damage":3,"enemies":"Small Slimes","floor":3,"turns":3},{"damage":1,"enemies":"2 Louse","floor":5,"turns":2},{"damage":0,"enemies":"Blue Slaver","floor":8,"turns":3},{"damage":1,"enemies":"Exordium Thugs","floor":12,"turns":4},{"damage":0,"enemies":"Gremlin Gang","floor":13,"turns":3},{"damage":23,"enemies":"Gremlin Nob","floor":14,"turns":4},{"damage":57,"enemies":"Hexaghost","floor":16,"turns":10}],"seed_played":"-8276794004383161507","potions_obtained":[{"floor":1,"key":"SteroidPotion"},{"floor":3,"key":"AttackPotion"}],"is_trial":false,"path_per_floor":["M","$","M","?","M","R","?","M","T","?","R","M","M","E","R","B"],"character_chosen":"DEFECT","items_purchased":["Defragment"],"campfire_rested":0,"item_purchase_floors":[2],"current_hp_per_floor":[69,69,66,66,65,65,65,65,65,65,65,64,64,55,55,0],"gold":129,"neow_bonus":"HUNDRED_GOLD","is_prod":false,"is_daily":false,"chose_seed":false,"campfire_upgraded":3,"win_rate":0,"timestamp":1552616886,"path_taken":["M","$","M","?","M","R","?","M","T","?","R","M","M","E","R","BOSS"],"build_version":"2019-01-23","purchased_purges":1,"victory":false,"max_hp_per_floor":[75,75,75,75,75,75,75,75,75,75,75,75,75,89,89,89],"card_choices":[{"not_picked":["Turbo","Recycle"],"picked":"Leap","floor":1},{"not_picked":["Static Discharge","Stack"],"picked":"Streamline","floor":3},{"not_picked":["Streamline","Sunder"],"picked":"Conserve Battery","floor":5},{"not_picked":["Rebound","Beam Cell","Barrage"],"picked":"SKIP","floor":8},{"not_picked":["Stack","Conserve Battery","Streamline"],"picked":"SKIP","floor":12},{"not_picked":["Stack","Turbo","Melter"],"picked":"SKIP","floor":13},{"not_picked":["Undo","Fission"],"picked":"White Noise","floor":14}],"player_experience":267222,"relics_obtained":[{"floor":9,"key":"Calipers"},{"floor":14,"key":"Mango"}],"event_choices":[{"damage_healed":0,"gold_gain":0,"player_choice":"Grow","damage_taken":0,"max_hp_gain":0,"max_hp_loss":0,"event_name":"Living Wall","floor":4,"gold_loss":0,"cards_upgraded":["Zap"]},{"damage_healed":0,"gold_gain":0,"player_choice":"Searched \u00270\u0027 times","damage_taken":0,"max_hp_gain":0,"max_hp_loss":0,"event_name":"Dead Adventurer","floor":7,"gold_loss":0},{"cards_removed":["Strike_B"],"damage_healed":0,"gold_gain":0,"player_choice":"Card Removal","damage_taken":0,"max_hp_gain":0,"max_hp_loss":0,"event_name":"The Cleric","floor":10,"gold_loss":50}],"is_beta":false,"boss_relics":[],"items_purged_floors":[2],"is_endless":false,"potions_floor_spawned":[1,3],"killed_by":"Hexaghost","ascension_level":0}