{"gold_per_floor":[119,135,60,79,79,79,105,119,119,144,162,192,263,263,263,361,361,378,396,396,396,410,441,456,456,456,468,175,175,175,190,190,289,289,300,318,193,210,258,258,108,141,141,141,91,91,106,106,106,106],"floor_reached":51,"playtime":2594,"items_purged":["Strike_R","Doubt","Wild Strike","Fiend Fire","Strike_R+1"],"score":730,"play_id":"ecc5d9de-b117-4c06-a260-769c0bd87333","local_time":"20190212195528","is_ascension_mode":false,"campfire_choices":[{"data":"Whirlwind","floor":6.0,"key":"SMITH"},{"floor":15,"key":"REST"},{"data":"Entrench","floor":29,"key":"SMITH"},{"data":"Entrench","floor":32,"key":"SMITH"},{"floor":40,"key":"REST"},{"floor":44,"key":"REST"},{"data":"Bash","floor":46,"key":"SMITH"},{"floor":49,"key":"REST"}],"neow_cost":"NONE","seed_source_timestamp":439527936384262,"circlet_count":0,"master_deck":["Strike_R+1","Strike_R+1","Strike_R+1","Defend_R+1","Defend_R+1","Defend_R+1","Defend_R+1","Bash+1","Clothesline","Whirlwind+1","Ghostly Armor+1","Metallicize","Spot Weakness+1","Reaper","Entrench+1","Flame Barrier+1","Rage+1","Entrench+1","RitualDagger","Quick Slash+1","Body Slam+1"],"special_seed":0,"relics":["Burning Blood","Ice Cream","Gremlin Horn","Ornamental Fan","Tiny Chest","Cursed Key","War Paint","Ancient Tea Set","PrismaticShard","Velvet Choker","CatCart","Smiling Mask"],"potions_floor_usage":[23,50,50],"damage_taken":[{"damage":0.0,"enemies":"Small Slimes","floor":1.0,"turns":3.0},{"damage":0.0,"enemies":"2 Louse","floor":2.0,"turns":3.0},{"damage":1.0,"enemies":"Jaw Worm","floor":4.0,"turns":3.0},{"damage":26.0,"enemies":"Lagavulin","floor":7.0,"turns":7.0},{"damage":7.0,"enemies":"Exordium Thugs","floor":8.0,"turns":6.0},{"damage":36,"enemies":"Gremlin Nob","floor":10,"turns":6},{"damage":0,"enemies":"Large Slime","floor":11,"turns":4},{"damage":29,"enemies":"The Guardian","floor":16,"turns":14},{"damage":8,"enemies":"Shell Parasite","floor":18,"turns":7},{"damage":2,"enemies":"3 Byrds","floor":19,"turns":3},{"damage":20,"enemies":"Sentry and Sphere","floor":22,"turns":9},{"damage":7,"enemies":"Gremlin Leader","floor":23,"turns":6},{"damage":0,"enemies":"3 Cultists","floor":24,"turns":4},{"damage":20,"enemies":"Snake Plant","floor":27,"turns":4},{"damage":4,"enemies":"Centurion and Healer","floor":31,"turns":6},{"damage":22,"enemies":"Collector","floor":33,"turns":10},{"damage":21,"enemies":"3 Shapes","floor":35,"turns":10},{"damage":0,"enemies":"3 Darklings","floor":36,"turns":2},{"damage":21,"enemies":"Spire Growth","floor":38,"turns":4},{"damage":40,"enemies":"Orin","floor":39,"turns":9},{"damage":47,"enemies":"Nemesis","floor":42,"turns":11},{"damage":48,"enemies":"Writhing Mass","floor":47,"turns":4},{"damage":13,"enemies":"Awakened One","floor":50,"turns":13}],"seed_played":"-2472108838015939529","potions_obtained":[{"floor":4.0,"key":"SteroidPotion"},{"floor":7.0,"key":"Swift Potion"},{"floor":8.0,"key":"SpeedPotion"},{"floor":16,"key":"Fire Potion"},{"floor":22,"key":"SpeedPotion"},{"floor":27,"key":"PowerPotion"}],"is_trial":false,"path_per_floor":["M","M","$","M","?","R","E","M","T","E","M","?","?","?","R","B",null,"M","M","?","?","M","E","M","T","T","M","$","R","?","M","R","B",null,"M","M","$","M","?","R","$","E","T","R","$","R","M","$","R","B",null],"character_chosen":"IRONCLAD","items_purchased":["PrismaticShard"],"campfire_rested":4,"item_purchase_floors":[28],"current_hp_per_floor":[80,80,80,80,80,80,60,59,59,29,35,17,17,17,41,18,80,80,80,80,80,66,75,80,80,80,78,78,78,72,80,80,64,80,73,79,79,65,35,59,59,26,26,50,50,50,8,8,32,35],"gold":106,"neow_bonus":"ONE_RANDOM_RARE_CARD","is_prod":false,"is_daily":false,"chose_seed":false,"campfire_upgraded":4,"win_rate":0,"timestamp":1549968928,"path_taken":["M","M","$","M","?","R","E","M","T","E","M","?","?","?","R","BOSS","M","M","?","?","M","E","M","?","T","?","$","R","?","M","R","BOSS","M","M","$","M","?","R","?","E","T","R","$","R","M","?","R","BOSS"],"build_version":"2019-01-23","purchased_purges":5,"victory":true,"max_hp_per_floor":[80,80,80,80,80,80,80,80,80,80,80,80,80,80,80,80,80,80,80,80,80,80,80,80,80,80,80,80,80,80,80,80,80,80,80,80,80,80,80,80,80,80,80,80,80,80,80,80,80,80],"card_choices":[{"not_picked":["Perfected Strike","Searing Blow"],"picked":"Clothesline","floor":1.0},{"not_picked":["Sword Boomerang","Clothesline","Sever Soul"],"picked":"SKIP","floor":2.0},{"not_picked":["Pommel Strike","Burning Pact"],"picked":"Whirlwind","floor":4.0},{"not_picked":["Pummel","Hemokinesis"],"picked":"Ghostly Armor","floor":7.0},{"not_picked":["True Grit","Shockwave"],"picked":"Metallicize","floor":8.0},{"not_picked":["Fire Breathing","Intimidate"],"picked":"Wild Strike","floor":10},{"not_picked":["Cleave","Rampage"],"picked":"Spot Weakness","floor":11},{"not_picked":["Berserk","Limit Break"],"picked":"Reaper","floor":16},{"not_picked":["Sword Boomerang","Perfected Strike+1","Rampage"],"picked":"SKIP","floor":18},{"not_picked":["Pommel Strike","Perfected Strike+1"],"picked":"Entrench","floor":19},{"not_picked":["Armaments+1","Shrug It Off"],"picked":"Rage+1","floor":22},{"not_picked":["Sever Soul","Cleave+1","Berserk"],"picked":"SKIP","floor":23},{"not_picked":["Clothesline","Seeing Red+1"],"picked":"Entrench","floor":24},{"not_picked":["Clash","Flex","Wild Strike+1"],"picked":"SKIP","floor":27},{"not_picked":["Caltrops","Havoc","Slimebound:Lick+1"],"picked":"SKIP","floor":31},{"not_picked":["Rebound+1","Slimebound:LeechEnergy"],"picked":"Quick Slash+1","floor":35},{"not_picked":["SuperPerseids+1","Slimebound:RollThrough","Intimidate+1"],"picked":"SKIP","floor":36},{"not_picked":["Leap","Armaments+1"],"picked":"Body Slam+1","floor":38},{"not_picked":["Doppelganger","Force Field+1","Hologram"],"picked":"SKIP","floor":42},{"not_picked":["Slimebound:TendrilStrike+1","Calculated Gamble+1","Expertise"],"picked":"SKIP","floor":47}],"player_experience":215824,"relics_obtained":[{"floor":7.0,"key":"Ice Cream"},{"floor":9.0,"key":"Gremlin Horn"},{"floor":10,"key":"Ornamental Fan"},{"floor":23,"key":"War Paint"},{"floor":25,"key":"Ancient Tea Set"},{"floor":39,"key":"CatCart"},{"floor":42,"key":"Smiling Mask"}],"event_choices":[{"damage_healed":0.0,"max_hp_gain":0.0,"max_hp_loss":0.0,"gold_gain":0.0,"event_name":"Liars Game","player_choice":"Ignored","floor":5.0,"gold_loss":0.0,"damage_taken":0.0},{"damage_healed":0,"gold_gain":0,"player_choice":"Success","damage_taken":18,"relics_obtained":["Tiny Chest"],"max_hp_gain":0,"max_hp_loss":0,"event_name":"Scrap Ooze","floor":12,"gold_loss":0},{"damage_healed":0,"gold_gain":71,"player_choice":"Gained Gold","damage_taken":0,"max_hp_gain":0,"max_hp_loss":0,"event_name":"Golden Wing","floor":13,"gold_loss":0},{"damage_healed":0,"gold_gain":0,"player_choice":"Grow","damage_taken":0,"max_hp_gain":0,"max_hp_loss":0,"event_name":"Living Wall","floor":14,"gold_loss":0,"cards_upgraded":["Ghostly Armor"]},{"damage_healed":0,"gold_gain":0,"player_choice":"Read","damage_taken":0,"max_hp_gain":0,"max_hp_loss":0,"event_name":"The Library","floor":20,"gold_loss":0,"cards_obtained":["Flame Barrier"]},{"damage_healed":0,"gold_gain":0,"player_choice":"Simplicity","damage_taken":0,"max_hp_gain":0,"max_hp_loss":0,"event_name":"Back to Basics","floor":21,"gold_loss":0,"cards_upgraded":["Strike_R","Strike_R","Strike_R","Strike_R","Defend_R","Defend_R","Defend_R","Defend_R"]},{"damage_healed":0,"gold_gain":0,"player_choice":"Joined the Cult","damage_taken":6,"max_hp_gain":0,"max_hp_loss":0,"event_name":"Nest","floor":30,"gold_loss":0,"cards_obtained":["RitualDagger"]},{"damage_healed":0,"gold_gain":0,"player_choice":"Fight","damage_taken":0,"max_hp_gain":0,"max_hp_loss":0,"event_name":"OrinTheCat","floor":39,"gold_loss":0}],"is_beta":false,"boss_relics":[{"not_picked":["Busted Crown","Orrery"],"picked":"Cursed Key"},{"not_picked":["Runic Dome","Black Blood"],"picked":"Velvet Choker"}],"items_purged_floors":[3,28,37,41,45],"is_endless":false,"potions_floor_spawned":[4,7,8,16,22,27,38,39],"ascension_level":0}