{"gold_per_floor":[111,124,124,124,143,143,29,47,47,57,57,57,57,76,76,205,205,220,220,145,5,5,36,36,51,77,112,128,162,162,177,177,177],"floor_reached":33,"playtime":1077,"items_purged":["Strike_B","Defend_B"],"score":295,"play_id":"ce37c473-b6e1-4620-b6c8-4635ba5e2388","local_time":"20190907170039","is_ascension_mode":false,"campfire_choices":[{"data":"Dualcast","floor":6,"key":"SMITH"},{"data":"Double Energy","floor":12,"key":"SMITH"},{"data":"Conserve Battery","floor":15,"key":"SMITH"},{"data":"Defragment","floor":24,"key":"SMITH"},{"data":"Static Discharge","floor":30,"key":"SMITH"},{"data":"Rainbow","floor":32,"key":"SMITH"}],"neow_cost":"NONE","seed_source_timestamp":20797551160100,"circlet_count":0,"master_deck":["Strike_B","Defend_B","Defend_B","Zap+1","Dualcast+1","Double Energy+1","Conserve Battery+1","Go for the Eyes+1","Self Repair","Sunder+1","Genetic Algorithm","FTL+1","Rainbow+1","Ball Lightning+1","Defragment+1","Hologram","Electrodynamics","Leap","Beam Cell+1","Static Discharge+1"],"relics":["Cracked Core","Potion Belt","Molten Egg 2","Mummified Hand","Bloody Idol","Philosopher\u0027s Stone","Lantern","Happy Flower","Darkstone Periapt","Singing Bowl"],"potions_floor_usage":[18,23,23],"damage_taken":[{"damage":6,"enemies":"Jaw Worm","floor":1,"turns":3},{"damage":1,"enemies":"Cultist","floor":2,"turns":4},{"damage":1,"enemies":"Small Slimes","floor":5,"turns":2},{"damage":4,"enemies":"Blue Slaver","floor":8,"turns":3},{"damage":0,"enemies":"2 Fungi Beasts","floor":10,"turns":3},{"damage":0,"enemies":"Exordium Wildlife","floor":14,"turns":3},{"damage":11,"enemies":"Slime Boss","floor":16,"turns":7},{"damage":3,"enemies":"2 Thieves","floor":18,"turns":4},{"damage":21,"enemies":"Slavers","floor":23,"turns":3},{"damage":1,"enemies":"3 Byrds","floor":25,"turns":2},{"damage":35,"enemies":"Gremlin Leader","floor":27,"turns":5},{"damage":4,"enemies":"Centurion and Healer","floor":28,"turns":4},{"damage":37,"enemies":"Slavers","floor":29,"turns":3},{"damage":8,"enemies":"Snecko","floor":31,"turns":3},{"damage":50,"enemies":"Automaton","floor":33,"turns":6}],"seed_played":"6539525198431172131","potions_obtained":[{"floor":1,"key":"FearPotion"},{"floor":8,"key":"AttackPotion"},{"floor":16,"key":"SkillPotion"},{"floor":18,"key":"PowerPotion"},{"floor":28,"key":"FearPotion"}],"is_trial":false,"path_per_floor":["M","M","?","?","M","R","$","M","T","M","?","R","$","M","R","B",null,"M","?","?","$","?","E","R","M","T","E","M","E","R","M","R","B"],"character_chosen":"DEFECT","items_purchased":["Self Repair","Defragment"],"campfire_rested":0,"item_purchase_floors":[7,21],"current_hp_per_floor":[69,68,68,68,67,67,67,70,70,75,57,57,57,64,64,60,75,75,75,75,75,75,66,66,75,75,52,60,35,35,41,41,0],"gold":177,"neow_bonus":"RANDOM_COMMON_RELIC","is_prod":false,"is_daily":false,"chose_seed":false,"campfire_upgraded":6,"win_rate":0,"timestamp":1567843239,"path_taken":["M","M","?","?","?","R","?","M","T","M","?","R","$","M","R","BOSS","M","?","?","?","?","E","R","M","T","E","M","E","R","M","R","BOSS"],"build_version":"2019-07-17","purchased_purges":2,"victory":false,"max_hp_per_floor":[75,75,75,75,75,75,75,75,75,75,75,75,75,75,75,75,75,75,75,75,75,75,75,75,75,75,75,75,75,75,77,77,77],"card_choices":[{"not_picked":["Reinforced Body","Beam Cell"],"picked":"Double Energy","floor":1},{"not_picked":["Rebound","Consume"],"picked":"Conserve Battery","floor":2},{"not_picked":["Sweeping Beam+1","Hologram"],"picked":"Go for the Eyes+1","floor":5},{"not_picked":["Beam Cell+1","Echo Form"],"picked":"Sunder+1","floor":8},{"not_picked":["Rebound+1","Beam Cell+1"],"picked":"Genetic Algorithm","floor":10},{"not_picked":["Rip and Tear+1","Streamline+1"],"picked":"FTL+1","floor":14},{"not_picked":["Amplify","Reboot"],"picked":"Rainbow","floor":16},{"not_picked":["Redo+1","Sunder+1"],"picked":"Ball Lightning+1","floor":18},{"not_picked":["Streamline+1","Cold Snap+1"],"picked":"Leap","floor":23},{"not_picked":["Blizzard+1","Turbo"],"picked":"Beam Cell+1","floor":25},{"not_picked":["Reprogram","Barrage+1","Melter+1"],"picked":"SKIP","floor":27},{"not_picked":["Reprogram","Genetic Algorithm","Gash+1"],"picked":"SKIP","floor":28},{"not_picked":["Gash+1","Rebound+1"],"picked":"Static Discharge","floor":29},{"not_picked":["Redo","Ball Lightning+1","Leap+1"],"picked":"Singing Bowl","floor":31}],"player_experience":344777,"relics_obtained":[{"floor":9,"key":"Mummified Hand"},{"floor":23,"key":"Lantern"},{"floor":26,"key":"Happy Flower"},{"floor":27,"key":"Darkstone Periapt"},{"floor":29,"key":"Singing Bowl"}],"event_choices":[{"damage_healed":0,"gold_gain":0,"player_choice":"Grow","damage_taken":0,"max_hp_gain":0,"max_hp_loss":0,"event_name":"Living Wall","floor":3,"gold_loss":0,"cards_upgraded":["Zap"]},{"damage_healed":0,"gold_gain":0,"player_choice":"Gave Potion","damage_taken":0,"relics_obtained":["Molten Egg 2"],"max_hp_gain":0,"max_hp_loss":0,"event_name":"WeMeetAgain","floor":4,"gold_loss":0},{"damage_healed":0,"gold_gain":0,"player_choice":"Take Damage","damage_taken":18,"relics_obtained":["Golden Idol"],"max_hp_gain":0,"max_hp_loss":0,"event_name":"Golden Idol","floor":11,"gold_loss":0},{"damage_healed":0,"gold_gain":0,"player_choice":"Gave Idol","damage_taken":0,"relics_obtained":["Bloody Idol"],"max_hp_gain":0,"max_hp_loss":0,"event_name":"Forgotten Altar","floor":19,"relics_lost":["Golden Idol"],"gold_loss":0},{"cards_removed":["Strike_B"],"damage_healed":0,"gold_gain":0,"player_choice":"Gave Gold","damage_taken":0,"max_hp_gain":0,"max_hp_loss":0,"event_name":"Beggar","floor":20,"gold_loss":75},{"damage_healed":0,"gold_gain":0,"cards_transformed":["Defend_B","Strike_B"],"player_choice":"Became Test Subject","damage_taken":0,"max_hp_gain":0,"max_hp_loss":0,"event_name":"Drug Dealer","floor":22,"gold_loss":0,"cards_obtained":["Hologram","Electrodynamics"]}],"is_beta":false,"boss_relics":[{"not_picked":["Fusion Hammer","Velvet Choker"],"picked":"Philosopher\u0027s Stone"}],"items_purged_floors":[7,21],"is_endless":false,"potions_floor_spawned":[1,8,16,18,28],"killed_by":"Automaton","ascension_level":0}