{"path_per_floor":["M","M","?","M","?","E","R","?","T","$","T","M","R","M","R","B",null,"M","M","?","M","M","$","R","E","T","T","R","M","R","?","R","B",null,"M","$","M","?","?","M","M","M","T","R","M","?","R","?","R"],"character_chosen":"IRONCLAD","items_purchased":["Offering","Dramatic Entrance","Sever Soul","Energy Potion"],"gold_per_floor":[113,132,207,218,168,194,194,194,194,52,52,72,72,85,85,180,180,191,201,101,113,132,35,35,62,89,136,136,150,150,150,150,245,245,260,136,150,0,0,17,33,49,49,49,69,69,69,122,122],"floor_reached":50,"campfire_rested":8,"playtime":4362,"current_hp_per_floor":[80,80,69,67,67,62,62,37,51,51,51,52,82,75,101,10,101,91,61,61,56,43,43,76,56,56,56,89,71,104,104,104,43,113,94,94,52,52,99,82,38,14,14,44,37,37,68,42,73],"items_purged":[],"gold":122,"score":462,"play_id":"5a6db050-ccc3-4808-b484-2a0f5e353177","local_time":"20180304184307","is_prod":false,"is_daily":false,"is_ascension_mode":false,"campfire_upgraded":2,"timestamp":1520185387,"path_taken":["M","M","?","?","?","E","R","?","T","$","?","M","R","M","R","BOSS","M","M","?","?","?","$","R","E","T","?","R","M","R","?","R","BOSS","M","$","M","?","?","M","M","M","T","R","M","?","R","?","R","BOSS"],"build_version":"2018-03-01-PROD1","purchased_purges":1,"victory":false,"master_deck":["Strike_R","Strike_R","Strike_R","Strike_R+1","Defend_R","Defend_R","Defend_R","Defend_R","Bash","Cleave","Thunderclap+1","Body Slam+1","Twin Strike","Thunderclap","Offering","Shockwave","Metallicize","Feed+1","Fire Breathing+1","Pommel Strike","J.A.X.","Flame Barrier","Dramatic Entrance","Heavy Blade","Flex+1","Clash","Feed","Dropkick","Sever Soul","Headbutt+1","Carnage+1","Clash","Sword Boomerang+1","Flex","Dark Embrace"],"max_hp_per_floor":[80,80,80,80,80,87,87,87,101,101,101,101,101,101,101,101,101,104,104,104,107,110,110,110,110,110,110,110,113,113,113,113,113,113,113,113,113,113,99,103,103,103,103,103,106,106,106,106,106],"relics":["Burning Blood","Strawberry","Darkstone Periapt","Mango","Ice Cream","Mark of Pain","Bronze Scales","Happy Flower","Whetstone","Snecko Eye","Red Mask","Magic Flower","Red Skull"],"card_choices":[{"not_picked":["True Grit","Perfected Strike"],"picked":"Cleave"},{"not_picked":["Sword Boomerang","Seeing Red"],"picked":"Thunderclap"},{"not_picked":["Perfected Strike","Entrench"],"picked":"Body Slam"},{"not_picked":["Warcry","Combust"],"picked":"Twin Strike"},{"not_picked":["Sword Boomerang","Twin Strike"],"picked":"Thunderclap"},{"not_picked":["Body Slam","Warcry"],"picked":"Shockwave"},{"not_picked":["Clothesline","Headbutt"],"picked":"Metallicize"},{"not_picked":["Dark Embrace","Bludgeon"],"picked":"Feed"},{"not_picked":["Combust","True Grit"],"picked":"Fire Breathing"},{"not_picked":["Metallicize","Fire Breathing"],"picked":"Pommel Strike"},{"not_picked":["Body Slam","Perfected Strike"],"picked":"Flex"},{"not_picked":["Body Slam","Pommel Strike"],"picked":"Flame Barrier"},{"not_picked":["Barricade","Battle Trance"],"picked":"Heavy Blade"},{"not_picked":["Sword Boomerang","Twin Strike"],"picked":"Flex"},{"not_picked":["Fiend Fire","Limit Break"],"picked":"Feed"},{"not_picked":["Twin Strike","Iron Wave"],"picked":"Dropkick"},{"not_picked":["Cleave","Body Slam"],"picked":"Headbutt"},{"not_picked":["Pummel","Entrench"],"picked":"Carnage"},{"not_picked":["Disarm","Clothesline"],"picked":"Clash"},{"not_picked":["Hemokinesis","Warcry"],"picked":"Sword Boomerang"},{"not_picked":["Flame Barrier","True Grit"],"picked":"Flex"},{"not_picked":["True Grit","Armaments"],"picked":"Dark Embrace"}],"player_experience":9147,"potions_floor_usage":[12,16,16,29,33,33,45,50,50,50],"damage_taken":[{"damage":5,"enemies":"2 Louse","floor":1,"turns":3},{"damage":6,"enemies":"Jaw Worm","floor":2,"turns":4},{"damage":8,"enemies":"Cultist","floor":4,"turns":5},{"damage":18,"enemies":"3 Sentries","floor":6,"turns":8},{"damage":5,"enemies":"Looter","floor":12,"turns":3},{"damage":13,"enemies":"2 Fungi Beasts","floor":14,"turns":3},{"damage":97,"enemies":"Hexaghost","floor":16,"turns":12},{"damage":19,"enemies":"3 Byrds","floor":18,"turns":7},{"damage":36,"enemies":"Shell Parasite","floor":19,"turns":5},{"damage":14,"enemies":"3 Cultists","floor":21,"turns":4},{"damage":22,"enemies":"Slaver and Parasite","floor":22,"turns":5},{"damage":26,"enemies":"Book of Stabbing","floor":25,"turns":5},{"damage":27,"enemies":"Sentry and Sphere","floor":29,"turns":4},{"damage":67,"enemies":"Automaton","floor":33,"turns":8},{"damage":25,"enemies":"3 Darklings","floor":35,"turns":8},{"damage":48,"enemies":"3 Shapes","floor":37,"turns":5},{"damage":27,"enemies":"Sphere and 2 Shapes","floor":40,"turns":4},{"damage":50,"enemies":"Maw","floor":41,"turns":6},{"damage":30,"enemies":"4 Shapes","floor":42,"turns":3},{"damage":21,"enemies":"Sphere and 2 Shapes","floor":45,"turns":4},{"damage":35,"enemies":"Mysterious Sphere","floor":48,"turns":4},{"damage":79,"enemies":"Awakened One","floor":50,"turns":4}],"event_choices":[{"event_name":"World of Goop","player_choice":"Gather Gold","floor":3,"damage_taken":0},{"event_name":"The Cleric","player_choice":"Card Removal","floor":5,"damage_taken":0},{"event_name":"Scrap Ooze","player_choice":"success","floor":8,"damage_taken":25},{"event_name":"Drug Dealer","player_choice":"Got JAXXED","floor":20,"damage_taken":0},{"event_name":"The Library","player_choice":"Read","floor":31,"damage_taken":0},{"event_name":"Tomb of Lord Red Mask","player_choice":"Paid","floor":38,"damage_taken":0},{"event_name":"The Moai Head","player_choice":"Heal","floor":39,"damage_taken":0},{"event_name":"Mysterious Sphere","player_choice":"Fight","floor":48,"damage_taken":0}],"boss_relics":[{"not_picked":["Runic Dome","Tiny House"],"picked":"Mark of Pain"},{"not_picked":["Black Star","Question Card"],"picked":"Snecko Eye"}],"potions_floor_spawned":[4,6,14,22,25,29,37,41,45],"seed_played":"-3427790907322228545","killed_by":"Awakened One","ascension_level":0,"is_trial":false}