{"gold_per_floor":[114,114,64,17,32,89,104,167,190,35,66,26,61,80,80,184,184,195,195,555,571,571,571],"floor_reached":23,"playtime":1069,"items_purged":[],"score":303,"play_id":"2c60b2e7-6dcc-45c7-a0c5-22de06b5c1af","local_time":"20190201213648","is_ascension_mode":true,"campfire_choices":[{"data":"Loop","floor":15,"key":"SMITH"}],"neow_cost":"NONE","seed_source_timestamp":745263972897076,"circlet_count":0,"master_deck":["Defend_B","Defend_B","Defend_B","Defend_B","Zap","Dualcast","Self Repair","Sweeping Beam","Conserve Battery","Loop+1","Coolheaded","Undo","Conserve Battery","Cold Snap","Leap","Buffer","Glacier+1","Bite","Bite","Bite","Bite","Bite"],"relics":["Cracked Core","NeowsBlessing","Tiny Chest","Whetstone","DataDisk","Omamori","Bronze Scales","Black Star","Bottled Tornado"],"potions_floor_usage":[8,13,16,23,23,23,23],"damage_taken":[{"damage":0,"enemies":"Jaw Worm","floor":1,"turns":1},{"damage":0,"enemies":"2 Louse","floor":5,"turns":1},{"damage":0,"enemies":"Gremlin Nob","floor":6,"turns":1},{"damage":0,"enemies":"Cultist","floor":7,"turns":4},{"damage":33,"enemies":"Gremlin Nob","floor":8,"turns":4},{"damage":2,"enemies":"Lagavulin","floor":11,"turns":8},{"damage":14,"enemies":"3 Sentries","floor":13,"turns":6},{"damage":0,"enemies":"2 Fungi Beasts","floor":14,"turns":3},{"damage":34,"enemies":"Slime Boss","floor":16,"turns":14},{"damage":10,"enemies":"Spheric Guardian","floor":18,"turns":6},{"damage":2,"enemies":"Shell Parasite","floor":21,"turns":8},{"damage":65,"enemies":"Gremlin Leader","floor":23,"turns":7}],"seed_played":"7517776316155559564","potions_obtained":[{"floor":5,"key":"Regen Potion"},{"floor":6,"key":"AttackPotion"},{"floor":7,"key":"FairyPotion"},{"floor":12,"key":"FairyPotion"},{"floor":12,"key":"Swift Potion"},{"floor":12,"key":"SteroidPotion"},{"floor":16,"key":"EntropicBrew"}],"is_trial":false,"path_per_floor":["M","?","?","$","M","E","M","?","T","$","E","?","E","M","R","B",null,"M","T","?","M","?","E"],"character_chosen":"DEFECT","items_purchased":["Sweeping Beam","DataDisk"],"campfire_rested":0,"item_purchase_floors":[4,10],"current_hp_per_floor":[75,80,80,80,80,80,80,54,54,54,61,61,56,58,58,33,80,77,77,37,44,44,0],"gold":571,"neow_bonus":"THREE_ENEMY_KILL","is_prod":false,"is_daily":false,"chose_seed":false,"campfire_upgraded":1,"win_rate":0,"timestamp":1549078608,"path_taken":["M","?","?","?","?","E","M","?","T","$","E","?","E","M","R","BOSS","M","?","?","?","?","E"],"build_version":"2019-01-23","purchased_purges":0,"victory":false,"max_hp_per_floor":[75,80,80,80,80,80,80,80,80,80,80,80,80,80,80,80,80,80,80,80,80,80,80],"card_choices":[{"not_picked":["Gash","Tempest"],"picked":"Self Repair","floor":1},{"not_picked":["Force Field","Tempest"],"picked":"Conserve Battery","floor":5},{"not_picked":["Beam Cell","Lockon"],"picked":"Loop","floor":6},{"not_picked":["Compile Driver","Gash"],"picked":"Coolheaded","floor":7},{"not_picked":["Go for the Eyes","Reprogram"],"picked":"Undo","floor":8},{"not_picked":["Rainbow","Force Field"],"picked":"Conserve Battery","floor":11},{"not_picked":["Lockon","Heatsinks"],"picked":"Cold Snap","floor":13},{"not_picked":["Reprogram","Blizzard"],"picked":"Leap","floor":14},{"not_picked":["Rainbow","Multi-Cast"],"picked":"Buffer","floor":16},{"not_picked":["BootSequence","Go for the Eyes"],"picked":"Glacier+1","floor":18},{"not_picked":["Rebound+1","Go for the Eyes","Beam Cell+1"],"picked":"SKIP","floor":21}],"player_experience":419669,"relics_obtained":[{"floor":6,"key":"Tiny Chest"},{"floor":9,"key":"Whetstone"},{"floor":11,"key":"Omamori"},{"floor":13,"key":"Bronze Scales"},{"floor":19,"key":"Bottled Tornado"}],"event_choices":[{"damage_healed":0,"gold_gain":0,"player_choice":"Donut","damage_taken":0,"max_hp_gain":5,"max_hp_loss":0,"event_name":"Big Fish","floor":2,"gold_loss":0},{"cards_removed":["Strike_B"],"damage_healed":0,"gold_gain":0,"player_choice":"Card Removal","damage_taken":0,"max_hp_gain":0,"max_hp_loss":0,"event_name":"The Cleric","floor":3,"gold_loss":50},{"damage_healed":0,"gold_gain":0,"player_choice":"Searched \u00273\u0027 times","damage_taken":0,"relics_obtained":["Blood Vial"],"max_hp_gain":0,"max_hp_loss":0,"event_name":"Dead Adventurer","floor":8,"gold_loss":0},{"damage_healed":0,"gold_gain":0,"player_choice":"Bought 3 Potions","damage_taken":0,"max_hp_gain":0,"max_hp_loss":0,"event_name":"The Woman in Blue","floor":12,"gold_loss":0},{"damage_healed":0,"gold_gain":360,"player_choice":"GOLD GOLD GOLD GOLD ","damage_taken":40,"max_hp_gain":0,"max_hp_loss":0,"event_name":"Knowing Skull","floor":20,"potions_obtained":[],"gold_loss":0,"cards_obtained":[]},{"damage_healed":0,"gold_gain":0,"player_choice":"Became a vampire (Vial)","damage_taken":0,"max_hp_gain":0,"max_hp_loss":0,"event_name":"Vampires","floor":22,"relics_lost":["Blood Vial"],"gold_loss":0,"cards_obtained":["Bite","Bite","Bite","Bite","Bite"]}],"is_beta":true,"boss_relics":[{"not_picked":["Orrery","Runic Dome"],"picked":"Black Star"}],"items_purged_floors":[],"is_endless":false,"potions_floor_spawned":[5,6,7,16],"killed_by":"Gremlin Leader","ascension_level":4}