{"gold_per_floor":[117,117,292,367,386,419,448,473,485,25,25,42,42,68,68,167,167,185,185,215,36,47,80,80,95,120,131,131],"floor_reached":28,"playtime":1267,"items_purged":["Strike_B"],"score":273,"play_id":"edf26ad1-2e72-4d87-a835-17cfdd1f226d","local_time":"20181110192714","is_ascension_mode":false,"campfire_choices":[{"floor":11,"key":"REST"},{"floor":15,"key":"REST"},{"floor":24,"key":"REST"}],"neow_cost":"NONE","seed_source_timestamp":2645720932210239,"circlet_count":0,"master_deck":["Strike_B","Strike_B","Strike_B","Defend_B+1","Defend_B+1","Defend_B","Defend_B","Zap","Dualcast","Ball Lightning","BootSequence","Capacitor","Gash","Sweeping Beam","Electrodynamics","Scrape+1","Defragment","Creative AI","Static Discharge","Barrage+1","Gash+1","Heatsinks","Beam Cell+1","White Noise","FTL+1","Fusion+1"],"relics":["Cracked Core","NeowsBlessing","MawBank","DataDisk","Molten Egg 2","Pantograph","Sozu","Red Mask","Peace Pipe"],"potions_floor_usage":[8,16,23,23,23],"damage_taken":[{"damage":0,"enemies":"Jaw Worm","floor":1,"turns":1},{"damage":0,"enemies":"Small Slimes","floor":5,"turns":1},{"damage":0,"enemies":"3 Sentries","floor":6,"turns":1},{"damage":0,"enemies":"2 Louse","floor":7,"turns":2},{"damage":29,"enemies":"Exordium Wildlife","floor":8,"turns":5},{"damage":1,"enemies":"Large Slime","floor":12,"turns":3},{"damage":23,"enemies":"Lagavulin","floor":14,"turns":5},{"damage":24,"enemies":"The Guardian","floor":16,"turns":8},{"damage":10,"enemies":"Spheric Guardian","floor":18,"turns":3},{"damage":10,"enemies":"Masked Bandits","floor":20,"turns":3},{"damage":14,"enemies":"2 Thieves","floor":22,"turns":3},{"damage":34,"enemies":"Book of Stabbing","floor":23,"turns":5},{"damage":0,"enemies":"Chosen and Byrds","floor":25,"turns":4},{"damage":23,"enemies":"Snake Plant","floor":27,"turns":5},{"damage":9,"enemies":"Centurion and Healer","floor":28,"turns":2}],"seed_played":"-5359779542883152700","potions_obtained":[{"floor":5,"key":"Swift Potion"},{"floor":7,"key":"Swift Potion"},{"floor":8,"key":"LiquidBronze"},{"floor":14,"key":"SpeedPotion"},{"floor":16,"key":"Regen Potion"}],"is_trial":false,"path_per_floor":["M","?","?","?","M","E","M","M","T","$","R","M","?","E","R","B",null,"M","?","?","$","M","E","R","M","T","M","M"],"character_chosen":"DEFECT","items_purchased":["Electrodynamics","Molten Egg 2","Scrape+1","Gash+1","Heatsinks"],"campfire_rested":3,"item_purchase_floors":[10,10,10,21,21],"current_hp_per_floor":[75,60,60,49,49,49,49,20,20,20,42,41,34,11,33,34,75,65,51,41,41,27,7,31,31,31,8,0],"gold":131,"neow_bonus":"THREE_ENEMY_KILL","is_prod":false,"is_daily":false,"chose_seed":false,"campfire_upgraded":0,"win_rate":0,"timestamp":1541899634,"path_taken":["M","?","?","?","M","E","M","?","T","$","R","M","?","E","R","BOSS","M","?","?","$","M","E","R","M","T","?","M"],"build_version":"2018-11-08","purchased_purges":1,"victory":false,"max_hp_per_floor":[75,75,75,75,75,75,75,75,75,75,75,75,75,75,75,75,75,75,80,80,80,80,80,80,80,80,80,80],"card_choices":[{"not_picked":["Hologram","Gash"],"picked":"Ball Lightning","floor":1},{"not_picked":["Rip and Tear","Aggregate"],"picked":"BootSequence","floor":5},{"not_picked":["Barrage","BootSequence"],"picked":"Capacitor","floor":6},{"not_picked":["Steam Power","Streamline"],"picked":"Gash","floor":7},{"not_picked":["Gash","Coolheaded"],"picked":"Sweeping Beam","floor":8},{"not_picked":["Coolheaded","Undo","Consume"],"picked":"SKIP","floor":12},{"not_picked":["Steam","Coolheaded"],"picked":"Defragment","floor":14},{"not_picked":["Electrodynamics","Biased Cognition"],"picked":"Creative AI","floor":16},{"not_picked":["Sweeping Beam+1","Streamline+1"],"picked":"Static Discharge","floor":18},{"not_picked":["Turbo","Sweeping Beam+1"],"picked":"Barrage+1","floor":20},{"not_picked":["Turbo","Steam Power"],"picked":"Beam Cell+1","floor":22},{"not_picked":["Stack","Recycle"],"picked":"White Noise","floor":23},{"not_picked":["Compile Driver+1","Glacier+1"],"picked":"FTL+1","floor":25},{"not_picked":["Reinforced Body+1","Compile Driver+1"],"picked":"Fusion+1","floor":27}],"player_experience":239001,"relics_obtained":[{"floor":6,"key":"MawBank"},{"floor":9,"key":"DataDisk"},{"floor":14,"key":"Pantograph"},{"floor":20,"key":"Red Mask"},{"floor":23,"key":"Peace Pipe"}],"event_choices":[{"damage_healed":0,"gold_gain":0,"player_choice":"Entered Light","damage_taken":15,"max_hp_gain":0,"max_hp_loss":0,"event_name":"Shining Light","floor":2,"gold_loss":0,"cards_upgraded":["Defend_B","Defend_B"]},{"damage_healed":0,"gold_gain":175,"player_choice":"AGREE","damage_taken":0,"max_hp_gain":0,"max_hp_loss":0,"event_name":"Liars Game","floor":3,"gold_loss":0,"cards_obtained":["Doubt"]},{"damage_healed":0,"gold_gain":75,"player_choice":"Gather Gold","damage_taken":11,"max_hp_gain":0,"max_hp_loss":0,"event_name":"World of Goop","floor":4,"gold_loss":0},{"cards_removed":["Doubt"],"damage_healed":0,"gold_gain":0,"player_choice":"Card Removal","damage_taken":7,"max_hp_gain":0,"max_hp_loss":0,"event_name":"Golden Wing","floor":13,"gold_loss":0},{"damage_healed":0,"gold_gain":0,"player_choice":"Shed Blood","damage_taken":19,"max_hp_gain":5,"max_hp_loss":0,"event_name":"Forgotten Altar","floor":19,"gold_loss":0},{"damage_healed":0,"gold_gain":0,"player_choice":"Fought Bandits","damage_taken":0,"max_hp_gain":0,"max_hp_loss":0,"event_name":"Masked Bandits","floor":20,"gold_loss":0}],"is_beta":true,"boss_relics":[{"not_picked":["White Beast Statue","Empty Cage"],"picked":"Sozu"}],"items_purged_floors":[21],"is_endless":false,"potions_floor_spawned":[5,7,8,14,16,20,22,25,27],"killed_by":"Centurion and Healer","ascension_level":0}