{"gold_per_floor":[111,186,186,198,217,249,279,279,279,60,70,83,83,43,43,138,138,157,157,174,19,30,57,57,57,84,117,117,132,132,132,132,235,235,249,249,40,60,73,73,98,98,98,133,145,145,171,197,197,197,197,197,46,73,73],"floor_reached":55,"playtime":3395,"items_purged":["Strike_G"],"score":831,"play_id":"8fc6f421-4159-4796-8f72-2d75021a2b8e","local_time":"20190605202447","is_ascension_mode":true,"campfire_choices":[{"floor":8,"key":"REST"},{"data":"After Image","floor":13,"key":"SMITH"},{"floor":15,"key":"REST"},{"floor":24,"key":"REST"},{"data":"A Thousand Cuts","floor":30,"key":"SMITH"},{"data":"Infinite Blades","floor":32,"key":"SMITH"},{"floor":40,"key":"RECALL"},{"data":"Adrenaline","floor":42,"key":"SMITH"},{"data":"Caltrops","floor":49,"key":"SMITH"},{"data":"Sucker Punch","floor":52,"key":"SMITH"}],"neow_cost":"TEN_PERCENT_HP_LOSS","seed_source_timestamp":3801403957229,"circlet_count":0,"master_deck":["Defend_G+1","Defend_G+1","Defend_G+1","Defend_G+1","Defend_G+1","Strike_G+1","Strike_G+1","Strike_G+1","Strike_G+1","Survivor","Neutralize","After Image+1","Sucker Punch","PiercingWail","Sucker Punch+1","Dagger Throw","Infinite Blades+1","A Thousand Cuts+1","Flying Knee","Well Laid Plans","Glass Knife","Adrenaline","Adrenaline+1","Predator+1","Die Die Die","Cloak And Dagger+1","Finisher","Footwork+1","Caltrops+1","Accuracy"],"relics":["Ring of the Snake","CultistMask","Pear","Odd Mushroom","Turnip","Happy Flower","WristBlade","PreservedInsect","Mummified Hand","Juzu Bracelet","Ninja Scroll","Gambling Chip","Black Star","Medical Kit","Calipers","Pantograph","Bottled Tornado","Oddly Smooth Stone","Orichalcum","Snake Skull","Omamori","Pen Nib","Ornamental Fan","Art of War"],"potions_floor_usage":[6,16,16,18,20,33,39,39,41,41,44,48,50,50,50,55],"damage_taken":[{"damage":1,"enemies":"Jaw Worm","floor":1,"turns":5},{"damage":0,"enemies":"Small Slimes","floor":4,"turns":4},{"damage":0,"enemies":"Cultist","floor":5,"turns":4},{"damage":26,"enemies":"3 Sentries","floor":6,"turns":13},{"damage":24,"enemies":"The Mushroom Lair","floor":7,"turns":6},{"damage":11,"enemies":"2 Fungi Beasts","floor":11,"turns":4},{"damage":2,"enemies":"Blue Slaver","floor":12,"turns":5},{"damage":5,"enemies":"Hexaghost","floor":16,"turns":9},{"damage":2,"enemies":"Chosen","floor":18,"turns":5},{"damage":0,"enemies":"3 Byrds","floor":20,"turns":5},{"damage":9,"enemies":"Shelled Parasite and Fungi","floor":22,"turns":7},{"damage":54,"enemies":"Slavers","floor":23,"turns":6},{"damage":0,"enemies":"Book of Stabbing","floor":27,"turns":5},{"damage":0,"enemies":"Snecko","floor":29,"turns":3},{"damage":22,"enemies":"Collector","floor":33,"turns":11},{"damage":0,"enemies":"3 Darklings","floor":35,"turns":4},{"damage":0,"enemies":"Orb Walker","floor":38,"turns":3},{"damage":13,"enemies":"Writhing Mass","floor":39,"turns":6},{"damage":4,"enemies":"Giant Head","floor":41,"turns":6},{"damage":0,"enemies":"Nemesis","floor":44,"turns":3},{"damage":8,"enemies":"3 Darklings","floor":45,"turns":5},{"damage":1,"enemies":"Reptomancer","floor":48,"turns":4},{"damage":33,"enemies":"Donu and Deca","floor":50,"turns":8},{"damage":53,"enemies":"Shield and Spear","floor":54,"turns":5},{"damage":58,"enemies":"The Heart","floor":55,"turns":9}],"seed_played":"6007865055374425333","potions_obtained":[{"floor":6,"key":"Fruit Juice"},{"floor":7,"key":"Strength Potion"},{"floor":12,"key":"Strength Potion"},{"floor":16,"key":"Swift Potion"},{"floor":18,"key":"SteroidPotion"},{"floor":29,"key":"SkillPotion"},{"floor":33,"key":"Strength Potion"},{"floor":35,"key":"Energy Potion"},{"floor":36,"key":"Fire Potion"},{"floor":36,"key":"EntropicBrew"},{"floor":41,"key":"Swift Potion"},{"floor":45,"key":"Poison Potion"},{"floor":54,"key":"GhostInAJar"}],"is_trial":false,"path_per_floor":["M","?","?","M","M","E","?","R","T","$","M","M","R","$","R","B",null,"M","?","M","$","M","E","R","?","T","E","?","M","R","?","R","B",null,"M","?","$","M","M","R","E","R","T","E","M","?","T","E","R","B",null,"R","$","E","B"],"character_chosen":"THE_SILENT","items_purchased":["Happy Flower","Well Laid Plans","PreservedInsect","Medical Kit","Pen Nib"],"campfire_rested":3,"item_purchase_floors":[10,14,21,37,53],"current_hp_per_floor":[62,51,51,51,51,40,16,39,39,39,28,26,26,26,49,44,78,76,76,76,76,67,13,36,36,36,36,36,36,36,62,62,40,78,78,78,78,78,65,65,61,61,61,61,53,53,53,52,52,42,75,75,75,22,0],"gold":73,"neow_bonus":"THREE_RARE_CARDS","is_prod":false,"is_daily":false,"chose_seed":false,"campfire_upgraded":6,"win_rate":0,"timestamp":1559780687,"path_taken":["M","?","?","M","?","E","?","R","T","$","M","M","R","$","R","BOSS","M","?","M","$","M","E","R","?","T","E","?","M","R","?","R","BOSS","M","?","$","M","M","R","E","R","T","E","M","?","?","E","R","BOSS","R","$","E","BOSS"],"build_version":"2019-01-23","purchased_purges":1,"victory":false,"max_hp_per_floor":[63,63,63,63,63,78,78,78,78,78,78,78,78,78,78,78,78,78,78,78,78,78,78,78,78,78,78,78,78,78,78,78,78,78,78,78,78,78,78,78,78,78,78,78,78,75,75,75,75,75,75,75,75,75,75],"card_choices":[{"not_picked":["Bullet Time","Doppelganger"],"picked":"After Image","floor":0},{"not_picked":["Dagger Spray","Underhanded Strike"],"picked":"Sucker Punch","floor":1},{"not_picked":["Slice","Backflip"],"picked":"PiercingWail","floor":4},{"not_picked":["Underhanded Strike","Deflect"],"picked":"Sucker Punch","floor":5},{"not_picked":["PiercingWail","Poisoned Stab"],"picked":"Dagger Throw","floor":6},{"not_picked":["Quick Slash","Cloak And Dagger"],"picked":"Infinite Blades","floor":7},{"not_picked":["Poisoned Stab","Dash"],"picked":"A Thousand Cuts","floor":11},{"not_picked":["Dagger Throw","Blade Dance"],"picked":"Flying Knee","floor":12},{"not_picked":["Venomology","Die Die Die"],"picked":"Glass Knife","floor":16},{"not_picked":["Flechettes","Distraction","Tactician"],"picked":"SKIP","floor":18},{"not_picked":["Poisoned Stab","Bane","Flying Knee"],"picked":"SKIP","floor":20},{"not_picked":["Dodge and Roll","Acrobatics","Deadly Poison+1"],"picked":"SKIP","floor":22},{"not_picked":["Backflip+1","Flechettes"],"picked":"Adrenaline","floor":23},{"not_picked":["Riddle With Holes","Eviscerate+1"],"picked":"Adrenaline","floor":27},{"not_picked":["Catalyst","Deadly Poison"],"picked":"Predator+1","floor":29},{"not_picked":["Envenom","Glass Knife"],"picked":"Die Die Die","floor":33},{"not_picked":["Poisoned Stab+1","Bane"],"picked":"Cloak And Dagger+1","floor":35},{"not_picked":["Poisoned Stab+1","Deflect"],"picked":"Finisher","floor":38},{"not_picked":["Bane+1","Phantasmal Killer","Flying Knee+1"],"picked":"SKIP","floor":39},{"not_picked":["Dagger Throw","Deadly Poison"],"picked":"Footwork+1","floor":41},{"not_picked":["Acrobatics+1","Dagger Spray","Slice"],"picked":"SKIP","floor":44},{"not_picked":["Backflip+1","Dagger Throw","Night Terror"],"picked":"SKIP","floor":45},{"not_picked":["Glass Knife","Underhanded Strike"],"picked":"Caltrops","floor":48},{"not_picked":["Expertise","Deflect"],"picked":"Accuracy","floor":54}],"player_experience":109294,"relics_obtained":[{"floor":6,"key":"Pear"},{"floor":7,"key":"Odd Mushroom"},{"floor":9,"key":"Turnip"},{"floor":23,"key":"Mummified Hand"},{"floor":26,"key":"Juzu Bracelet"},{"floor":27,"key":"Ninja Scroll"},{"floor":41,"key":"Calipers"},{"floor":41,"key":"Pantograph"},{"floor":44,"key":"Bottled Tornado"},{"floor":44,"key":"Oddly Smooth Stone"},{"floor":47,"key":"Orichalcum"},{"floor":48,"key":"Snake Skull"},{"floor":48,"key":"Omamori"},{"floor":54,"key":"Ornamental Fan"},{"floor":54,"key":"Art of War"}],"event_choices":[{"damage_healed":0,"gold_gain":75,"player_choice":"Gather Gold","damage_taken":11,"max_hp_gain":0,"max_hp_loss":0,"event_name":"World of Goop","floor":2,"gold_loss":0},{"damage_healed":0,"gold_gain":0,"player_choice":"Trade","damage_taken":0,"relics_obtained":["CultistMask"],"max_hp_gain":0,"max_hp_loss":0,"event_name":"FaceTrader","floor":3,"gold_loss":0},{"damage_healed":0,"gold_gain":0,"player_choice":"Fought Mushrooms","damage_taken":0,"max_hp_gain":0,"max_hp_loss":0,"event_name":"Mushrooms","floor":7,"gold_loss":0},{"damage_healed":0,"gold_gain":0,"player_choice":"Simplicity","damage_taken":0,"max_hp_gain":0,"max_hp_loss":0,"event_name":"Back to Basics","floor":19,"gold_loss":0,"cards_upgraded":["Defend_G","Defend_G","Defend_G","Defend_G","Defend_G","Strike_G","Strike_G","Strike_G","Strike_G"]},{"damage_healed":0,"gold_gain":0,"player_choice":"Ignored","damage_taken":0,"max_hp_gain":0,"max_hp_loss":0,"event_name":"Beggar","floor":25,"gold_loss":0},{"damage_healed":0,"gold_gain":0,"player_choice":"Opened","damage_taken":0,"relics_obtained":["Gambling Chip"],"max_hp_gain":0,"max_hp_loss":0,"event_name":"The Mausoleum","floor":28,"gold_loss":0,"cards_obtained":["Writhe"]},{"damage_healed":26,"gold_gain":0,"player_choice":"Heal","damage_taken":0,"max_hp_gain":0,"max_hp_loss":0,"event_name":"The Library","floor":31,"gold_loss":0},{"damage_healed":0,"gold_gain":0,"player_choice":"Got Potions","damage_taken":0,"max_hp_gain":0,"max_hp_loss":0,"event_name":"Lab","floor":36,"gold_loss":0},{"cards_removed":["Parasite","Writhe"],"damage_healed":0,"gold_gain":0,"player_choice":"Removed Curses","damage_taken":0,"max_hp_gain":0,"max_hp_loss":0,"event_name":"Fountain of Cleansing","floor":46,"gold_loss":0}],"is_beta":false,"boss_relics":[{"not_picked":["Philosopher\u0027s Stone","Fusion Hammer"],"picked":"WristBlade"},{"not_picked":["Velvet Choker","Cursed Key"],"picked":"Black Star"}],"items_purged_floors":[10],"is_endless":false,"potions_floor_spawned":[6,7,12,16,18,29,33,35,41,45,54],"killed_by":"The Heart","ascension_level":1}