{"gold_per_floor":[109,121,196,196,43,72,72,87,161,161,161,161,179,179],"floor_reached":14,"playtime":678,"items_purged":["Strike_G"],"score":101,"play_id":"495d6470-6056-411d-93da-0cf3e75cafb0","local_time":"20190319171811","is_ascension_mode":true,"campfire_choices":[{"floor":7.0,"key":"REST"}],"neow_cost":"NONE","seed_source_timestamp":0,"circlet_count":0,"master_deck":["Defend_G","Defend_G","Defend_G","Defend_G+1","Defend_G","Strike_G","Strike_G+1","Strike_G","Survivor","Neutralize+1","Flying Knee","PiercingWail","Noxious Fumes","Poisoned Stab","Bane","Regret","Crippling Poison"],"special_seed":0,"relics":["Ring of the Snake","Art of War","Molten Egg 2","Peace Pipe"],"potions_floor_usage":[],"damage_taken":[{"damage":7.0,"enemies":"Jaw Worm","floor":1.0,"turns":5.0},{"damage":9.0,"enemies":"2 Louse","floor":2.0,"turns":3.0},{"damage":33.0,"enemies":"Gremlin Nob","floor":6.0,"turns":5.0},{"damage":0,"enemies":"Cultist","floor":8,"turns":3},{"damage":16,"enemies":"Gremlin Gang","floor":13,"turns":4},{"damage":4,"enemies":"Blue Slaver","floor":14,"turns":2}],"seed_played":"6933554066883626088","potions_obtained":[{"floor":6.0,"key":"EssenceOfSteel"},{"floor":8,"key":"Poison Potion"},{"floor":13,"key":"GamblersBrew"}],"is_trial":false,"path_per_floor":["M","M","?","?","$","E","R","M","T","?","?","?","M","M"],"character_chosen":"THE_SILENT","items_purchased":["Noxious Fumes"],"campfire_rested":1,"item_purchase_floors":[5],"current_hp_per_floor":[70,61,50,50,50,17,40,40,40,25,25,18,2,0],"gold":179,"neow_bonus":"TEN_PERCENT_HP_BONUS","is_prod":false,"is_daily":false,"chose_seed":false,"campfire_upgraded":0,"win_rate":0,"timestamp":1553030291,"path_taken":["M","M","?","?","$","E","R","M","T","?","?","?","?","M"],"build_version":"2019-01-23","purchased_purges":1,"victory":false,"max_hp_per_floor":[77,77,77,77,77,77,77,77,77,77,77,77,77,77],"card_choices":[{"not_picked":["Blade Dance","Deflect"],"picked":"Flying Knee","floor":1.0},{"not_picked":["Calculated Gamble","Bane"],"picked":"PiercingWail","floor":2.0},{"not_picked":["Dagger Throw","Tools of the Trade"],"picked":"Poisoned Stab","floor":6.0},{"not_picked":["Blur","Concentrate"],"picked":"Bane","floor":8},{"not_picked":["Infinite Blades","Riddle With Holes+1"],"picked":"Crippling Poison","floor":13}],"player_experience":128959,"relics_obtained":[{"floor":6.0,"key":"Art of War"},{"floor":9,"key":"Molten Egg 2"}],"event_choices":[{"damage_healed":0.0,"max_hp_gain":0.0,"max_hp_loss":0.0,"gold_gain":75.0,"event_name":"World of Goop","player_choice":"Gather Gold","floor":3.0,"gold_loss":0.0,"damage_taken":11.0},{"damage_healed":0.0,"max_hp_gain":0.0,"max_hp_loss":0.0,"gold_gain":0.0,"event_name":"Living Wall","player_choice":"Grow","floor":4.0,"gold_loss":0.0,"damage_taken":0.0,"cards_upgraded":["Neutralize"]},{"damage_healed":0,"gold_gain":0,"player_choice":"Entered Light","damage_taken":15,"max_hp_gain":0,"max_hp_loss":0,"event_name":"Shining Light","floor":10,"gold_loss":0,"cards_upgraded":["Strike_G","Defend_G"]},{"damage_healed":0,"gold_gain":0,"player_choice":"Box","damage_taken":0,"relics_obtained":["Peace Pipe"],"max_hp_gain":0,"max_hp_loss":0,"event_name":"Big Fish","floor":11,"gold_loss":0,"cards_obtained":["Regret"]},{"cards_removed":["Strike_G"],"damage_healed":0,"gold_gain":0,"player_choice":"Card Removal","damage_taken":7,"max_hp_gain":0,"max_hp_loss":0,"event_name":"Golden Wing","floor":12,"gold_loss":0}],"is_beta":false,"boss_relics":[],"items_purged_floors":[5],"is_endless":false,"potions_floor_spawned":[6,8,13],"killed_by":"Blue Slaver","ascension_level":3}