{"path_per_floor":["M","$","?","M","?","R","?","M","T","M","M","R","?","M","R","B",null,"M","$","?","?","M","R","M","M","T","M","?","M","M","E","R"],"character_chosen":"IRONCLAD","items_purchased":["Body Slam","Shrug It Off"],"gold_per_floor":[109,4,79,89,89,89,39,57,57,72,92,92,92,103,103,207,207,220,145,175,100,116,116,128,139,139,159,159,173,188,244,244,244],"floor_reached":33,"campfire_rested":1,"playtime":2245,"current_hp_per_floor":[80,80,69,74,69,69,69,75,75,68,62,62,62,59,59,17,87,63,63,58,58,62,62,51,44,44,35,35,28,18,9,35,0],"items_purged":["Strike_R"],"gold":244,"score":261,"play_id":"fc082bfa-740e-460a-8ac1-6391b1eb6444","local_time":"20180505001206","is_prod":false,"is_daily":false,"chose_seed":false,"is_ascension_mode":false,"campfire_upgraded":4,"timestamp":1525471926,"path_taken":["M","$","?","M","?","R","?","M","T","?","M","R","?","M","R","BOSS","M","$","?","?","M","R","M","M","T","M","?","?","?","E","R","BOSS"],"build_version":"2018-05-03","seed_source_timestamp":20733836218132,"purchased_purges":1,"victory":false,"master_deck":["Strike_R","Strike_R","Defend_R","Defend_R","Defend_R","Bash","Spot Weakness","Body Slam+1","Shrug It Off","Body Slam+1","Flex+1","Inflame","Ghostly Armor","Heavy Blade","Fiend Fire","Body Slam+1","Flex+1","Rage+1","Warcry+1","Clash+1","Double Tap"],"max_hp_per_floor":[80,80,80,80,87,87,87,87,87,87,87,87,87,87,87,87,87,87,87,87,87,87,87,87,87,87,87,87,87,87,87,87,87],"relics":["Burning Blood","Strawberry","Self Forming Clay","Velvet Choker","Red Mask","Toolbox","Tiny Chest"],"card_choices":[{"not_picked":["Warcry","Shrug It Off"],"picked":"Spot Weakness","floor":1},{"not_picked":["True Grit","Shrug It Off"],"picked":"Body Slam","floor":4},{"not_picked":["Feel No Pain","Warcry"],"picked":"Flex","floor":8},{"not_picked":["Power Through","Shockwave"],"picked":"Inflame","floor":10},{"not_picked":["Metallicize","Spot Weakness"],"picked":"Heavy Blade","floor":14},{"not_picked":["Demon Form","Feed"],"picked":"Fiend Fire","floor":16},{"not_picked":["Uppercut","Headbutt"],"picked":"Body Slam","floor":18},{"not_picked":["Wild Strike","Rampage"],"picked":"Flex","floor":24},{"not_picked":["Brutality","Burning Pact"],"picked":"Rage","floor":25},{"not_picked":["Wild Strike","Clothesline"],"picked":"Warcry","floor":27},{"not_picked":["Iron Wave","Bloodletting"],"picked":"Clash","floor":30},{"not_picked":["Warcry","Metallicize"],"picked":"Double Tap","floor":31}],"player_experience":34516,"potions_floor_usage":[10,16,16,24,25,33,33],"damage_taken":[{"damage":5,"enemies":"2 Louse","floor":1,"turns":2},{"damage":1,"enemies":"Jaw Worm","floor":4,"turns":3},{"damage":0,"enemies":"Small Slimes","floor":8,"turns":3},{"damage":13,"enemies":"Exordium Wildlife","floor":10,"turns":6},{"damage":12,"enemies":"Looter","floor":11,"turns":4},{"damage":9,"enemies":"3 Louse","floor":14,"turns":3},{"damage":48,"enemies":"Hexaghost","floor":16,"turns":10},{"damage":30,"enemies":"3 Byrds","floor":18,"turns":6},{"damage":11,"enemies":"Masked Bandits","floor":20,"turns":5},{"damage":2,"enemies":"Shell Parasite","floor":22,"turns":3},{"damage":17,"enemies":"Centurion and Healer","floor":24,"turns":5},{"damage":16,"enemies":"Snake Plant","floor":25,"turns":3},{"damage":15,"enemies":"Cultist and Chosen","floor":27,"turns":6},{"damage":13,"enemies":"Sentry and Sphere","floor":29,"turns":4},{"damage":16,"enemies":"Snake Plant","floor":30,"turns":3},{"damage":15,"enemies":"Slavers","floor":31,"turns":5},{"damage":40,"enemies":"Automaton","floor":33,"turns":6}],"event_choices":[{"event_name":"World of Goop","player_choice":"Gather Gold","floor":3,"damage_taken":0},{"event_name":"Scrap Ooze","player_choice":"success","floor":5,"damage_taken":12},{"event_name":"The Cleric","player_choice":"Card Removal","floor":7,"damage_taken":0},{"event_name":"Transmorgrifier","player_choice":"Transform","floor":13,"damage_taken":0},{"event_name":"Masked Bandits","player_choice":"Fought over 145 gold","floor":20,"damage_taken":0},{"event_name":"Beggar","player_choice":"Gave Gold","floor":21,"damage_taken":0},{"event_name":"Ghosts","player_choice":"Ignored","floor":28,"damage_taken":0}],"boss_relics":[{"not_picked":["Runic Cube","Philosopher\u0027s Stone"],"picked":"Velvet Choker"}],"potions_floor_spawned":[8,10,14,20,24,25,27,30,31],"seed_played":"4447175367076642903","killed_by":"Automaton","ascension_level":0,"is_trial":false}