{"gold_per_floor":[118,37,37,53,66,97,97,126,126,126,151,121,121,139,139,241,241,253,8,8,39,39,39,39,39,86,86],"floor_reached":27,"playtime":1356,"items_purged":[],"score":288,"play_id":"54978e43-0ddc-4561-a1e3-3698a8f523bf","local_time":"20190910232850","is_ascension_mode":true,"campfire_choices":[{"data":"SandsOfTime","floor":7,"key":"SMITH"},{"data":"Evaluate","floor":10,"key":"SMITH"},{"data":"Prostrate","floor":13,"key":"SMITH"},{"data":"ThirdEye","floor":15,"key":"SMITH"},{"data":"Evaluate","floor":23,"key":"SMITH"},{"floor":25,"key":"REST"}],"neow_cost":"NONE","seed_source_timestamp":555838385449600,"circlet_count":0,"master_deck":["Strike_P+1","Strike_P+1","Strike_P+1","Defend_P+1","Defend_P+1","Defend_P+1","Defend_P+1","Eruption","Vigilance","FearNoEvil","Evaluate+1","Protect","ThirdEye+1","SandsOfTime+1","Prostrate+1","Fasting+1","Alpha","Evaluate+1"],"relics":["PureWater","Art of War","Darkstone Periapt","Frozen Egg 2","The Courier","SacredBark","FossilizedHelix","Red Mask","Toy Ornithopter"],"potions_floor_usage":[11,16,21,21,27],"damage_taken":[{"damage":4,"enemies":"Jaw Worm","floor":1,"turns":4},{"damage":10,"enemies":"Small Slimes","floor":4,"turns":3},{"damage":0,"enemies":"Cultist","floor":5,"turns":4},{"damage":14,"enemies":"Gremlin Nob","floor":6,"turns":3},{"damage":10,"enemies":"3 Sentries","floor":8,"turns":8},{"damage":0,"enemies":"Gremlin Nob","floor":11,"turns":2},{"damage":1,"enemies":"2 Fungi Beasts","floor":14,"turns":4},{"damage":24,"enemies":"Hexaghost","floor":16,"turns":12},{"damage":23,"enemies":"3 Byrds","floor":18,"turns":4},{"damage":8,"enemies":"Masked Bandits","floor":21,"turns":10},{"damage":57,"enemies":"Book of Stabbing","floor":27,"turns":9}],"seed_played":"3268307812376632598","potions_obtained":[{"floor":1,"key":"GamblersBrew"},{"floor":5,"key":"SpeedPotion"},{"floor":12,"key":"Energy Potion"},{"floor":12,"key":"GamblersBrew"},{"floor":16,"key":"GamblersBrew"},{"floor":18,"key":"Block Potion"}],"is_trial":false,"path_per_floor":["M","$","?","M","M","E","R","E","T","R","E","?","R","M","R","B",null,"M","$","?","?","?","R","?","R","T","E"],"character_chosen":"WATCHER","items_purchased":["Evaluate","FossilizedHelix"],"campfire_rested":1,"item_purchase_floors":[2,19],"current_hp_per_floor":[67,67,67,57,57,43,43,33,33,33,33,33,33,32,32,8,71,48,48,35,27,27,27,27,49,49,0],"gold":86,"neow_bonus":"TEN_PERCENT_HP_BONUS","is_prod":false,"is_daily":false,"chose_seed":false,"campfire_upgraded":5,"win_rate":0,"timestamp":1568172530,"path_taken":["M","$","?","M","M","E","R","E","T","R","E","?","R","M","R","BOSS","M","$","?","?","?","R","?","R","T","E"],"build_version":"2019-09-10","purchased_purges":0,"victory":false,"max_hp_per_floor":[71,71,71,71,71,71,71,71,71,71,71,71,71,71,71,71,71,71,71,76,76,76,76,76,76,76,76],"card_choices":[{"not_picked":["WindmillStrike","Fasting"],"picked":"FearNoEvil","floor":1},{"not_picked":["BowlingBash","Scrawl"],"picked":"Protect","floor":4},{"not_picked":["PathToVictory","BowlingBash"],"picked":"ThirdEye","floor":5},{"not_picked":["Wireheading","CutThroughFate"],"picked":"SandsOfTime","floor":6},{"not_picked":["ClearTheMind","Protect"],"picked":"Prostrate","floor":8},{"not_picked":["EmptyBody","FlyingSleeves","SpiritShield"],"picked":"SKIP","floor":11},{"not_picked":["Consecrate","Adaptation+1"],"picked":"Fasting+1","floor":14},{"not_picked":["Brilliance","Blasphemy"],"picked":"Alpha","floor":16},{"not_picked":["WreathOfFlame","JustLucky","Crescendo"],"picked":"SKIP","floor":18},{"not_picked":["DeceiveReality","ThirdEye"],"picked":"Evaluate","floor":21}],"player_experience":1939713,"relics_obtained":[{"floor":6,"key":"Art of War"},{"floor":8,"key":"Darkstone Periapt"},{"floor":9,"key":"Frozen Egg 2"},{"floor":11,"key":"The Courier"},{"floor":21,"key":"Red Mask"},{"floor":26,"key":"Toy Ornithopter"}],"event_choices":[{"damage_healed":0,"gold_gain":0,"player_choice":"Leave","damage_taken":0,"max_hp_gain":0,"max_hp_loss":0,"event_name":"The Cleric","floor":3,"gold_loss":0},{"damage_healed":0,"gold_gain":0,"player_choice":"Bought 2 Potions","damage_taken":0,"max_hp_gain":0,"max_hp_loss":0,"event_name":"The Woman in Blue","floor":12,"gold_loss":0},{"damage_healed":0,"gold_gain":0,"player_choice":"Shed Blood","damage_taken":18,"max_hp_gain":5,"max_hp_loss":0,"event_name":"Forgotten Altar","floor":20,"gold_loss":0},{"damage_healed":0,"gold_gain":0,"player_choice":"Fought Bandits","damage_taken":0,"max_hp_gain":0,"max_hp_loss":0,"event_name":"Masked Bandits","floor":21,"gold_loss":0},{"damage_healed":0,"gold_gain":0,"player_choice":"Simplicity","damage_taken":0,"max_hp_gain":0,"max_hp_loss":0,"event_name":"Back to Basics","floor":22,"gold_loss":0,"cards_upgraded":["Strike_P","Strike_P","Strike_P","Strike_P","Defend_P","Defend_P","Defend_P","Defend_P"]},{"cards_removed":["Strike_P"],"damage_healed":0,"gold_gain":0,"player_choice":"Purged","damage_taken":0,"max_hp_gain":0,"max_hp_loss":0,"event_name":"Purifier","floor":24,"gold_loss":0}],"is_beta":true,"boss_relics":[{"not_picked":["Coffee Dripper","Black Star"],"picked":"SacredBark"}],"items_purged_floors":[],"is_endless":false,"potions_floor_spawned":[1,5,16,18],"killed_by":"Book of Stabbing","ascension_level":3}