{"gold_per_floor":[110,33,45,64,81,81,114,114,114,114,114,139,158,186,186,291,291,281,14,40,40,57,86,86,111,138,138,48,61,91,107,107,211,211,221,321,321,340,351,379,379,411,411,21,41,263,273,293,293,293],"floor_reached":51,"playtime":5690,"items_purged":["Strike_P"],"score":1079,"play_id":"9b9bccc0-0e91-49bb-92e5-e4d019cf7437","local_time":"20190910181154","is_ascension_mode":true,"campfire_choices":[{"data":"Evaluate","floor":6,"key":"SMITH"},{"data":"SandsOfTime","floor":8,"key":"SMITH"},{"data":"DevaForm","floor":15,"key":"SMITH"},{"floor":27,"key":"RECALL"},{"floor":32,"key":"REST"},{"floor":41,"key":"REST"},{"floor":49,"key":"REST"}],"neow_cost":"NONE","seed_source_timestamp":532475905721900,"circlet_count":0,"master_deck":["Strike_P","Defend_P","Defend_P","Defend_P","Defend_P","Eruption","Vigilance","CutThroughFate","Evaluate+1","SandsOfTime+1","Protect+1","EmptyFist","DevaForm+1","ThirdEye","MasterReality","Swivel+1","Establishment","Protect","ThirdEye","EmptyFist","Weave+1","EmptyMind+1","Weave","Flash of Steel","Meditate+1","JustLucky+1","CutThroughFate","SignatureMove","CurseOfTheBell","SandsOfTime","TalkToTheHand","Sanctity+1","DevaForm","WreathOfFlame+1","Halt+1","PathToVictory+1"],"relics":["PureWater","NeowsBlessing","Juzu Bracelet","Anchor","Meat on the Bone","Pantograph","Boot","Fusion Hammer","Medical Kit","Red Mask","Pen Nib","NlothsMask","Orichalcum","Dream Catcher","Calling Bell","Vajra","Sundial","FossilizedHelix","Gambling Chip","Mummified Hand","Centennial Puzzle","Incense Burner","Ice Cream"],"potions_floor_usage":[25,40,50,50,50],"damage_taken":[{"damage":0,"enemies":"Cultist","floor":1,"turns":1},{"damage":0,"enemies":"2 Louse","floor":3,"turns":1},{"damage":0,"enemies":"Small Slimes","floor":4,"turns":2},{"damage":2,"enemies":"2 Fungi Beasts","floor":5,"turns":4},{"damage":14,"enemies":"3 Sentries","floor":7,"turns":8},{"damage":22,"enemies":"Gremlin Nob","floor":12,"turns":5},{"damage":3,"enemies":"Lots of Slimes","floor":13,"turns":6},{"damage":0,"enemies":"3 Sentries","floor":14,"turns":9},{"damage":0,"enemies":"The Guardian","floor":16,"turns":14},{"damage":0,"enemies":"2 Thieves","floor":18,"turns":4},{"damage":15,"enemies":"Masked Bandits","floor":20,"turns":9},{"damage":0,"enemies":"Shell Parasite","floor":22,"turns":6},{"damage":10,"enemies":"Book of Stabbing","floor":23,"turns":5},{"damage":1,"enemies":"Gremlin Leader","floor":25,"turns":12},{"damage":9,"enemies":"Chosen and Byrds","floor":29,"turns":7},{"damage":0,"enemies":"Book of Stabbing","floor":30,"turns":8},{"damage":0,"enemies":"Centurion and Healer","floor":31,"turns":8},{"damage":22,"enemies":"Collector","floor":33,"turns":12},{"damage":0,"enemies":"3 Shapes","floor":35,"turns":9},{"damage":0,"enemies":"Mind Bloom Boss Battle","floor":36,"turns":6},{"damage":2,"enemies":"3 Darklings","floor":38,"turns":9},{"damage":31,"enemies":"4 Shapes","floor":39,"turns":8},{"damage":27,"enemies":"Reptomancer","floor":40,"turns":11},{"damage":0,"enemies":"Giant Head","floor":42,"turns":14},{"damage":28,"enemies":"Spire Growth","floor":45,"turns":4},{"damage":0,"enemies":"Jaw Worm Horde","floor":47,"turns":5},{"damage":0,"enemies":"Writhing Mass","floor":48,"turns":10},{"damage":0,"enemies":"Donu and Deca","floor":50,"turns":18}],"seed_played":"-2889757535883880873","potions_obtained":[{"floor":4,"key":"Weak Potion"},{"floor":5,"key":"Weak Potion"},{"floor":13,"key":"Weak Potion"},{"floor":23,"key":"SkillPotion"},{"floor":29,"key":"Energy Potion"},{"floor":30,"key":"LiquidBronze"},{"floor":31,"key":"DuplicationPotion"},{"floor":40,"key":"Fire Potion"},{"floor":42,"key":"EssenceOfSteel"}],"is_trial":false,"path_per_floor":["M","$","M","M","M","R","E","R","T","?","?","E","M","E","R","B",null,"M","$","?","?","M","E","?","E","T","R","$","M","E","M","R","B",null,"M","?","?","M","M","E","R","E","T","$","M","?","M","M","R","B",null],"character_chosen":"WATCHER","items_purchased":["Evaluate","Establishment","Medical Kit","Protect","Flash of Steel","Ice Cream"],"campfire_rested":3,"item_purchase_floors":[2,19,19,19,28,44],"current_hp_per_floor":[65,65,65,65,63,63,49,49,49,49,49,39,36,36,36,61,65,65,65,50,50,50,40,40,39,39,39,39,42,42,42,61,43,65,65,65,55,53,34,19,38,38,38,38,22,22,34,34,53,65],"gold":293,"neow_bonus":"THREE_ENEMY_KILL","is_prod":false,"is_daily":false,"chose_seed":false,"campfire_upgraded":3,"win_rate":0,"timestamp":1568153514,"path_taken":["M","$","M","?","M","R","E","R","T","?","?","E","M","E","R","BOSS","M","$","?","?","M","E","?","E","T","R","$","M","E","M","R","BOSS","M","?","?","M","M","E","R","E","T","$","M","?","M","M","R","BOSS"],"build_version":"2019-09-09v2","purchased_purges":1,"victory":true,"max_hp_per_floor":[65,65,65,65,65,65,65,65,65,65,65,65,65,65,65,65,65,65,65,65,65,65,65,65,65,65,65,65,65,65,65,65,65,65,65,65,65,65,65,65,65,65,65,65,65,65,65,65,65,65],"card_choices":[{"not_picked":["EmptyFist","JustLucky"],"picked":"CutThroughFate","floor":1},{"not_picked":["Halt","FollowUp"],"picked":"SandsOfTime","floor":3},{"not_picked":["FlyingSleeves","FollowUp","Consecrate"],"picked":"SKIP","floor":4},{"not_picked":["ForeignInfluence","InnerPeace"],"picked":"Protect","floor":5},{"not_picked":["Halt","CrushJoints"],"picked":"EmptyFist","floor":7},{"not_picked":["Devotion","BowlingBash"],"picked":"DevaForm","floor":12},{"not_picked":["Sanctity","EmptyMind"],"picked":"ThirdEye","floor":13},{"not_picked":["Sanctity","Prostrate","FollowUp"],"picked":"SKIP","floor":14},{"not_picked":["Nirvana","Blasphemy"],"picked":"MasterReality","floor":16},{"not_picked":["WindmillStrike","CrushJoints"],"picked":"Swivel+1","floor":18},{"not_picked":["CutThroughFate","CrushJoints"],"picked":"Weave+1","floor":22},{"not_picked":["EmptyFist+1","ClearTheMind"],"picked":"EmptyMind+1","floor":23},{"not_picked":["InnerPeace","Swivel"],"picked":"Weave","floor":25},{"not_picked":["ClearTheMind+1","Consecrate+1"],"picked":"Meditate+1","floor":29},{"not_picked":["WindmillStrike","EmptyMind"],"picked":"JustLucky+1","floor":30},{"not_picked":["ThirdEye","WreathOfFlame","ClearTheMind+1"],"picked":"SKIP","floor":31},{"not_picked":["Vengeance","PathToVictory"],"picked":"CutThroughFate","floor":32},{"not_picked":["Judgement","Ragnarok"],"picked":"SignatureMove","floor":33},{"not_picked":["Weave+1","Fasting"],"picked":"SandsOfTime","floor":35},{"not_picked":["Evaluate","Meditate"],"picked":"TalkToTheHand","floor":36},{"not_picked":["Clarity","Sanctity","JustLucky"],"picked":"SKIP","floor":38},{"not_picked":["WreathOfFlame+1","Prostrate"],"picked":"Sanctity+1","floor":39},{"not_picked":["FlyingSleeves","Wireheading+1"],"picked":"DevaForm","floor":40},{"not_picked":["SandsOfTime","Swivel"],"picked":"WreathOfFlame+1","floor":41},{"not_picked":["CarveReality","CrushJoints","EmptyBody+1"],"picked":"SKIP","floor":42},{"not_picked":["Weave","StepAndStrike"],"picked":"Halt+1","floor":45},{"not_picked":["FlurryOfBlows","FlyingSleeves","CrushJoints+1"],"picked":"SKIP","floor":47},{"not_picked":["FollowUp","Metaphysics"],"picked":"PathToVictory+1","floor":48}],"player_experience":1930091,"relics_obtained":[{"floor":7,"key":"Juzu Bracelet"},{"floor":9,"key":"Anchor"},{"floor":12,"key":"Pantograph"},{"floor":14,"key":"Boot"},{"floor":20,"key":"Red Mask"},{"floor":23,"key":"Pen Nib"},{"floor":25,"key":"Orichalcum"},{"floor":30,"key":"Dream Catcher"},{"floor":34,"key":"Vajra"},{"floor":34,"key":"Sundial"},{"floor":34,"key":"FossilizedHelix"},{"floor":36,"key":"Gambling Chip"},{"floor":40,"key":"Mummified Hand"},{"floor":42,"key":"Centennial Puzzle"},{"floor":43,"key":"Incense Burner"}],"event_choices":[{"damage_healed":0,"gold_gain":0,"player_choice":"Grow","damage_taken":0,"max_hp_gain":0,"max_hp_loss":0,"event_name":"Living Wall","floor":10,"gold_loss":0,"cards_upgraded":["Protect"]},{"damage_healed":0,"gold_gain":0,"player_choice":"Gave Potion","damage_taken":0,"relics_obtained":["Meat on the Bone"],"max_hp_gain":0,"max_hp_loss":0,"event_name":"WeMeetAgain","floor":11,"gold_loss":0},{"damage_healed":0,"gold_gain":0,"player_choice":"Fought Bandits","damage_taken":0,"max_hp_gain":0,"max_hp_loss":0,"event_name":"Masked Bandits","floor":20,"gold_loss":0},{"damage_healed":0,"gold_gain":0,"cards_transformed":["Strike_P","Strike_P"],"player_choice":"Became Test Subject","damage_taken":0,"max_hp_gain":0,"max_hp_loss":0,"event_name":"Drug Dealer","floor":21,"gold_loss":0,"cards_obtained":["ThirdEye","EmptyFist"]},{"damage_healed":0,"gold_gain":0,"player_choice":"Trade","damage_taken":0,"relics_obtained":["NlothsMask"],"max_hp_gain":0,"max_hp_loss":0,"event_name":"FaceTrader","floor":24,"gold_loss":0},{"damage_healed":0,"gold_gain":0,"player_choice":"Fight","damage_taken":0,"max_hp_gain":0,"max_hp_loss":0,"event_name":"MindBloom","floor":36,"gold_loss":0},{"damage_healed":0,"gold_gain":0,"player_choice":"Memory 3","damage_taken":10,"max_hp_gain":0,"max_hp_loss":0,"event_name":"SensoryStone","floor":37,"gold_loss":0},{"damage_healed":0,"gold_gain":222,"player_choice":"Wore Mask","damage_taken":0,"max_hp_gain":0,"max_hp_loss":0,"event_name":"Tomb of Lord Red Mask","floor":46,"gold_loss":0}],"is_beta":true,"boss_relics":[{"not_picked":["Empty Cage","Ectoplasm"],"picked":"Fusion Hammer"},{"not_picked":["Philosopher\u0027s Stone","HolyWater"],"picked":"Calling Bell"}],"items_purged_floors":[44],"is_endless":false,"potions_floor_spawned":[4,5,13,23,29,30,31,40,42,45,48],"ascension_level":2}