{"gold_per_floor":[110,110,135,135,310,345,66,79,79,120,20,20,43,58,58,187,187,210,51,94,94,94,126,126,144,169,199,199,218,68,84,84,181,181,195,195,212,212,227,253,353,353,353,366,366,400,622,636,636,636,636,636,65,98,98],"floor_reached":56,"playtime":3538,"items_purged":["Doubt","Strike_R","Strike_R","Strike_R","Strike_R"],"score":1570,"play_id":"91d602b7-13c3-4b87-9b37-d20988e60047","local_time":"20190623205102","is_ascension_mode":true,"campfire_choices":[{"data":"Anger","floor":12,"key":"SMITH"},{"data":"Shrug It Off","floor":15,"key":"SMITH"},{"floor":24,"key":"RECALL"},{"data":"True Grit","floor":28,"key":"SMITH"},{"data":"Feed","floor":32,"key":"SMITH"},{"data":"Feel No Pain","floor":42,"key":"SMITH"},{"data":"Demon Form","floor":45,"key":"SMITH"},{"data":"1","floor":49,"key":"LIFT"},{"data":"Bash","floor":52,"key":"SMITH"}],"neow_cost":"NONE","seed_source_timestamp":37426394972073,"circlet_count":0,"master_deck":["Defend_R","Defend_R","Defend_R","Defend_R","Bash+1","Intimidate+1","Anger+1","Disarm+1","Shrug It Off+1","Sever Soul","Offering","True Grit+1","Metallicize","Flex+1","Writhe","Inflame+1","Feel No Pain+1","Feed+1","Pummel","Offering","Madness","Madness","Demon Form+1","Burning Pact+1","Heavy Blade+1","Seeing Red+1"],"relics":["Burning Blood","Bloody Idol","Meat on the Bone","Magic Flower","PreservedInsect","Bag of Marbles","Centennial Puzzle","Blood Vial","Runic Pyramid","Red Mask","War Paint","Art of War","Orichalcum","Runic Cube","Calipers","Ginger","Question Card","Girya","Mummified Hand","Pear"],"potions_floor_usage":[10,16,33,33,33,37,50,50,55,55,55],"damage_taken":[{"damage":9,"enemies":"2 Louse","floor":1,"turns":3},{"damage":18,"enemies":"Jaw Worm","floor":3,"turns":4},{"damage":37,"enemies":"Gremlin Nob","floor":6,"turns":5},{"damage":0,"enemies":"Small Slimes","floor":8,"turns":3},{"damage":8,"enemies":"Lagavulin","floor":10,"turns":4},{"damage":16,"enemies":"Blue Slaver","floor":14,"turns":3},{"damage":47,"enemies":"The Guardian","floor":16,"turns":11},{"damage":15,"enemies":"Shell Parasite","floor":18,"turns":4},{"damage":40,"enemies":"Masked Bandits","floor":20,"turns":6},{"damage":26,"enemies":"Slavers","floor":23,"turns":7},{"damage":8,"enemies":"2 Thieves","floor":25,"turns":4},{"damage":6,"enemies":"Book of Stabbing","floor":27,"turns":5},{"damage":6,"enemies":"Centurion and Healer","floor":29,"turns":6},{"damage":8,"enemies":"Sentry and Sphere","floor":31,"turns":5},{"damage":39,"enemies":"Automaton","floor":33,"turns":8},{"damage":12,"enemies":"Orb Walker","floor":35,"turns":2},{"damage":28,"enemies":"3 Darklings","floor":37,"turns":5},{"damage":12,"enemies":"Maw","floor":39,"turns":6},{"damage":23,"enemies":"Nemesis","floor":40,"turns":5},{"damage":18,"enemies":"Mind Bloom Boss Battle","floor":41,"turns":6},{"damage":33,"enemies":"Jaw Worm Horde","floor":44,"turns":4},{"damage":52,"enemies":"Giant Head","floor":46,"turns":7},{"damage":43,"enemies":"Transient","floor":48,"turns":5},{"damage":30,"enemies":"Awakened One","floor":50,"turns":8},{"damage":39,"enemies":"Shield and Spear","floor":54,"turns":5},{"damage":94,"enemies":"The Heart","floor":55,"turns":7}],"seed_played":"608487426343680743","potions_obtained":[{"floor":8,"key":"SteroidPotion"},{"floor":10,"key":"GamblersBrew"},{"floor":14,"key":"SkillPotion"},{"floor":16,"key":"GamblersBrew"},{"floor":18,"key":"Strength Potion"},{"floor":25,"key":"Regen Potion"},{"floor":29,"key":"SpeedPotion"},{"floor":33,"key":"Explosive Potion"},{"floor":37,"key":"GamblersBrew"},{"floor":40,"key":"GamblersBrew"},{"floor":44,"key":"Energy Potion"},{"floor":48,"key":"EssenceOfSteel"},{"floor":54,"key":"Strength Potion"}],"is_trial":false,"path_per_floor":["M","?","M","?","?","E","$","M","T","E","$","R","T","M","R","B",null,"M","$","?","?","?","E","R","M","T","E","R","M","$","M","R","B",null,"M","?","M","?","M","E","?","R","T","M","R","E","?","M","R","B",null,"R","$","E","B",null],"character_chosen":"IRONCLAD","items_purchased":["PreservedInsect","Shrug It Off","Metallicize","Mummified Hand","LiquidBronze","Regen Potion"],"campfire_rested":0,"item_purchase_floors":[7,7,19,53,53,53],"current_hp_per_floor":[85,81,69,62,62,43,43,52,52,53,53,53,53,67,67,50,73,70,70,60,60,60,69,69,81,81,81,81,84,84,84,84,72,81,88,77,66,66,77,77,82,82,82,72,72,61,66,58,58,64,100,100,100,94,54],"gold":98,"neow_bonus":"TEN_PERCENT_HP_BONUS","is_prod":false,"is_daily":false,"chose_seed":false,"campfire_upgraded":7,"win_rate":0,"timestamp":1561337462,"path_taken":["M","?","M","?","?","E","?","M","T","E","$","R","?","M","R","BOSS","M","$","?","?","?","E","R","M","T","E","R","M","?","?","R","BOSS","M","?","M","?","M","E","?","R","T","M","R","E","?","M","R","BOSS","R","$","E","BOSS"],"build_version":"2019-01-23","purchased_purges":5,"victory":true,"max_hp_per_floor":[88,81,81,81,81,81,81,81,81,81,81,81,81,81,81,81,81,81,81,81,81,81,81,81,81,81,81,81,84,84,84,84,84,84,88,88,88,88,92,96,100,100,100,104,104,108,108,108,108,112,112,112,112,126,126],"card_choices":[{"not_picked":["Havoc","Warcry"],"picked":"Intimidate","floor":1},{"not_picked":["Sentinel","Headbutt"],"picked":"Anger","floor":3},{"not_picked":["Anger","Headbutt"],"picked":"Disarm","floor":6},{"not_picked":["Intimidate","Perfected Strike"],"picked":"Sever Soul","floor":8},{"not_picked":["Berserk","Anger","Warcry"],"picked":"SKIP","floor":10},{"not_picked":["Body Slam","Heavy Blade","Dropkick"],"picked":"SKIP","floor":14},{"not_picked":["Bludgeon","Juggernaut"],"picked":"Offering","floor":16},{"not_picked":["Sever Soul","Iron Wave"],"picked":"True Grit","floor":18},{"not_picked":["Iron Wave","Body Slam"],"picked":"Flex+1","floor":20},{"not_picked":["Carnage","Warcry"],"picked":"Inflame+1","floor":23},{"not_picked":["Anger","Thunderclap"],"picked":"Feel No Pain","floor":25},{"not_picked":["Dropkick","Inflame"],"picked":"Feed","floor":27},{"not_picked":["Body Slam+1","Shrug It Off","Sentinel"],"picked":"SKIP","floor":29},{"not_picked":["Iron Wave","Intimidate"],"picked":"Pummel","floor":31},{"not_picked":["Bludgeon","Impervious"],"picked":"Offering","floor":33},{"not_picked":["Wild Strike+1","Body Slam","Cleave+1"],"picked":"SKIP","floor":35},{"not_picked":["Heavy Blade+1","Cleave"],"picked":"Demon Form","floor":37},{"not_picked":["Intimidate+1","Wild Strike","Iron Wave"],"picked":"SKIP","floor":39},{"not_picked":["Rage","Dual Wield+1","Juggernaut"],"picked":"SKIP","floor":40},{"not_picked":["Blood for Blood","Pommel Strike+1","Thunderclap+1","Fire Breathing"],"picked":"SKIP","floor":44},{"not_picked":["Rage+1","Shockwave+1","Rupture+1"],"picked":"Burning Pact+1","floor":46},{"not_picked":["Sword Boomerang+1","Infernal Blade","Shockwave"],"picked":"Heavy Blade+1","floor":48},{"not_picked":["Combust+1","Wild Strike+1","Body Slam+1"],"picked":"Seeing Red+1","floor":54}],"player_experience":186367,"relics_obtained":[{"floor":6,"key":"Magic Flower"},{"floor":9,"key":"Bag of Marbles"},{"floor":10,"key":"Centennial Puzzle"},{"floor":13,"key":"Blood Vial"},{"floor":20,"key":"Red Mask"},{"floor":23,"key":"Art of War"},{"floor":27,"key":"Orichalcum"},{"floor":40,"key":"Calipers"},{"floor":41,"key":"Ginger"},{"floor":43,"key":"Question Card"},{"floor":46,"key":"Girya"},{"floor":54,"key":"Pear"}],"event_choices":[{"damage_healed":0,"gold_gain":0,"player_choice":"Lose Max HP","damage_taken":0,"relics_obtained":["Golden Idol"],"max_hp_gain":0,"max_hp_loss":7,"event_name":"Golden Idol","floor":2,"gold_loss":0},{"damage_healed":0,"gold_gain":0,"player_choice":"Success","damage_taken":7,"relics_obtained":["Meat on the Bone"],"max_hp_gain":0,"max_hp_loss":0,"event_name":"Scrap Ooze","floor":4,"gold_loss":0},{"damage_healed":0,"gold_gain":175,"player_choice":"AGREE","damage_taken":0,"max_hp_gain":0,"max_hp_loss":0,"event_name":"Liars Game","floor":5,"gold_loss":0,"cards_obtained":["Doubt"]},{"damage_healed":0,"gold_gain":0,"player_choice":"Fought Bandits","damage_taken":0,"max_hp_gain":0,"max_hp_loss":0,"event_name":"Masked Bandits","floor":20,"gold_loss":0},{"damage_healed":0,"gold_gain":0,"player_choice":"Opened","damage_taken":0,"relics_obtained":["War Paint"],"max_hp_gain":0,"max_hp_loss":0,"event_name":"The Mausoleum","floor":21,"gold_loss":0,"cards_obtained":["Writhe"]},{"damage_healed":0,"gold_gain":0,"player_choice":"Gave Idol","damage_taken":0,"relics_obtained":["Bloody Idol"],"max_hp_gain":0,"max_hp_loss":0,"event_name":"Forgotten Altar","floor":22,"relics_lost":["Golden Idol"],"gold_loss":0},{"damage_healed":0,"gold_gain":0,"player_choice":"Embrace Madness","damage_taken":11,"max_hp_gain":0,"max_hp_loss":0,"event_name":"Winding Halls","floor":36,"gold_loss":0,"cards_obtained":["Madness","Madness"]},{"cards_removed":["Strike_R"],"damage_healed":0,"gold_gain":0,"player_choice":"Removed Attack","damage_taken":0,"max_hp_gain":0,"max_hp_loss":0,"event_name":"Falling","floor":38,"gold_loss":0},{"damage_healed":0,"gold_gain":0,"player_choice":"Fight","damage_taken":0,"max_hp_gain":0,"max_hp_loss":0,"event_name":"MindBloom","floor":41,"gold_loss":0},{"damage_healed":0,"gold_gain":222,"player_choice":"Wore Mask","damage_taken":0,"max_hp_gain":0,"max_hp_loss":0,"event_name":"Tomb of Lord Red Mask","floor":47,"gold_loss":0}],"is_beta":false,"boss_relics":[{"not_picked":["Velvet Choker","Empty Cage"],"picked":"Runic Pyramid"},{"not_picked":["Runic Dome","White Beast Statue"],"picked":"Runic Cube"}],"items_purged_floors":[7,11,19,30,53],"is_endless":false,"potions_floor_spawned":[8,10,14,16,18,25,29,33,37,40,44,48,54],"ascension_level":5}