{"path_per_floor":["M","M","?","?","M","E","M","R","T","M","?","E","T","M","R","B",null,"M","M","M","M","M","R","E","?","T","?","M","M","?","$","R"],"character_chosen":"THE_SILENT","items_purchased":["Bag of Marbles","Secret Technique","Strength Potion","Swift Potion","Weak Potion","Jack Of All Trades","Catalyst","Dodge and Roll"],"gold_per_floor":[113,123,298,298,308,342,353,353,421,437,498,528,580,599,599,704,734,745,765,780,790,810,810,842,757,757,757,768,782,782,15,15],"floor_reached":33,"campfire_rested":1,"playtime":2362,"current_hp_per_floor":[70,70,70,56,56,44,42,42,42,42,31,33,33,37,37,23,79,69,64,66,68,62,62,17,17,17,17,10,1,1,1,27],"items_purged":["Doubt"],"gold":15,"play_id":"a497bf2e-ac73-47c8-bc8d-178407ce98d4","is_prod":false,"is_daily":false,"is_ascension_mode":true,"campfire_upgraded":3,"path_taken":["M","M","?","?","?","E","M","R","T","M","?","E","?","M","R","BOSS","M","M","M","M","M","R","E","?","T","?","M","M","?","$","R","BOSS"],"build_version":"2018-01-30-BETA2","purchased_purges":1,"victory":false,"master_deck":["Defend_G","Defend_G","Defend_G","Defend_G","Defend_G","Strike_G","Strike_G+1","Strike_G","Strike_G","Strike_G+1","Survivor","Neutralize+1","Predator","Backstab+1","Crippling Poison","Deadly Poison","Poisoned Stab","Backstab+1","Outmaneuver","Deadly Poison","After Image+1","Escape Plan","Blur+1","Distraction+1","Escape Plan+1","Secret Technique+1","Jack Of All Trades+1","Catalyst+1","Dodge and Roll+1"],"max_hp_per_floor":[70,70,70,70,70,70,70,70,70,70,70,70,70,72,72,72,79,81,83,85,87,87,87,87,87,87,87,89,89,89,89,89],"relics":["Ring of the Snake","NeowsBlessing","Frozen Egg 2","Mercury Hourglass","Blood Vial","Torii","Singing Bowl","Tiny House","Toxic Egg 2","Prayer Wheel","Ginger","Bag of Marbles"],"card_choices":[{"not_picked":["Prepared","Dodge and Roll"],"picked":"Predator"},{"not_picked":["PiercingWail","Bane"],"picked":"Backstab"},{"not_picked":["Acrobatics","Riddle With Holes"],"picked":"Crippling Poison"},{"not_picked":["PiercingWail","Slice"],"picked":"Deadly Poison"},{"not_picked":["Die Die Die","Predator"],"picked":"Poisoned Stab"},{"not_picked":["Backflip","Malaise"],"picked":"Backstab"},{"not_picked":["Slice","Skewer"],"picked":"Outmaneuver"},{"not_picked":["Endless Agony","Outmaneuver"],"picked":"Deadly Poison"},{"not_picked":["Envenom","Glass Knife"],"picked":"After Image"},{"not_picked":["Flying Knee","Expertise"],"picked":"Escape Plan"},{"not_picked":["Die Die Die","Dodge and Roll"],"picked":"Blur"},{"not_picked":["Acrobatics","Dodge and Roll"],"picked":"Distraction"},{"not_picked":["Backstab","Dodge and Roll"],"picked":"Escape Plan"}],"player_experience":25888,"potions_floor_usage":[6,6,12,12,16,19,20,22,28,29,33,33,33],"damage_taken":[{"damage":0,"enemies":"Small Slimes","floor":1,"turns":1},{"damage":0,"enemies":"Jaw Worm","floor":2,"turns":1},{"damage":0,"enemies":"Cultist","floor":5,"turns":1},{"damage":12,"enemies":"3 Sentries","floor":6,"turns":8},{"damage":2,"enemies":"Looter","floor":7,"turns":3},{"damage":0,"enemies":"3 Louse","floor":10,"turns":1},{"damage":11,"enemies":"Lagavulin Event","floor":11,"turns":5},{"damage":0,"enemies":"Gremlin Nob","floor":12,"turns":2},{"damage":0,"enemies":"Red Slaver","floor":14,"turns":2},{"damage":16,"enemies":"Hexaghost","floor":16,"turns":10},{"damage":12,"enemies":"2 Thieves","floor":18,"turns":3},{"damage":9,"enemies":"Shell Parasite","floor":19,"turns":5},{"damage":2,"enemies":"Centurion and Healer","floor":20,"turns":5},{"damage":2,"enemies":"Snecko","floor":21,"turns":5},{"damage":8,"enemies":"3 Cultists","floor":22,"turns":5},{"damage":47,"enemies":"Slavers","floor":24,"turns":8},{"damage":11,"enemies":"Centurion and Healer","floor":28,"turns":5},{"damage":11,"enemies":"Cultist and Chosen","floor":29,"turns":6},{"damage":39,"enemies":"Champ","floor":33,"turns":8}],"event_choices":[{"event_name":"Liars Game","player_choice":"agreed","floor":3,"damage_taken":0},{"event_name":"Shining Light","player_choice":"Entered Light","floor":4,"damage_taken":0},{"event_name":"Dead Adventurer","player_choice":"Searched \u00272\u0027 times","floor":11,"damage_taken":0},{"event_name":"Addict","player_choice":"Obtained Relic","floor":25,"damage_taken":0},{"event_name":"Cursed Tome","player_choice":"Ignored","floor":27,"damage_taken":0},{"event_name":"Drug Dealer","player_choice":"Ignored","floor":30,"damage_taken":0}],"boss_relics":[{"not_picked":["Lizard Tail","Ectoplasm"],"picked":"Tiny House"}],"potions_floor_spawned":[2,5,7,11,14,18,20,24,28],"seed_played":"3991064978501565202","killed_by":"Champ","ascension_level":1,"is_trial":false}