{"gold_per_floor":[116,116,116,130,130,130,149,22,90,100,113,75,94,113,113,210,210,230,243,243,263,178,178,128,147,147,147],"floor_reached":27,"playtime":2161,"items_purged":[],"score":207,"play_id":"10b0d2a4-0238-4f63-9434-1eab92d996d6","local_time":"20190128172435","is_ascension_mode":false,"campfire_choices":[{"data":"Seeing Red","floor":6,"key":"SMITH"},{"data":"Infernal Blade","floor":15,"key":"SMITH"},{"floor":23,"key":"REST"}],"neow_cost":"NONE","seed_source_timestamp":26464253834821,"circlet_count":0,"master_deck":["Strike_R","Strike_R","Strike_R","Strike_R","Strike_R","Defend_R+1","Defend_R","Defend_R","Defend_R","Bash+1","Seeing Red+1","Infernal Blade+1","Perfected Strike","Battle Trance","Anger","Cleave","Ghostly Armor","Twin Strike","Barricade","Iron Wave+1","Rampage+1","Feed+1","Anger","Armaments","PanicButton","Fiend Fire","Whirlwind","Warcry+1"],"relics":["Burning Blood","Bottled Flame","Astrolabe","Bag of Preparation","Mummified Hand"],"potions_floor_usage":[16,19,21],"damage_taken":[{"damage":5,"enemies":"2 Louse","floor":1,"turns":3},{"damage":8,"enemies":"Jaw Worm","floor":4,"turns":4},{"damage":0,"enemies":"Cultist","floor":7,"turns":3},{"damage":9,"enemies":"Gremlin Gang","floor":10,"turns":4},{"damage":9,"enemies":"Exordium Thugs","floor":11,"turns":4},{"damage":5,"enemies":"Lots of Slimes","floor":13,"turns":3},{"damage":0,"enemies":"3 Louse","floor":14,"turns":3},{"damage":40,"enemies":"Slime Boss","floor":16,"turns":10},{"damage":12,"enemies":"Spheric Guardian","floor":18,"turns":4},{"damage":3,"enemies":"Chosen","floor":19,"turns":4},{"damage":47,"enemies":"Shelled Parasite and Fungi","floor":21,"turns":10},{"damage":25,"enemies":"Snake Plant","floor":25,"turns":7},{"damage":57,"enemies":"Snecko","floor":27,"turns":6}],"seed_played":"-4972343967653338337","potions_obtained":[{"floor":1,"key":"SkillPotion"},{"floor":4,"key":"Block Potion"},{"floor":13,"key":"Poison Potion"},{"floor":16,"key":"Poison Potion"},{"floor":21,"key":"Regen Potion"},{"floor":25,"key":"Swift Potion"}],"is_trial":false,"path_per_floor":["M","?","?","M","?","R","M","$","T","M","M","$","M","M","R","B",null,"M","M","?","M","?","R","?","M","T","M"],"character_chosen":"IRONCLAD","items_purchased":["Perfected Strike","Battle Trance","Ghostly Armor"],"campfire_rested":1,"item_purchase_floors":[8,8,12],"current_hp_per_floor":[80,64,64,62,62,62,68,68,68,65,62,62,63,69,69,35,80,74,81,81,40,40,65,65,46,46,0],"gold":147,"neow_bonus":"THREE_CARDS","is_prod":false,"is_daily":false,"chose_seed":false,"campfire_upgraded":2,"win_rate":0.0,"timestamp":1548663875,"path_taken":["M","?","?","M","?","R","M","?","T","M","?","$","?","M","R","BOSS","M","M","?","?","?","R","?","?","T","M"],"build_version":"2019-01-23","purchased_purges":0,"victory":false,"max_hp_per_floor":[80,80,80,80,80,80,80,80,80,80,80,80,80,80,80,80,80,80,84,84,84,84,84,84,84,84,84],"card_choices":[{"not_picked":["Corruption","Bloodletting"],"picked":"Flex","floor":0},{"not_picked":["Thunderclap","Intimidate"],"picked":"Dropkick","floor":1},{"not_picked":["Flex","Inflame"],"picked":"Seeing Red","floor":4},{"not_picked":["Feel No Pain","Ghostly Armor"],"picked":"Infernal Blade","floor":7},{"not_picked":["Sword Boomerang","Hemokinesis"],"picked":"Anger","floor":10},{"not_picked":["Armaments","Sword Boomerang"],"picked":"Cleave","floor":11},{"not_picked":["Warcry","Armaments"],"picked":"Twin Strike","floor":13},{"not_picked":["Rupture","Headbutt"],"picked":"Twin Strike","floor":14},{"not_picked":["Brutality","Fiend Fire"],"picked":"Barricade","floor":16},{"not_picked":["Cleave","Dropkick"],"picked":"Anger","floor":18},{"not_picked":["Heavy Blade+1","Flame Barrier"],"picked":"Armaments","floor":19},{"not_picked":["Body Slam","Thunderclap+1"],"picked":"Whirlwind","floor":21},{"not_picked":["Perfected Strike","Heavy Blade"],"picked":"Warcry+1","floor":25}],"player_experience":5205,"relics_obtained":[{"floor":9,"key":"Bottled Flame"},{"floor":26,"key":"Mummified Hand"}],"event_choices":[{"damage_healed":0,"gold_gain":0,"player_choice":"Entered Light","damage_taken":16,"max_hp_gain":0,"max_hp_loss":0,"event_name":"Shining Light","floor":2,"gold_loss":0,"cards_upgraded":["Defend_R","Bash"]},{"damage_healed":0,"gold_gain":0,"player_choice":"Leave","damage_taken":0,"max_hp_gain":0,"max_hp_loss":0,"event_name":"The Cleric","floor":3,"gold_loss":0},{"damage_healed":0,"gold_gain":0,"player_choice":"Ignored","damage_taken":0,"max_hp_gain":0,"max_hp_loss":0,"event_name":"Liars Game","floor":5,"gold_loss":0},{"damage_healed":0,"gold_gain":0,"player_choice":"2 cards matched","damage_taken":0,"max_hp_gain":0,"max_hp_loss":0,"event_name":"Match and Keep!","floor":20,"gold_loss":0,"cards_obtained":["PanicButton","Fiend Fire"]},{"damage_healed":0,"gold_gain":0,"player_choice":"Obtained Relic","damage_taken":0,"relics_obtained":["Bag of Preparation"],"max_hp_gain":0,"max_hp_loss":0,"event_name":"Addict","floor":22,"gold_loss":85},{"damage_healed":0,"gold_gain":0,"player_choice":"Bet on Murderer","damage_taken":0,"max_hp_gain":0,"max_hp_loss":0,"event_name":"The Joust","floor":24,"gold_loss":50}],"is_beta":false,"boss_relics":[{"not_picked":["White Beast Statue","Mark of Pain"],"picked":"Astrolabe"}],"items_purged_floors":[],"is_endless":false,"potions_floor_spawned":[1,4,13,16,21,25],"killed_by":"Snecko","ascension_level":0}