{"gold_per_floor":[111,121,134,134,147,147,179,179,179,6,24,38,38,49,49,144,144,159,178,198,212,212,212,212],"floor_reached":24,"playtime":1504,"items_purged":["Strike_R"],"score":202,"play_id":"50fa060d-22e5-41c6-bc51-355bdddc7f08","local_time":"20190129235035","is_ascension_mode":false,"campfire_choices":[{"data":"Seeing Red","floor":6,"key":"SMITH"},{"data":"Limit Break","floor":8,"key":"SMITH"},{"floor":13,"key":"REST"},{"data":"Enlightenment","floor":15,"key":"SMITH"},{"floor":23,"key":"REST"}],"neow_cost":"NONE","seed_source_timestamp":136683386522605,"circlet_count":0,"master_deck":["Strike_R","Strike_R","Strike_R","Defend_R","Defend_R","Defend_R","Bash","Purity","Seeing Red+1","Iron Wave","Demon Form","Limit Break+1","Enlightenment+1","Seeing Red","Spot Weakness","Immolate","Barricade","Whirlwind","Limit Break","Iron Wave"],"relics":["Burning Blood","Centennial Puzzle","Bottled Tornado","Bag of Preparation","Busted Crown"],"potions_floor_usage":[7,16,24],"damage_taken":[{"damage":5,"enemies":"Small Slimes","floor":1,"turns":4},{"damage":5,"enemies":"Jaw Worm","floor":2,"turns":5},{"damage":1,"enemies":"Cultist","floor":3,"turns":4},{"damage":7,"enemies":"3 Louse","floor":5,"turns":5},{"damage":29,"enemies":"3 Sentries","floor":7,"turns":7},{"damage":9,"enemies":"Blue Slaver","floor":11,"turns":4},{"damage":15,"enemies":"Exordium Wildlife","floor":12,"turns":4},{"damage":16,"enemies":"Large Slime","floor":14,"turns":5},{"damage":25,"enemies":"Hexaghost","floor":16,"turns":8},{"damage":5,"enemies":"Chosen","floor":18,"turns":4},{"damage":16,"enemies":"Spheric Guardian","floor":19,"turns":4},{"damage":5,"enemies":"Cultist and Chosen","floor":20,"turns":4},{"damage":49,"enemies":"Sentry and Sphere","floor":21,"turns":6},{"damage":62,"enemies":"Book of Stabbing","floor":24,"turns":5}],"seed_played":"-8003946084096704170","potions_obtained":[{"floor":1,"key":"Poison Potion"},{"floor":3,"key":"Explosive Potion"},{"floor":5,"key":"Weak Potion"},{"floor":11,"key":"Strength Potion"},{"floor":12,"key":"Regen Potion"}],"is_trial":false,"path_per_floor":["M","M","M","?","M","R","E","R","T","$","M","M","R","M","R","B",null,"M","M","M","M","?","R","E"],"character_chosen":"IRONCLAD","items_purchased":["Enlightenment"],"campfire_rested":2,"item_purchase_floors":[10],"current_hp_per_floor":[80,80,80,62,61,61,38,38,38,38,35,26,50,40,40,21,80,80,70,71,28,28,52,0],"gold":212,"neow_bonus":"RANDOM_COLORLESS","is_prod":false,"is_daily":false,"chose_seed":false,"campfire_upgraded":3,"win_rate":0.0,"timestamp":1548773435,"path_taken":["M","M","M","?","M","R","E","R","T","$","M","M","R","M","R","BOSS","M","M","M","M","?","R","E"],"build_version":"2019-01-23","purchased_purges":1,"victory":false,"max_hp_per_floor":[80,80,80,80,80,80,80,80,80,80,80,80,80,80,80,80,80,80,80,80,80,80,80,80],"card_choices":[{"not_picked":["Pommel Strike","Havoc"],"picked":"Seeing Red","floor":1},{"not_picked":["Dropkick","Sword Boomerang"],"picked":"Iron Wave","floor":2},{"not_picked":["Warcry","Combust"],"picked":"Demon Form","floor":3},{"not_picked":["Pommel Strike","Clash","Perfected Strike"],"picked":"SKIP","floor":5},{"not_picked":["Sword Boomerang","Twin Strike"],"picked":"Limit Break","floor":7},{"not_picked":["Perfected Strike","Heavy Blade"],"picked":"Seeing Red","floor":11},{"not_picked":["Disarm","Sword Boomerang"],"picked":"Spot Weakness","floor":12},{"not_picked":["Sword Boomerang","Pommel Strike"],"picked":"Immolate","floor":14},{"not_picked":["Juggernaut","Dark Embrace"],"picked":"Barricade","floor":16},{"not_picked":["Evolve"],"picked":"SKIP","floor":18},{"not_picked":[],"picked":"Whirlwind","floor":19},{"not_picked":["Spot Weakness"],"picked":"SKIP","floor":20},{"not_picked":["Clash"],"picked":"SKIP","floor":21}],"player_experience":29484,"relics_obtained":[{"floor":7,"key":"Bottled Tornado"},{"floor":9,"key":"Bag of Preparation"}],"event_choices":[{"damage_healed":0,"gold_gain":0,"player_choice":"Success","damage_taken":18,"relics_obtained":["Centennial Puzzle"],"max_hp_gain":0,"max_hp_loss":0,"event_name":"Scrap Ooze","floor":4,"gold_loss":0},{"damage_healed":0,"gold_gain":0,"cards_transformed":["Strike_R","Defend_R"],"player_choice":"Became Test Subject","damage_taken":0,"max_hp_gain":0,"max_hp_loss":0,"event_name":"Drug Dealer","floor":22,"gold_loss":0,"cards_obtained":["Limit Break","Iron Wave"]}],"is_beta":false,"boss_relics":[{"not_picked":["Eternal Feather","Mark of Pain"],"picked":"Busted Crown"}],"items_purged_floors":[10],"is_endless":false,"potions_floor_spawned":[1,3,5,11,12],"killed_by":"Book of Stabbing","ascension_level":0}