{"gold_per_floor":[117,129,139,157,174,174,174,174,174,189,200,235,249,274,274,378,378,398,0,15,15,34,34,62,73,73,123,123,138,148,167,167,270,270,282,27,27,42,42,42,42,71,71,71,90,90,106,106,106,106],"floor_reached":51,"playtime":3281,"items_purged":["Strike_B","Strike_B"],"score":738,"play_id":"b492cab4-08ac-43d8-99ac-c8bf537dcbbc","local_time":"20190218204838","is_ascension_mode":false,"campfire_choices":[{"data":"Dualcast","floor":6.0,"key":"SMITH"},{"data":"Recycle","floor":8.0,"key":"SMITH"},{"data":"Zap","floor":15.0,"key":"SMITH"},{"data":"Seek","floor":23,"key":"SMITH"},{"data":"Buffer","floor":28,"key":"SMITH"},{"data":"Static Discharge","floor":32,"key":"SMITH"},{"data":"Capacitor","floor":40,"key":"SMITH"},{"data":"Leap","floor":44,"key":"SMITH"},{"data":"Ball Lightning","floor":46,"key":"SMITH"},{"floor":49,"key":"REST"}],"neow_cost":"NONE","seed_source_timestamp":0,"circlet_count":0,"master_deck":["Strike_B","Strike_B","Defend_B","Defend_B","Defend_B","Defend_B","Zap+1","Dualcast+1","Cold Snap","Ball Lightning+1","Leap+1","Seek+1","Recycle+1","Hello World","BootSequence+1","Capacitor+1","Heatsinks+1","Genetic Algorithm+1","Biased Cognition","Hologram+1","Static Discharge+1","White Noise+1","Buffer+1","Force Field+1","Steam Power+1","Consume+1","Defragment+1","Rainbow+1","Ball Lightning","Doom and Gloom+1","Good Instincts+1","Coolheaded+1"],"special_seed":0,"relics":["Cracked Core","Toxic Egg 2","Happy Flower","Mango","Sozu","Letter Opener","PreservedInsect","Pocketwatch","Lizard Tail","DataDisk","Pen Nib","Gremlin Horn"],"potions_floor_usage":[24],"damage_taken":[{"damage":0.0,"enemies":"Small Slimes","floor":1.0,"turns":3.0},{"damage":2.0,"enemies":"2 Louse","floor":2.0,"turns":3.0},{"damage":0.0,"enemies":"Cultist","floor":3.0,"turns":3.0},{"damage":0.0,"enemies":"Large Slime","floor":4.0,"turns":5.0},{"damage":1.0,"enemies":"Gremlin Gang","floor":5.0,"turns":5.0},{"damage":5.0,"enemies":"2 Fungi Beasts","floor":10.0,"turns":4.0},{"damage":15.0,"enemies":"Exordium Thugs","floor":11.0,"turns":4.0},{"damage":8.0,"enemies":"Lagavulin","floor":12.0,"turns":7.0},{"damage":0.0,"enemies":"Looter","floor":13.0,"turns":2.0},{"damage":2.0,"enemies":"3 Sentries","floor":14.0,"turns":5.0},{"damage":26.0,"enemies":"The Guardian","floor":16.0,"turns":13.0},{"damage":2.0,"enemies":"Chosen","floor":18.0,"turns":7.0},{"damage":0.0,"enemies":"Shell Parasite","floor":20.0,"turns":6.0},{"damage":2,"enemies":"Centurion and Healer","floor":22,"turns":6},{"damage":25,"enemies":"Slavers","floor":24,"turns":5},{"damage":0,"enemies":"Snake Plant","floor":25,"turns":4},{"damage":4,"enemies":"3 Cultists","floor":29,"turns":5},{"damage":0,"enemies":"Centurion and Healer","floor":30,"turns":6},{"damage":0,"enemies":"Snake Plant","floor":31,"turns":4},{"damage":18,"enemies":"Champ","floor":33,"turns":9},{"damage":9,"enemies":"3 Shapes","floor":35,"turns":5},{"damage":0,"enemies":"Orb Walker","floor":38,"turns":5},{"damage":0,"enemies":"Nemesis","floor":42,"turns":6},{"damage":6,"enemies":"Transient","floor":45,"turns":5},{"damage":17,"enemies":"4 Shapes","floor":47,"turns":3},{"damage":63,"enemies":"Awakened One","floor":50,"turns":13}],"seed_played":"-4404546134854390520","potions_obtained":[{"floor":2.0,"key":"FairyPotion"},{"floor":4.0,"key":"Block Potion"},{"floor":5.0,"key":"FearPotion"},{"floor":12.0,"key":"SkillPotion"},{"floor":13.0,"key":"Explosive Potion"},{"floor":14.0,"key":"Poison Potion"}],"is_trial":false,"path_per_floor":["M","M","M","M","M","R","?","R","T","M","M","E","M","E","R","B",null,"M","$","M","$","M","R","E","M","T","?","R","M","M","M","R","B",null,"M","$","?","M","?","R","$","E","T","R","M","R","M","?","R","B",null],"character_chosen":"DEFECT","items_purchased":["Letter Opener","Static Discharge","DataDisk"],"campfire_rested":1,"item_purchase_floors":[19,19,36],"current_hp_per_floor":[82,80,80,80,79,79,84,84,84,79,64,56,56,68,68,42,101,99,99,99,99,97,97,72,72,72,72,72,68,68,68,68,50,101,92,92,92,92,92,92,92,92,92,92,86,86,69,69,99,36],"gold":106,"neow_bonus":"TEN_PERCENT_HP_BONUS","is_prod":false,"is_daily":false,"chose_seed":false,"campfire_upgraded":9,"win_rate":0,"timestamp":1550490518,"path_taken":["M","M","M","M","M","R","?","R","T","M","M","E","M","E","R","BOSS","M","$","M","$","M","R","E","M","T","?","R","?","M","M","R","BOSS","M","$","?","?","?","R","?","E","T","R","M","R","?","?","R","BOSS"],"build_version":"2019-01-23","purchased_purges":2,"victory":true,"max_hp_per_floor":[82,82,82,82,82,82,87,87,87,87,87,87,87,101,101,101,101,101,101,101,101,101,101,101,101,101,101,101,101,101,101,101,101,101,101,101,101,101,101,101,101,101,101,101,101,101,101,101,101,101],"card_choices":[{"not_picked":["Hologram","Sweeping Beam"],"picked":"Cold Snap","floor":1.0},{"not_picked":["Stack","Compile Driver"],"picked":"Ball Lightning","floor":2.0},{"not_picked":["Heatsinks","Doom and Gloom"],"picked":"Leap","floor":3.0},{"not_picked":["Compile Driver","Rebound"],"picked":"Seek","floor":4.0},{"not_picked":["Stack","Beam Cell"],"picked":"Recycle","floor":5.0},{"not_picked":["Barrage","Gash"],"picked":"Hello World","floor":10.0},{"not_picked":["Gash","FTL"],"picked":"BootSequence+1","floor":11.0},{"not_picked":["Glacier+1","Coolheaded+1"],"picked":"Capacitor","floor":12.0},{"not_picked":["Loop","All For One"],"picked":"Heatsinks","floor":13.0},{"not_picked":["Barrage","Conserve Battery+1"],"picked":"Genetic Algorithm+1","floor":14.0},{"not_picked":["Thunder Strike","All For One"],"picked":"Biased Cognition","floor":16.0},{"not_picked":["Beam Cell+1","Rebound+1"],"picked":"Hologram+1","floor":18.0},{"not_picked":["Hologram+1","Tempest+1"],"picked":"White Noise+1","floor":20},{"not_picked":["Stack+1","Go for the Eyes","Hologram+1"],"picked":"SKIP","floor":22},{"not_picked":["Consume+1","Coolheaded+1"],"picked":"Buffer","floor":24},{"not_picked":["Gash","Blizzard"],"picked":"Force Field+1","floor":25},{"not_picked":["Cold Snap","Barrage"],"picked":"Steam Power+1","floor":29},{"not_picked":["Scrape","Buffer"],"picked":"Consume+1","floor":30},{"not_picked":["Double Energy+1","Beam Cell+1"],"picked":"Defragment+1","floor":31},{"not_picked":["Reboot+1","All For One"],"picked":"Rainbow+1","floor":33},{"not_picked":["Fusion+1","Go for the Eyes+1"],"picked":"Ball Lightning","floor":35},{"not_picked":["Compile Driver","Consume+1"],"picked":"Doom and Gloom+1","floor":38},{"not_picked":["Impatience+1","PanicButton+1"],"picked":"Good Instincts+1","floor":39},{"not_picked":["Blizzard+1","Turbo+1","Rebound+1"],"picked":"SKIP","floor":42},{"not_picked":["Hologram+1","Ball Lightning+1","Turbo+1"],"picked":"SKIP","floor":45},{"not_picked":["Hologram+1","Hyperbeam"],"picked":"Coolheaded+1","floor":47}],"player_experience":237448,"relics_obtained":[{"floor":9.0,"key":"Toxic Egg 2"},{"floor":12.0,"key":"Happy Flower"},{"floor":14.0,"key":"Mango"},{"floor":24,"key":"PreservedInsect"},{"floor":26,"key":"Pocketwatch"},{"floor":42,"key":"Pen Nib"},{"floor":43,"key":"Gremlin Horn"}],"event_choices":[{"damage_healed":0.0,"max_hp_gain":5.0,"max_hp_loss":0.0,"gold_gain":0.0,"event_name":"Big Fish","player_choice":"Donut","floor":7.0,"gold_loss":0.0,"damage_taken":0.0},{"damage_healed":0,"gold_gain":100,"player_choice":"Bet on Murderer","damage_taken":0,"max_hp_gain":0,"max_hp_loss":0,"event_name":"The Joust","floor":27,"gold_loss":50},{"damage_healed":0,"gold_gain":0,"player_choice":"Upgraded","damage_taken":0,"max_hp_gain":0,"max_hp_loss":0,"event_name":"Upgrade Shrine","floor":37,"gold_loss":0,"cards_upgraded":["Heatsinks"]},{"damage_healed":0,"gold_gain":0,"player_choice":"Memory 1","damage_taken":0,"max_hp_gain":0,"max_hp_loss":0,"event_name":"SensoryStone","floor":39,"gold_loss":0},{"damage_healed":0,"gold_gain":0,"player_choice":"Ignored","damage_taken":0,"max_hp_gain":0,"max_hp_loss":0,"event_name":"Mysterious Sphere","floor":48,"gold_loss":0}],"is_beta":false,"boss_relics":[{"not_picked":["Runic Pyramid","Orrery"],"picked":"Sozu"},{"not_picked":["Tiny House","Busted Crown"],"picked":"Lizard Tail"}],"items_purged_floors":[19,36],"is_endless":false,"potions_floor_spawned":[2,4,5,12,13,14,22,24,30,31,35,38],"ascension_level":0}