{"gold_per_floor":[113,129,142,154,165,192,192,27,27,27,12],"floor_reached":11,"playtime":304,"items_purged":["Strike_B"],"score":75,"play_id":"a4aa4d0e-ab85-4554-b5eb-43afa0692c59","local_time":"20181129095513","is_ascension_mode":false,"campfire_choices":[{"data":"Zap","floor":7,"key":"SMITH"}],"neow_cost":"NONE","seed_source_timestamp":1161541187244638,"circlet_count":0,"master_deck":["Strike_B","Strike_B","Strike_B","Defend_B","Defend_B","Defend_B","Defend_B","Zap+1","Dualcast","Dramatic Entrance","Scrape","Rebound","Scrape","Streamline","FTL","Scrape","Deep Breath"],"relics":["Cracked Core","Bottled Lightning","Symbiotic Virus","Golden Idol"],"potions_floor_usage":[5,6],"damage_taken":[{"damage":10,"enemies":"Small Slimes","floor":1,"turns":3},{"damage":3,"enemies":"2 Louse","floor":2,"turns":2},{"damage":6,"enemies":"Jaw Worm","floor":3,"turns":2},{"damage":9,"enemies":"2 Fungi Beasts","floor":4,"turns":2},{"damage":1,"enemies":"3 Louse","floor":5,"turns":2},{"damage":36,"enemies":"Lagavulin","floor":6,"turns":4},{"damage":10,"enemies":"Looter","floor":11,"turns":1}],"seed_played":"3683775468913609280","potions_obtained":[{"floor":1,"key":"Energy Potion"},{"floor":3,"key":"Strength Potion"}],"is_trial":false,"path_per_floor":["M","M","M","M","M","E","R","$","T","?","M"],"character_chosen":"DEFECT","items_purchased":["Deep Breath"],"campfire_rested":0,"item_purchase_floors":[8],"current_hp_per_floor":[65,62,56,47,46,10,10,10,10,10,0],"gold":12,"neow_bonus":"RANDOM_COLORLESS","is_prod":false,"is_daily":false,"chose_seed":false,"campfire_upgraded":1,"win_rate":0,"timestamp":1543506913,"path_taken":["M","M","M","M","M","E","R","$","T","?","M"],"build_version":"2018-11-15","purchased_purges":1,"victory":false,"max_hp_per_floor":[75,75,75,75,75,75,75,75,75,69,69],"card_choices":[{"not_picked":["Turbo","Streamline"],"picked":"Scrape","floor":1},{"not_picked":["Reinforced Body","Cold Snap"],"picked":"Rebound","floor":2},{"not_picked":["BootSequence","Cold Snap"],"picked":"Scrape","floor":3},{"not_picked":["BootSequence","Conserve Battery"],"picked":"Streamline","floor":4},{"not_picked":["Rebound","Force Field"],"picked":"FTL","floor":5},{"not_picked":["Auto Shields","Compile Driver"],"picked":"Scrape","floor":6}],"player_experience":280399,"relics_obtained":[{"floor":6,"key":"Bottled Lightning"},{"floor":9,"key":"Symbiotic Virus"}],"event_choices":[{"damage_healed":0,"gold_gain":0,"player_choice":"Lose Max HP","damage_taken":0,"relics_obtained":["Golden Idol"],"max_hp_gain":0,"max_hp_loss":6,"event_name":"Golden Idol","floor":10,"gold_loss":0}],"is_beta":true,"boss_relics":[],"items_purged_floors":[8],"is_endless":false,"potions_floor_spawned":[1,3],"killed_by":"Looter","ascension_level":0}