{"gold_per_floor":[112,127,77,27,41,41,76,8,61,61,74,74],"floor_reached":12,"playtime":386,"items_purged":[],"score":105,"play_id":"e80473ab-8b84-480d-9d37-095e6bae5af6","local_time":"20190727113555","is_ascension_mode":true,"campfire_choices":[{"data":"Bash","floor":6,"key":"SMITH"}],"neow_cost":"NONE","seed_source_timestamp":11176209653440,"circlet_count":0,"master_deck":["Strike_R","Strike_R","Defend_R","Defend_R","Defend_R","Defend_R","Bash+1","Wild Strike","Clothesline","Dual Wield","Flame Barrier","True Grit","Disarm","Thunderclap","Metallicize"],"relics":["Burning Blood","Bag of Marbles"],"potions_floor_usage":[5,7,12,12],"damage_taken":[{"damage":7,"enemies":"Jaw Worm","floor":1,"turns":2},{"damage":4,"enemies":"Small Slimes","floor":2,"turns":4},{"damage":2,"enemies":"Cultist","floor":5,"turns":4},{"damage":47,"enemies":"3 Sentries","floor":7,"turns":10},{"damage":15,"enemies":"2 Fungi Beasts","floor":11,"turns":4},{"damage":36,"enemies":"Gremlin Nob","floor":12,"turns":4}],"seed_played":"1429654667952394887","potions_obtained":[{"floor":1,"key":"PowerPotion"},{"floor":2,"key":"Fruit Juice"},{"floor":5,"key":"Explosive Potion"},{"floor":11,"key":"PowerPotion"}],"is_trial":false,"path_per_floor":["M","M","?","$","M","R","E","$","T","?","M","E"],"character_chosen":"IRONCLAD","items_purchased":["Strength Potion","Disarm"],"campfire_rested":0,"item_purchase_floors":[4,8],"current_hp_per_floor":[71,73,73,73,82,82,41,41,41,41,32,0],"gold":74,"neow_bonus":"TRANSFORM_CARD","is_prod":false,"is_daily":false,"chose_seed":false,"campfire_upgraded":1,"win_rate":0,"timestamp":1564241755,"path_taken":["M","M","?","$","M","R","E","$","T","?","?","E"],"build_version":"2019-07-17","purchased_purges":0,"victory":false,"max_hp_per_floor":[80,80,80,80,85,85,85,85,85,85,85,85],"card_choices":[{"not_picked":["Intimidate","Havoc"],"picked":"Clothesline","floor":1},{"not_picked":["Heavy Blade","Clash"],"picked":"Dual Wield","floor":2},{"not_picked":["Battle Trance","Shockwave"],"picked":"Flame Barrier","floor":5},{"not_picked":["Perfected Strike","Rupture"],"picked":"True Grit","floor":7},{"not_picked":["Sever Soul","Perfected Strike"],"picked":"Metallicize","floor":11}],"player_experience":319710,"relics_obtained":[{"floor":7,"key":"Bag of Marbles"}],"event_choices":[{"cards_removed":["Strike_R"],"damage_healed":0,"gold_gain":0,"player_choice":"Card Removal","damage_taken":0,"max_hp_gain":0,"max_hp_loss":0,"event_name":"The Cleric","floor":3,"gold_loss":50},{"damage_healed":0,"gold_gain":0,"cards_transformed":["Strike_R"],"player_choice":"Transformed","damage_taken":0,"max_hp_gain":0,"max_hp_loss":0,"event_name":"Transmorgrifier","floor":10,"gold_loss":0,"cards_obtained":["Thunderclap"]}],"is_beta":false,"boss_relics":[],"items_purged_floors":[],"is_endless":false,"potions_floor_spawned":[1,2,5,11],"killed_by":"Gremlin Nob","ascension_level":7}