{"gold_per_floor":[109,109,69,89,14,14,28,28,28,28,46,60,60,74,74,172,172,172],"floor_reached":18,"playtime":628,"items_purged":["Strike_P"],"score":152,"play_id":"1200eba8-7075-4c16-abf7-ef23f16a4248","local_time":"20190910234446","is_ascension_mode":false,"campfire_choices":[{"data":"Halt","floor":6,"key":"SMITH"},{"data":"Strike_P","floor":10,"key":"SMITH"},{"data":"Perseverance","floor":15,"key":"SMITH"}],"neow_cost":"NONE","seed_source_timestamp":277741021962744,"circlet_count":0,"master_deck":["Strike_P+1","Strike_P+1","Strike_P+1","Defend_P","Defend_P","Eruption","Vigilance","Halt+1","Meditate","PathToVictory","Perseverance+1","DeusExMachina"],"relics":["PureWater","NeowsBlessing","Gambling Chip","Empty Cage"],"potions_floor_usage":[12,14,14,14,16,16,16],"damage_taken":[{"damage":0,"enemies":"Jaw Worm","floor":1,"turns":1},{"damage":0,"enemies":"Small Slimes","floor":4,"turns":1},{"damage":0,"enemies":"Cultist","floor":7,"turns":1},{"damage":9,"enemies":"Looter","floor":11,"turns":4},{"damage":3,"enemies":"Red Slaver","floor":12,"turns":3},{"damage":17,"enemies":"Blue Slaver","floor":14,"turns":5},{"damage":28,"enemies":"Hexaghost","floor":16,"turns":11},{"damage":66,"enemies":"3 Byrds","floor":18,"turns":6}],"seed_played":"-7465234436966938853","potions_obtained":[{"floor":3,"key":"SneckoOil"},{"floor":3,"key":"EntropicBrew"},{"floor":3,"key":"LiquidBronze"},{"floor":12,"key":"AttackPotion"},{"floor":14,"key":"PowerPotion"},{"floor":16,"key":"Ancient Potion"}],"is_trial":false,"path_per_floor":["M","?","?","M","$","R","M","$","T","R","M","M","?","M","R","B",null,"M"],"character_chosen":"WATCHER","items_purchased":[],"campfire_rested":0,"item_purchase_floors":[],"current_hp_per_floor":[65,52,52,52,52,52,52,52,52,52,43,40,65,48,48,20,65,0],"gold":172,"neow_bonus":"THREE_ENEMY_KILL","is_prod":false,"is_daily":false,"chose_seed":false,"campfire_upgraded":3,"win_rate":0.0,"timestamp":1568173486,"path_taken":["M","?","?","M","$","R","M","$","T","R","M","?","?","M","R","BOSS","M"],"build_version":"2019-09-10","purchased_purges":1,"victory":false,"max_hp_per_floor":[65,65,65,65,65,65,65,65,65,65,65,65,65,65,65,65,65,65],"card_choices":[{"not_picked":["Crescendo","Sanctity"],"picked":"Halt","floor":1},{"not_picked":["DeceiveReality","EmptyBody"],"picked":"Meditate","floor":4},{"not_picked":["EmptyFist","Blasphemy","Protect"],"picked":"SKIP","floor":7},{"not_picked":["CrushJoints","FollowUp","EmptyFist"],"picked":"SKIP","floor":11},{"not_picked":["Consecrate","SpiritShield"],"picked":"PathToVictory","floor":12},{"not_picked":["Scrawl","Conclude"],"picked":"Perseverance","floor":14},{"not_picked":["Unraveling","Omniscience"],"picked":"DeusExMachina","floor":16}],"player_experience":175190,"relics_obtained":[{"floor":9,"key":"Gambling Chip"}],"event_choices":[{"damage_healed":0,"gold_gain":0,"player_choice":"Entered Light","damage_taken":13,"max_hp_gain":0,"max_hp_loss":0,"event_name":"Shining Light","floor":2,"gold_loss":0,"cards_upgraded":["Strike_P","Strike_P"]},{"damage_healed":0,"gold_gain":0,"player_choice":"Bought 3 Potions","damage_taken":0,"max_hp_gain":0,"max_hp_loss":0,"event_name":"The Woman in Blue","floor":3,"gold_loss":0},{"damage_healed":25,"gold_gain":0,"player_choice":"Full Heal","damage_taken":0,"max_hp_gain":0,"max_hp_loss":0,"event_name":"Wheel of Change","floor":13,"gold_loss":0}],"is_beta":true,"boss_relics":[{"not_picked":["SacredBark","Runic Dome"],"picked":"Empty Cage"}],"items_purged_floors":[5],"is_endless":false,"potions_floor_spawned":[11,12,14,16],"killed_by":"3 Byrds","ascension_level":0}