{"gold_per_floor":[114,128,55,68,86,86,113,113,113,130,142,170,184,200,200,296,296,313,333,48,48,67,22,22,32,114,114,146,146,146],"floor_reached":30,"playtime":2473,"items_purged":["Strike_G"],"score":314,"play_id":"28914cc7-b3e7-4be0-bb3c-6282361fa9ff","local_time":"20190201184236","is_ascension_mode":false,"campfire_choices":[{"data":"Dodge and Roll","floor":6,"key":"SMITH"},{"data":"Poisoned Stab","floor":8,"key":"SMITH"},{"data":"Poisoned Stab","floor":15,"key":"SMITH"},{"floor":27,"key":"RECALL"}],"neow_cost":"NONE","seed_source_timestamp":376442644776136,"circlet_count":0,"master_deck":["Defend_G","Defend_G","Defend_G","Defend_G","Strike_G","Strike_G","Strike_G","Survivor","Neutralize+1","Poisoned Stab+1","Well Laid Plans","Dodge and Roll+1","Poisoned Stab+1","Deadly Poison","Blur+1","Calculated Gamble+1","Deadly Poison+1","Cloak And Dagger+1","Dodge and Roll+1","Venomology+1","Catalyst+1","Bouncing Flask+1","Reflex+1","The Bomb+1","Infinite Blades","Skewer","Prepared+1","Dodge and Roll+1","Terror+1","Blade Dance+1"],"relics":["Ring of the Snake","Sundial","Toxic Egg 2","Mummified Hand","HoveringKite","WingedGreaves"],"potions_floor_usage":[19,28,28,30,30],"damage_taken":[{"damage":0,"enemies":"Jaw Worm","floor":1,"turns":5},{"damage":0,"enemies":"2 Louse","floor":2,"turns":4},{"damage":2,"enemies":"Small Slimes","floor":4,"turns":4},{"damage":1,"enemies":"3 Louse","floor":5,"turns":5},{"damage":6,"enemies":"Lagavulin","floor":7,"turns":7},{"damage":2,"enemies":"Blue Slaver","floor":10,"turns":4},{"damage":0,"enemies":"2 Fungi Beasts","floor":11,"turns":4},{"damage":18,"enemies":"Gremlin Nob","floor":12,"turns":6},{"damage":0,"enemies":"3 Louse","floor":13,"turns":3},{"damage":0,"enemies":"Lots of Slimes","floor":14,"turns":5},{"damage":0,"enemies":"Hexaghost","floor":16,"turns":9},{"damage":13,"enemies":"Spheric Guardian","floor":18,"turns":6},{"damage":8,"enemies":"3 Byrds","floor":19,"turns":8},{"damage":3,"enemies":"Centurion and Healer","floor":22,"turns":4},{"damage":0,"enemies":"Snake Plant","floor":25,"turns":2},{"damage":25,"enemies":"Slavers","floor":28,"turns":4},{"damage":4,"enemies":"Colosseum Slavers","floor":29,"turns":5},{"damage":34,"enemies":"Gremlin Leader","floor":30,"turns":4}],"seed_played":"1593026399423930070","potions_obtained":[{"floor":1,"key":"Dexterity Potion"},{"floor":5,"key":"Dexterity Potion"},{"floor":7,"key":"SkillPotion"},{"floor":10,"key":"Weak Potion"},{"floor":16,"key":"SkillPotion"},{"floor":19,"key":"AttackPotion"}],"is_trial":false,"path_per_floor":["M","M","$","M","M","R","E","R","T","M","M","E","M","M","R","B",null,"M","M","$","?","M","$","?","M","T","R","E","?","E"],"character_chosen":"THE_SILENT","items_purchased":["Well Laid Plans","Reflex+1","The Bomb+1","Dodge and Roll+1"],"campfire_rested":0,"item_purchase_floors":[3,20,20,23],"current_hp_per_floor":[70,70,70,68,67,67,61,61,61,59,59,41,41,41,41,41,70,57,49,49,49,46,46,46,46,46,46,21,17,0],"gold":146,"neow_bonus":"UPGRADE_CARD","is_prod":false,"is_daily":false,"chose_seed":false,"campfire_upgraded":3,"win_rate":0,"timestamp":1549014156,"path_taken":["M","M","$","M","M","R","E","R","T","M","M","E","M","M","R","BOSS","M","M","$","?","M","$","?","M","T","R","E","?","E"],"build_version":"2019-01-23","purchased_purges":1,"victory":false,"max_hp_per_floor":[70,70,70,70,70,70,70,70,70,70,70,70,70,70,70,70,70,70,70,70,70,70,70,70,70,70,70,70,70,70],"card_choices":[{"not_picked":["Bouncing Flask","Blade Dance"],"picked":"Poisoned Stab","floor":1},{"not_picked":["Riddle With Holes","Blade Dance","Quick Slash"],"picked":"SKIP","floor":2},{"not_picked":["Outmaneuver","Cloak And Dagger"],"picked":"Dodge and Roll","floor":4},{"not_picked":["Caltrops","Blade Dance"],"picked":"Poisoned Stab","floor":5},{"not_picked":["All Out Attack","Choke"],"picked":"Deadly Poison","floor":7},{"not_picked":["Poisoned Stab","Expertise+1"],"picked":"Blur+1","floor":10},{"not_picked":["Footwork","Heel Hook"],"picked":"Calculated Gamble+1","floor":11},{"not_picked":["Dash","Tools of the Trade"],"picked":"Deadly Poison+1","floor":12},{"not_picked":["Well Laid Plans","Flying Knee"],"picked":"Cloak And Dagger+1","floor":13},{"not_picked":["Well Laid Plans","Dagger Throw"],"picked":"Dodge and Roll+1","floor":14},{"not_picked":["A Thousand Cuts","Doppelganger+1"],"picked":"Venomology+1","floor":16},{"not_picked":["Cloak And Dagger+1","Tactician+1"],"picked":"Catalyst+1","floor":18},{"not_picked":["Quick Slash","Eviscerate+1"],"picked":"Bouncing Flask+1","floor":19},{"not_picked":["Outmaneuver+1","Underhanded Strike"],"picked":"Prepared+1","floor":22},{"not_picked":["Flying Knee+1","Quick Slash"],"picked":"Terror+1","floor":25},{"not_picked":["Storm of Steel+1","Choke"],"picked":"Blade Dance+1","floor":28}],"player_experience":68036,"relics_obtained":[{"floor":7,"key":"Sundial"},{"floor":9,"key":"Toxic Egg 2"},{"floor":12,"key":"Mummified Hand"},{"floor":28,"key":"WingedGreaves"}],"event_choices":[{"damage_healed":0,"gold_gain":0,"cards_transformed":["Strike_G","Defend_G"],"player_choice":"Became Test Subject","damage_taken":0,"max_hp_gain":0,"max_hp_loss":0,"event_name":"Drug Dealer","floor":21,"gold_loss":0,"cards_obtained":["Infinite Blades","Skewer"]},{"damage_healed":0,"gold_gain":0,"player_choice":"Fight","damage_taken":0,"max_hp_gain":0,"max_hp_loss":0,"event_name":"Colosseum","floor":29,"gold_loss":0},{"damage_healed":0,"gold_gain":0,"player_choice":"Fled From Nobs","damage_taken":0,"max_hp_gain":0,"max_hp_loss":0,"event_name":"Colosseum","floor":29,"gold_loss":0}],"is_beta":false,"boss_relics":[{"not_picked":["Snecko Eye","Lizard Tail"],"picked":"HoveringKite"}],"items_purged_floors":[20],"is_endless":false,"potions_floor_spawned":[1,5,7,10,12,16,18,19,29],"killed_by":"Gremlin Leader","ascension_level":0}