{"gold_per_floor":[115,130,145,164,184,184,218,234,234,309,309,322,352,370,370,468,468,488,488,507,507,521,547,547,547,572,584,611,623],"floor_reached":29,"playtime":1250,"items_purged":[],"score":259,"play_id":"1dbd79d4-6a4a-4a82-816f-7785bcb4d650","local_time":"20190216120425","is_ascension_mode":false,"campfire_choices":[{"data":"Carnage","floor":6,"key":"SMITH"},{"data":"Body Slam","floor":11,"key":"SMITH"},{"data":"Limit Break","floor":15,"key":"SMITH"},{"data":"Rupture","floor":25,"key":"SMITH"},{"floor":27,"key":"REST"}],"neow_cost":"NONE","seed_source_timestamp":179982416831223,"circlet_count":0,"master_deck":["Bash","Pommel Strike","Ghostly Armor","Rage","Body Slam+1","Carnage+1","Iron Wave","Limit Break+1","Disarm","Flex","Spot Weakness","Immolate","Heavy Blade","Burning Pact","Headbutt","Clothesline","True Grit+1","Sentinel","Combust","Flame Barrier","Flame Barrier","Havoc+1","Rupture+1","Warcry+1","Body Slam+1"],"relics":["Burning Blood","Art of War","Self Forming Clay","Dodecahedron","Ancient Tea Set","Pandora\u0027s Box","Mummified Hand","MawBank"],"potions_floor_usage":[7,16,23],"damage_taken":[{"damage":1,"enemies":"Cultist","floor":1,"turns":4},{"damage":0,"enemies":"2 Louse","floor":2,"turns":3},{"damage":10,"enemies":"Jaw Worm","floor":3,"turns":5},{"damage":2,"enemies":"Looter","floor":4,"turns":4},{"damage":3,"enemies":"Gremlin Gang","floor":5,"turns":6},{"damage":26,"enemies":"Lagavulin","floor":7,"turns":6},{"damage":0,"enemies":"2 Fungi Beasts","floor":8,"turns":3},{"damage":2,"enemies":"Blue Slaver","floor":12,"turns":2},{"damage":12,"enemies":"3 Sentries","floor":13,"turns":7},{"damage":4,"enemies":"Exordium Wildlife","floor":14,"turns":4},{"damage":49,"enemies":"Slime Boss","floor":16,"turns":15},{"damage":11,"enemies":"Shell Parasite","floor":18,"turns":5},{"damage":20,"enemies":"2 Thieves","floor":20,"turns":4},{"damage":15,"enemies":"Snake Plant","floor":22,"turns":4},{"damage":26,"enemies":"Slavers","floor":23,"turns":5},{"damage":11,"enemies":"Centurion and Healer","floor":28,"turns":8},{"damage":38,"enemies":"Gremlin Leader","floor":29,"turns":5}],"seed_played":"3196039577492919710","potions_obtained":[{"floor":2,"key":"Strength Potion"},{"floor":5,"key":"GamblersBrew"},{"floor":12,"key":"Weak Potion"},{"floor":13,"key":"Weak Potion"},{"floor":16,"key":"AttackPotion"},{"floor":20,"key":"PowerPotion"}],"is_trial":false,"path_per_floor":["M","M","M","M","M","R","E","M","T","?","R","M","E","M","R","B",null,"M","?","M","?","M","E","?","R","T","R","M","E"],"character_chosen":"IRONCLAD","items_purchased":[],"campfire_rested":1,"item_purchase_floors":[],"current_hp_per_floor":[80,80,76,80,80,80,60,66,66,55,55,59,53,55,55,12,80,75,60,46,46,37,17,17,17,17,42,37,0],"gold":623,"neow_bonus":"RANDOM_COMMON_RELIC","is_prod":false,"is_daily":false,"chose_seed":false,"campfire_upgraded":4,"win_rate":0,"timestamp":1550286265,"path_taken":["M","M","M","M","M","R","E","M","T","?","R","M","E","M","R","BOSS","M","?","M","?","M","E","?","R","T","R","?","E"],"build_version":"2019-01-23","purchased_purges":0,"victory":false,"max_hp_per_floor":[80,80,80,80,80,80,80,80,80,80,80,80,80,80,80,80,80,80,85,85,85,85,85,85,85,85,85,85,85],"card_choices":[{"not_picked":["Blood for Blood","Cleave"],"picked":"Pommel Strike","floor":1},{"not_picked":["Corruption","Warcry"],"picked":"Ghostly Armor","floor":2},{"not_picked":["Twin Strike","Clash"],"picked":"Rage","floor":3},{"not_picked":["Sever Soul","Shrug It Off"],"picked":"Body Slam","floor":4},{"not_picked":["Headbutt","Wild Strike"],"picked":"Carnage","floor":5},{"not_picked":["Flex","Thunderclap"],"picked":"Iron Wave","floor":7},{"not_picked":["Flex","True Grit"],"picked":"Limit Break","floor":8},{"not_picked":["Twin Strike","True Grit"],"picked":"Disarm","floor":12},{"not_picked":["Second Wind","Clash"],"picked":"Flex","floor":13},{"not_picked":["True Grit","Fire Breathing"],"picked":"Spot Weakness","floor":14},{"not_picked":["Reaper","Exhume"],"picked":"Immolate","floor":16},{"not_picked":["Wild Strike","Body Slam"],"picked":"Havoc+1","floor":18},{"not_picked":["Heavy Blade","Cleave"],"picked":"Rupture","floor":20},{"not_picked":["Wild Strike","Havoc"],"picked":"Warcry+1","floor":22},{"not_picked":["Cleave","Sever Soul"],"picked":"Body Slam+1","floor":23},{"not_picked":["Seeing Red","Burning Pact","Iron Wave"],"picked":"SKIP","floor":28}],"player_experience":232094,"relics_obtained":[{"floor":7,"key":"Self Forming Clay"},{"floor":9,"key":"Dodecahedron"},{"floor":13,"key":"Ancient Tea Set"},{"floor":23,"key":"Mummified Hand"},{"floor":26,"key":"MawBank"}],"event_choices":[{"damage_healed":0,"gold_gain":75,"player_choice":"Gather Gold","damage_taken":11,"max_hp_gain":0,"max_hp_loss":0,"event_name":"World of Goop","floor":10,"gold_loss":0},{"damage_healed":0,"gold_gain":0,"player_choice":"Shed Blood","damage_taken":20,"max_hp_gain":5,"max_hp_loss":0,"event_name":"Forgotten Altar","floor":19,"gold_loss":0},{"damage_healed":0,"gold_gain":0,"player_choice":"Simplicity","damage_taken":0,"max_hp_gain":0,"max_hp_loss":0,"event_name":"Back to Basics","floor":21,"gold_loss":0,"cards_upgraded":[]},{"damage_healed":0,"gold_gain":0,"player_choice":"Upgraded","damage_taken":0,"max_hp_gain":0,"max_hp_loss":0,"event_name":"Upgrade Shrine","floor":24,"gold_loss":0,"cards_upgraded":["True Grit"]}],"is_beta":false,"boss_relics":[{"not_picked":["Lizard Tail","Ectoplasm"],"picked":"Pandora\u0027s Box"}],"items_purged_floors":[],"is_endless":false,"potions_floor_spawned":[2,5,12,13,16,20],"killed_by":"Gremlin Leader","ascension_level":0}