{"path_per_floor":["M","$","?","?","$","E","R","?","T","E","M","M","M","M","R","B",null,"M","?","M","$","M","R","E","M","T","R","M","?","?","E","R","B",null,"M","?","?","M","?","E","R","$","T","M","R","M","M","M","R"],"character_chosen":"THE_SILENT","items_purchased":["Cloak And Dagger","Blur","Bottled Lightning","Strawberry","Infinite Blades","Block Potion","Dexterity Potion"],"gold_per_floor":[113,38,38,38,38,71,71,71,71,110,131,154,177,192,192,313,313,287,212,236,88,111,111,147,160,231,231,256,256,171,209,209,338,338,356,356,356,371,704,729,729,28,28,44,44,59,70,89,89],"floor_reached":50,"campfire_rested":4,"playtime":6216,"current_hp_per_floor":[70,70,70,70,70,70,70,70,70,70,70,70,70,70,70,61,70,68,68,68,68,36,57,49,48,48,48,48,48,48,29,53,64,80,66,56,56,54,54,2,26,33,33,33,59,60,56,56,56],"items_purged":["Strike_G","Strike_G","Madness"],"gold":89,"play_id":"e792b1a7-b862-462a-9c34-dd72d59da9a4","is_prod":false,"is_daily":false,"is_ascension_mode":false,"campfire_upgraded":4,"path_taken":["M","$","?","?","?","E","R","?","T","E","M","M","M","M","R","BOSS","M","?","M","$","M","R","E","M","T","R","M","?","?","E","R","BOSS","M","?","?","M","?","E","R","$","T","M","R","?","M","M","R","BOSS"],"build_version":"2018-02-02-BETA1","purchased_purges":3,"victory":false,"master_deck":["Defend_G","Defend_G","Defend_G","Defend_G","Defend_G+1","Strike_G","Strike_G","Survivor","Neutralize","Sucker Punch","Acrobatics","Caltrops+1","Venomology","Dodge and Roll","Well Laid Plans","Venomology","Cloak And Dagger","Flying Knee","Backflip+1","Caltrops+1","Deflect","PiercingWail+1","Trip","Backflip+1","Blur+1","Infinite Blades+1","Blur+1"],"max_hp_per_floor":[70,70,70,70,70,70,70,70,70,70,70,70,70,70,70,70,70,70,70,70,70,70,70,70,70,70,70,70,70,70,80,80,80,80,80,80,80,80,80,80,80,87,87,87,87,87,87,87,87],"relics":["Ring of the Snake","NeowsBlessing","Thread and Needle","Centennial Puzzle","Bronze Scales","Black Star","Smiling Mask","Gremlin Horn","Toolbox","Pantograph","Pear","Letter Opener","Lizard Tail","Toxic Egg 2","Frozen Egg 2","Bottled Lightning","Strawberry","Peace Pipe"],"card_choices":[{"not_picked":["Dodge and Roll","Deadly Poison"],"picked":"Sucker Punch"},{"not_picked":["Escape Plan","Dodge and Roll"],"picked":"Caltrops"},{"not_picked":["Underhanded Strike","Finisher"],"picked":"Venomology"},{"not_picked":["Deflect","Infinite Blades"],"picked":"Dodge and Roll"},{"not_picked":["Flying Knee","Skewer"],"picked":"Well Laid Plans"},{"not_picked":["After Image","Doppelganger"],"picked":"Venomology"},{"not_picked":["Catalyst","Underhanded Strike"],"picked":"Flying Knee"},{"not_picked":["Underhanded Strike","Outmaneuver"],"picked":"Backflip"},{"not_picked":["Riddle With Holes","After Image"],"picked":"Deflect"},{"not_picked":["Deadly Poison","Heel Hook"],"picked":"PiercingWail"},{"not_picked":["Bane","Sucker Punch"],"picked":"Backflip"},{"not_picked":["Predator","Dagger Throw"],"picked":"Blur"}],"player_experience":73856,"potions_floor_usage":[48,48,50,50,50,50],"damage_taken":[{"damage":0.0,"enemies":"Jaw Worm","floor":1.0,"turns":1.0},{"damage":0.0,"enemies":"Lagavulin","floor":6.0,"turns":1.0},{"damage":0.0,"enemies":"Gremlin Nob","floor":10.0,"turns":1.0},{"damage":0.0,"enemies":"Cultist","floor":11.0,"turns":4.0},{"damage":0.0,"enemies":"Small Slimes","floor":12.0,"turns":2.0},{"damage":0.0,"enemies":"3 Louse","floor":13.0,"turns":3.0},{"damage":0.0,"enemies":"2 Fungi Beasts","floor":14.0,"turns":3.0},{"damage":9.0,"enemies":"The Guardian","floor":16.0,"turns":14.0},{"damage":2.0,"enemies":"2 Thieves","floor":18.0,"turns":5.0},{"damage":0.0,"enemies":"Spheric Guardian","floor":20.0,"turns":6.0},{"damage":32.0,"enemies":"Chosen and Byrds","floor":22.0,"turns":10.0},{"damage":8.0,"enemies":"Book of Stabbing","floor":24.0,"turns":8.0},{"damage":1.0,"enemies":"3 Cultists","floor":25.0,"turns":6.0},{"damage":0.0,"enemies":"Sentry and Sphere","floor":28.0,"turns":7.0},{"damage":29.0,"enemies":"Slavers","floor":31.0,"turns":6.0},{"damage":29.0,"enemies":"Champ","floor":33.0,"turns":23.0},{"damage":14.0,"enemies":"Flame Bruiser 1 Orb","floor":35.0,"turns":9.0},{"damage":2.0,"enemies":"Orb Walker","floor":38.0,"turns":5.0},{"damage":138.0,"enemies":"Nemesis","floor":40.0,"turns":17.0},{"damage":0.0,"enemies":"Flame Bruiser 2 Orb","floor":44.0,"turns":9.0},{"damage":11.0,"enemies":"Sphere and 2 Shapes","floor":46.0,"turns":7.0},{"damage":4.0,"enemies":"4 Shapes","floor":47.0,"turns":6.0},{"damage":0,"enemies":"3 Darklings","floor":48,"turns":7},{"damage":86,"enemies":"Donu and Deca","floor":50,"turns":10}],"event_choices":[{"event_name":"Transmorgrifier","player_choice":"Transform","floor":3.0,"damage_taken":0.0},{"event_name":"Golden Idol","player_choice":"Take Wound","floor":4.0,"damage_taken":0.0},{"event_name":"The Lab","player_choice":"Got Potions","floor":8.0,"damage_taken":0.0},{"event_name":"Beggar","player_choice":"Gave Gold","floor":19.0,"damage_taken":0.0},{"event_name":"The Library","player_choice":"Read","floor":29.0,"damage_taken":0.0},{"event_name":"Addict","player_choice":"Obtained Relic","floor":30.0,"damage_taken":0.0},{"event_name":"Winding Halls","player_choice":"Embrace Madness","floor":36.0,"damage_taken":0.0},{"event_name":"Transmorgrifier","player_choice":"Transform","floor":37.0,"damage_taken":0.0},{"event_name":"The Moai Head","player_choice":"Gave Idol","floor":39.0,"damage_taken":0.0}],"boss_relics":[],"potions_floor_spawned":[10,11,12,16,18,22,25,38,46,47],"seed_played":"-107772627200053669","killed_by":"Donu and Deca","ascension_level":0,"is_trial":false}