{"path_per_floor":["M","M","$","M","M","R","E","R","T","?","?","M","M","?","R"],"character_chosen":"DEFECT","items_purchased":[],"gold_per_floor":[114,129,54,69,84,84,114,114,114,114,114,129,144,144,144,144],"floor_reached":16,"campfire_rested":1,"playtime":1011,"item_purchase_floors":[],"current_hp_per_floor":[75,75,75,73,75,75,54,54,54,75,80,80,74,58,80,0],"items_purged":["Defend_B"],"gold":144,"score":102,"play_id":"af10ab2a-43fb-4c00-a637-0ba11deb9394","local_time":"20180526233258","daily_mods":["Allstar","Uncertain Future","Vintage"],"is_prod":false,"is_daily":true,"chose_seed":false,"is_ascension_mode":false,"campfire_upgraded":2,"win_rate":0,"timestamp":1527370378,"campfire_choices":[{"data":"Transmutation","floor":6,"key":"SMITH"},{"data":"Self Repair","floor":8,"key":"SMITH"},{"floor":15,"key":"REST"}],"path_taken":["M","M","$","M","M","R","E","R","T","?","?","M","M","?","R","BOSS"],"build_version":"2018-05-25","seed_source_timestamp":0,"purchased_purges":1,"victory":false,"master_deck":["Strike_B+1","Strike_B","Strike_B","Strike_B","Defend_B","Defend_B","Defend_B","Zap","Dualcast","Secret Technique+1","Transmutation+1","Blind","Good Instincts","Self Repair+1"],"max_hp_per_floor":[75,75,75,75,75,75,75,75,75,75,80,80,80,80,80,80],"relics":["Cracked Core","Kunai","Thread and Needle","Bird Faced Urn","Bag of Preparation","Gambling Chip","Pantograph","Juzu Bracelet","Toolbox"],"card_choices":[{"not_picked":["Static Discharge","Fusion"],"picked":"Self Repair","floor":7}],"player_experience":99446,"potions_floor_usage":[7,16,16],"damage_taken":[{"damage":0,"enemies":"2 Louse","floor":1,"turns":4},{"damage":0,"enemies":"Cultist","floor":2,"turns":3},{"damage":2,"enemies":"Small Slimes","floor":4,"turns":3},{"damage":0,"enemies":"3 Louse","floor":5,"turns":4},{"damage":21,"enemies":"Gremlin Nob","floor":7,"turns":5},{"damage":2,"enemies":"Large Slime","floor":12,"turns":5},{"damage":8,"enemies":"Lots of Slimes","floor":13,"turns":3},{"damage":88,"enemies":"Hexaghost","floor":16,"turns":16}],"relics_obtained":[{"floor":1,"key":"Kunai"},{"floor":2,"key":"Thread and Needle"},{"floor":4,"key":"Bird Faced Urn"},{"floor":5,"key":"Bag of Preparation"},{"floor":7,"key":"Gambling Chip"},{"floor":9,"key":"Pantograph"},{"floor":12,"key":"Juzu Bracelet"},{"floor":13,"key":"Toolbox"}],"event_choices":[{"event_name":"Bonfire Elementals","player_choice":"UNCOMMON","floor":10,"damage_taken":0},{"event_name":"Big Fish","player_choice":"Donut","floor":11,"damage_taken":0},{"event_name":"Shining Light","player_choice":"Entered Light","floor":14,"damage_taken":0}],"boss_relics":[],"items_purged_floors":[3],"potions_floor_spawned":[4,7,12,13],"seed_played":"-369248960118146204","killed_by":"Hexaghost","ascension_level":0,"potions_obtained":[{"floor":4,"key":"PowerPotion"},{"floor":7,"key":"Energy Potion"},{"floor":12,"key":"Regen Potion"},{"floor":13,"key":"Block Potion"}],"is_trial":false}