{"gold_per_floor":[367,367,80,94,110,110,144,158,211,224,224,189,189,207,207,333,333,348,348,15,38,138,138,176,176,200,200,160,199,199,324,324,324],"floor_reached":33,"playtime":1318,"items_purged":["Strike_B"],"score":381,"play_id":"c43e3f05-b266-4921-866d-a9c7e3a32791","local_time":"20190129171047","is_ascension_mode":false,"campfire_choices":[{"data":"White Noise","floor":6,"key":"SMITH"},{"data":"Creative AI","floor":15,"key":"SMITH"},{"data":"Consume","floor":23,"key":"SMITH"},{"data":"Seek","floor":25,"key":"SMITH"},{"floor":27,"key":"REST"},{"floor":32,"key":"REST"}],"neow_cost":"PERCENT_DAMAGE","seed_source_timestamp":469848251273689,"circlet_count":0,"master_deck":["Strike_B","Strike_B","Strike_B","Defend_B","Defend_B","Defend_B","Defend_B","Zap","Dualcast","Rebound","White Noise+1","Flash of Steel","Ball Lightning","Conserve Battery","Gash","Seek+1","Conserve Battery","Go for the Eyes","Creative AI+1","Buffer","Ball Lightning+1","Ghostly","Ghostly","Ghostly","Ghostly","Ghostly","Glacier","Consume+1","BootSequence+1","FTL"],"relics":["Cracked Core","Golden Idol","Juzu Bracelet","Tiny Chest","Inserter","Bottled Tornado","Boot","Lantern","Dream Catcher","Nloth\u0027s Gift","Emotion Chip","Meat on the Bone"],"potions_floor_usage":[8,10,16,24,29,29,31,33],"damage_taken":[{"damage":1,"enemies":"Cultist","floor":1,"turns":3},{"damage":8,"enemies":"Small Slimes","floor":4,"turns":2},{"damage":0,"enemies":"2 Louse","floor":5,"turns":1},{"damage":17,"enemies":"Gremlin Nob","floor":7,"turns":4},{"damage":2,"enemies":"Exordium Thugs","floor":8,"turns":4},{"damage":4,"enemies":"Gremlin Gang","floor":10,"turns":2},{"damage":0,"enemies":"Blue Slaver","floor":14,"turns":2},{"damage":0,"enemies":"Slime Boss","floor":16,"turns":6},{"damage":32,"enemies":"2 Thieves","floor":18,"turns":5},{"damage":4,"enemies":"Spheric Guardian","floor":21,"turns":5},{"damage":29,"enemies":"Slavers","floor":24,"turns":5},{"damage":1,"enemies":"Book of Stabbing","floor":29,"turns":7},{"damage":0,"enemies":"Colosseum Slavers","floor":31,"turns":5},{"damage":5,"enemies":"Colosseum Nobs","floor":31,"turns":5},{"damage":30,"enemies":"Automaton","floor":33,"turns":10}],"seed_played":"-52586955641918037","potions_obtained":[{"floor":4,"key":"Swift Potion"},{"floor":5,"key":"EssenceOfSteel"},{"floor":8,"key":"AttackPotion"},{"floor":16,"key":"SpeedPotion"},{"floor":21,"key":"PowerPotion"},{"floor":24,"key":"FocusPotion"},{"floor":28,"key":"Energy Potion"},{"floor":29,"key":"SkillPotion"}],"is_trial":false,"path_per_floor":["M","?","$","M","M","R","E","M","T","M","?","?","?","M","R","B",null,"M","?","$","M","?","R","E","R","T","R","?","E","?","?","R","B"],"character_chosen":"DEFECT","items_purchased":["White Noise","Flash of Steel","Ball Lightning","Bottled Tornado","Glacier"],"campfire_rested":2,"item_purchase_floors":[3,3,3,20,20],"current_hp_per_floor":[53,35,35,27,27,27,10,8,8,4,22,40,40,40,40,40,72,40,36,36,32,32,32,3,3,3,13,13,12,12,7,17,0],"gold":324,"neow_bonus":"TWO_FIFTY_GOLD","is_prod":false,"is_daily":false,"chose_seed":false,"campfire_upgraded":4,"win_rate":0,"timestamp":1548803447,"path_taken":["M","?","$","M","M","R","E","M","T","M","?","?","?","M","R","BOSS","M","?","$","M","?","R","E","R","T","R","?","E","?","?","R","BOSS"],"build_version":"2019-01-23","purchased_purges":1,"victory":false,"max_hp_per_floor":[75,75,75,75,75,75,75,75,75,75,75,75,72,72,72,72,72,72,36,36,36,36,36,36,36,36,36,36,36,36,36,36,36],"card_choices":[{"not_picked":["Turbo","Redo"],"picked":"Rebound","floor":1},{"not_picked":["Rebound","Leap"],"picked":"Conserve Battery","floor":4},{"not_picked":["Hologram","Fusion"],"picked":"Gash","floor":5},{"not_picked":["Coolheaded","Steam"],"picked":"Seek","floor":7},{"not_picked":["Coolheaded","Rebound"],"picked":"Conserve Battery","floor":8},{"not_picked":["Force Field","Turbo"],"picked":"Go for the Eyes","floor":10},{"not_picked":["Barrage","Steam"],"picked":"Creative AI","floor":14},{"not_picked":["Machine Learning","Thunder Strike"],"picked":"Buffer","floor":16},{"not_picked":["Coolheaded","Consume+1"],"picked":"Ball Lightning+1","floor":18},{"not_picked":["Ball Lightning","Redo"],"picked":"Consume","floor":21},{"not_picked":["Rainbow","Ball Lightning"],"picked":"BootSequence+1","floor":24},{"not_picked":["Redo","Beam Cell"],"picked":"FTL","floor":29}],"player_experience":410860,"relics_obtained":[{"floor":7,"key":"Juzu Bracelet"},{"floor":9,"key":"Tiny Chest"},{"floor":24,"key":"Boot"},{"floor":26,"key":"Lantern"},{"floor":29,"key":"Dream Catcher"},{"floor":31,"key":"Emotion Chip"},{"floor":31,"key":"Meat on the Bone"}],"event_choices":[{"damage_healed":0,"gold_gain":0,"player_choice":"Take Damage","damage_taken":18,"relics_obtained":["Golden Idol"],"max_hp_gain":0,"max_hp_loss":0,"event_name":"Golden Idol","floor":2,"gold_loss":0},{"damage_healed":18,"gold_gain":0,"player_choice":"Healed and dodged fight","damage_taken":0,"max_hp_gain":0,"max_hp_loss":0,"event_name":"Mushrooms","floor":11,"gold_loss":0,"cards_obtained":["Parasite"]},{"damage_healed":18,"gold_gain":0,"player_choice":"Healed","damage_taken":0,"max_hp_gain":0,"max_hp_loss":0,"event_name":"The Cleric","floor":12,"gold_loss":35},{"cards_removed":["Parasite"],"damage_healed":0,"gold_gain":0,"player_choice":"Offered Curse","damage_taken":0,"relics_obtained":["Spirit Poop"],"max_hp_gain":0,"max_hp_loss":0,"event_name":"Bonfire Elementals","floor":13,"gold_loss":0},{"damage_healed":0,"gold_gain":0,"player_choice":"Became a Ghost","damage_taken":0,"max_hp_gain":0,"max_hp_loss":36,"event_name":"Ghosts","floor":19,"gold_loss":0,"cards_obtained":["Ghostly","Ghostly","Ghostly","Ghostly","Ghostly"]},{"damage_healed":0,"gold_gain":100,"player_choice":"Pray","damage_taken":0,"max_hp_gain":0,"max_hp_loss":0,"event_name":"Golden Shrine","floor":22,"gold_loss":0},{"damage_healed":0,"gold_gain":0,"player_choice":"Bought 3 Potions","damage_taken":0,"max_hp_gain":0,"max_hp_loss":0,"event_name":"The Woman in Blue","floor":28,"gold_loss":0},{"damage_healed":0,"gold_gain":0,"player_choice":"Traded Relic","damage_taken":0,"relics_obtained":["Nloth\u0027s Gift"],"max_hp_gain":0,"max_hp_loss":0,"event_name":"N\u0027loth","floor":30,"relics_lost":["Spirit Poop"],"gold_loss":0},{"damage_healed":0,"gold_gain":0,"player_choice":"Fight","damage_taken":0,"max_hp_gain":0,"max_hp_loss":0,"event_name":"Colosseum","floor":31,"gold_loss":0},{"damage_healed":0,"gold_gain":0,"player_choice":"Fought Nobs","damage_taken":0,"max_hp_gain":0,"max_hp_loss":0,"event_name":"Colosseum","floor":31,"gold_loss":0}],"is_beta":true,"boss_relics":[{"not_picked":["Calling Bell","Eternal Feather"],"picked":"Inserter"}],"items_purged_floors":[3],"is_endless":false,"potions_floor_spawned":[4,5,8,16,21,24,29],"killed_by":"Automaton","ascension_level":0}