{"gold_per_floor":[110,60,77,97,112,112,138,150,174,206,222,241,253,272,272,272],"floor_reached":16,"playtime":850,"items_purged":[],"score":118,"play_id":"f03ab580-3619-4c19-970e-e615206a468f","local_time":"20190217215817","is_ascension_mode":false,"campfire_choices":[{"data":"Dualcast","floor":6,"key":"SMITH"},{"data":"Zap","floor":15,"key":"SMITH"}],"neow_cost":"NONE","seed_source_timestamp":302413870635228,"circlet_count":0,"master_deck":["Strike_B","Strike_B","Strike_B","Defend_B","Defend_B","Defend_B","Zap+1","Dualcast+1","Ball Lightning","Ball Lightning","Leap","Go for the Eyes","Steam","Heatsinks","Biased Cognition","Beam Cell","Conserve Battery","Rebound"],"relics":["Cracked Core","Ginger","Art of War","Juzu Bracelet"],"potions_floor_usage":[5,7,10,14],"damage_taken":[{"damage":0,"enemies":"2 Louse","floor":1,"turns":2},{"damage":6,"enemies":"Jaw Worm","floor":3,"turns":3},{"damage":0,"enemies":"Small Slimes","floor":4,"turns":2},{"damage":0,"enemies":"Gremlin Gang","floor":5,"turns":2},{"damage":14,"enemies":"Gremlin Nob","floor":7,"turns":3},{"damage":2,"enemies":"2 Fungi Beasts","floor":8,"turns":3},{"damage":3,"enemies":"3 Sentries","floor":10,"turns":6},{"damage":5,"enemies":"Exordium Wildlife","floor":11,"turns":3},{"damage":13,"enemies":"Gremlin Gang","floor":12,"turns":4},{"damage":1,"enemies":"2 Fungi Beasts","floor":13,"turns":3},{"damage":0,"enemies":"3 Louse","floor":14,"turns":2},{"damage":32,"enemies":"Hexaghost","floor":16,"turns":9}],"seed_played":"-879584577267258290","potions_obtained":[{"floor":1,"key":"Strength Potion"},{"floor":3,"key":"AttackPotion"},{"floor":8,"key":"Fire Potion"},{"floor":11,"key":"SkillPotion"},{"floor":14,"key":"Energy Potion"}],"is_trial":false,"path_per_floor":["M","?","M","M","M","R","E","M","T","E","M","M","M","M","R","B"],"character_chosen":"DEFECT","items_purchased":[],"campfire_rested":0,"item_purchase_floors":[],"current_hp_per_floor":[75,75,69,69,69,69,55,53,53,50,45,32,31,31,31,0],"gold":272,"neow_bonus":"REMOVE_CARD","is_prod":false,"is_daily":false,"chose_seed":false,"campfire_upgraded":2,"win_rate":0,"timestamp":1550408297,"path_taken":["M","?","M","M","M","R","E","M","T","E","M","M","M","M","R","BOSS"],"build_version":"2019-01-23","purchased_purges":0,"victory":false,"max_hp_per_floor":[75,75,75,75,75,75,75,75,75,75,75,75,75,75,75,75],"card_choices":[{"not_picked":["Leap","Beam Cell"],"picked":"Ball Lightning","floor":1},{"not_picked":["Blizzard","Barrage"],"picked":"Ball Lightning","floor":3},{"not_picked":["Rip and Tear","Hologram"],"picked":"Leap","floor":4},{"not_picked":["Turbo","Conserve Battery"],"picked":"Go for the Eyes","floor":5},{"not_picked":["Rebound","Ball Lightning"],"picked":"Steam","floor":7},{"not_picked":["Ball Lightning","Melter"],"picked":"Heatsinks","floor":8},{"not_picked":["Rebound","Turbo"],"picked":"Biased Cognition","floor":10},{"not_picked":["Barrage","Aggregate"],"picked":"Beam Cell","floor":11},{"not_picked":["Beam Cell","Chaos"],"picked":"Conserve Battery","floor":12},{"not_picked":["Blizzard","Hologram","Sweeping Beam"],"picked":"SKIP","floor":13},{"not_picked":["Leap","Stack"],"picked":"Rebound","floor":14}],"player_experience":233861,"relics_obtained":[{"floor":7,"key":"Ginger"},{"floor":9,"key":"Art of War"},{"floor":10,"key":"Juzu Bracelet"}],"event_choices":[{"cards_removed":["Defend_B"],"damage_healed":0,"gold_gain":0,"player_choice":"Card Removal","damage_taken":0,"max_hp_gain":0,"max_hp_loss":0,"event_name":"The Cleric","floor":2,"gold_loss":50}],"is_beta":false,"boss_relics":[],"items_purged_floors":[],"is_endless":false,"potions_floor_spawned":[1,3,8,11,14],"killed_by":"Hexaghost","ascension_level":0}