{"gold_per_floor":[216,233,233,233,252,252,262,273,273,48,48,63,63,92,92,189,239,253,253,253,268,299,299,333,333,333,333,348,348,368,386,386,386],"floor_reached":33,"playtime":1330,"items_purged":["Strike_B"],"score":372,"play_id":"5182dce7-a1fd-47af-b098-fd36223d336a","local_time":"20190908104413","is_ascension_mode":true,"campfire_choices":[{"data":"Zap","floor":6,"key":"SMITH"},{"data":"Dualcast","floor":11,"key":"SMITH"},{"floor":15,"key":"REST"},{"data":"Sunder","floor":23,"key":"SMITH"},{"floor":25,"key":"REST"},{"data":"Rainbow","floor":29,"key":"SMITH"},{"data":"Fission","floor":32,"key":"SMITH"}],"neow_cost":"NONE","seed_source_timestamp":84359280528600,"circlet_count":0,"master_deck":["Strike_B+1","Defend_B","Defend_B","Defend_B+1","Zap+1","Dualcast+1","Beam Cell","Ball Lightning+1","Coolheaded","FTL","Core Surge","Steam","Sunder+1","Loop+1","White Noise+1","Rainbow+1","Reprogram","Fission+1","Leap","Self Repair"],"relics":["Cracked Core","Strawberry","Blue Candle","Blood Vial","Pocketwatch","Tiny House","Red Mask","Anchor","Pear"],"potions_floor_usage":[18,24,24,33,33],"damage_taken":[{"damage":4,"enemies":"2 Louse","floor":1,"turns":2},{"damage":1,"enemies":"Cultist","floor":2,"turns":3},{"damage":2,"enemies":"Jaw Worm","floor":5,"turns":3},{"damage":0,"enemies":"Large Slime","floor":7,"turns":4},{"damage":2,"enemies":"3 Louse","floor":8,"turns":3},{"damage":0,"enemies":"2 Fungi Beasts","floor":12,"turns":3},{"damage":15,"enemies":"Gremlin Nob","floor":14,"turns":4},{"damage":17,"enemies":"The Guardian","floor":16,"turns":10},{"damage":0,"enemies":"Spheric Guardian","floor":18,"turns":1},{"damage":0,"enemies":"Chosen","floor":21,"turns":4},{"damage":20,"enemies":"Masked Bandits","floor":22,"turns":4},{"damage":33,"enemies":"Book of Stabbing","floor":24,"turns":5},{"damage":4,"enemies":"Centurion and Healer","floor":28,"turns":4},{"damage":0,"enemies":"Cultist and Chosen","floor":30,"turns":5},{"damage":8,"enemies":"Sentry and Sphere","floor":31,"turns":4},{"damage":63,"enemies":"Champ","floor":33,"turns":11}],"seed_played":"-8479981623304291809","potions_obtained":[{"floor":2,"key":"Fire Potion"},{"floor":5,"key":"Ancient Potion"},{"floor":14,"key":"Dexterity Potion"},{"floor":17,"key":"AttackPotion"},{"floor":21,"key":"LiquidBronze"},{"floor":28,"key":"AttackPotion"},{"floor":31,"key":"Poison Potion"}],"is_trial":false,"path_per_floor":["M","M","?","?","M","R","M","M","T","$","R","M","?","E","R","B",null,"M","?","?","M","?","R","E","R","T","?","M","R","M","M","R","B"],"character_chosen":"DEFECT","items_purchased":["Blood Vial"],"campfire_rested":2,"item_purchase_floors":[10],"current_hp_per_floor":[64,63,56,63,61,61,61,59,59,59,59,61,45,32,56,41,77,79,79,62,64,46,46,15,42,52,52,50,50,52,46,46,0],"gold":386,"neow_bonus":"HUNDRED_GOLD","is_prod":false,"is_daily":false,"chose_seed":false,"campfire_upgraded":5,"win_rate":0,"timestamp":1567907053,"path_taken":["M","M","?","?","M","R","M","M","T","$","R","?","?","E","R","BOSS","M","?","?","M","?","R","E","R","T","?","M","R","M","M","R","BOSS"],"build_version":"2019-07-17","purchased_purges":1,"victory":false,"max_hp_per_floor":[75,75,75,82,82,82,82,82,82,82,82,82,82,82,82,82,87,87,87,92,92,92,92,92,92,102,102,102,102,102,102,102,102],"card_choices":[{"not_picked":["Compile Driver","Chaos","Coolheaded"],"picked":"SKIP","floor":1},{"not_picked":["Stack","Turbo","Steam"],"picked":"SKIP","floor":2},{"not_picked":["Rebound","Double Energy"],"picked":"Beam Cell","floor":5},{"not_picked":["Beam Cell","Reprogram"],"picked":"Ball Lightning","floor":7},{"not_picked":["Heatsinks","Hologram","Coolheaded"],"picked":"SKIP","floor":8},{"not_picked":["Consume","Rebound"],"picked":"Coolheaded","floor":12},{"not_picked":["Aggregate","Consume"],"picked":"FTL","floor":14},{"not_picked":["Amplify","Echo Form"],"picked":"Core Surge","floor":16},{"not_picked":["Gash","Darkness"],"picked":"Steam","floor":17},{"not_picked":["Hello World+1","Beam Cell"],"picked":"Sunder","floor":18},{"not_picked":["Go for the Eyes","Scrape"],"picked":"Loop+1","floor":21},{"not_picked":["Multi-Cast","Recycle"],"picked":"White Noise+1","floor":22},{"not_picked":["Reprogram+1","Coolheaded"],"picked":"Rainbow","floor":24},{"not_picked":["Rip and Tear","Loop"],"picked":"Leap","floor":28},{"not_picked":["Doom and Gloom","Force Field","Sweeping Beam+1"],"picked":"SKIP","floor":30},{"not_picked":["Sunder","Reinforced Body"],"picked":"Self Repair","floor":31}],"player_experience":363656,"relics_obtained":[{"floor":9,"key":"Blue Candle"},{"floor":14,"key":"Pocketwatch"},{"floor":22,"key":"Red Mask"},{"floor":24,"key":"Anchor"},{"floor":26,"key":"Pear"}],"event_choices":[{"cards_removed":["Strike_B"],"damage_healed":0,"gold_gain":0,"player_choice":"Card Removal","damage_taken":7,"max_hp_gain":0,"max_hp_loss":0,"event_name":"Golden Wing","floor":3,"gold_loss":0},{"damage_healed":0,"gold_gain":0,"player_choice":"Gave Potion","damage_taken":0,"relics_obtained":["Strawberry"],"max_hp_gain":0,"max_hp_loss":0,"event_name":"WeMeetAgain","floor":4,"gold_loss":0},{"damage_healed":0,"gold_gain":0,"player_choice":"Entered Light","damage_taken":16,"max_hp_gain":0,"max_hp_loss":0,"event_name":"Shining Light","floor":13,"gold_loss":0,"cards_upgraded":["Defend_B","Strike_B"]},{"damage_healed":0,"gold_gain":0,"player_choice":"Ignored","damage_taken":0,"max_hp_gain":0,"max_hp_loss":0,"event_name":"Ghosts","floor":19,"gold_loss":0},{"damage_healed":0,"gold_gain":0,"player_choice":"Shed Blood","damage_taken":22,"max_hp_gain":5,"max_hp_loss":0,"event_name":"Forgotten Altar","floor":20,"gold_loss":0},{"damage_healed":0,"gold_gain":0,"player_choice":"Fought Bandits","damage_taken":0,"max_hp_gain":0,"max_hp_loss":0,"event_name":"Masked Bandits","floor":22,"gold_loss":0},{"damage_healed":0,"gold_gain":0,"cards_transformed":["Defend_B","Strike_B"],"player_choice":"Became Test Subject","damage_taken":0,"max_hp_gain":0,"max_hp_loss":0,"event_name":"Drug Dealer","floor":27,"gold_loss":0,"cards_obtained":["Reprogram","Fission"]}],"is_beta":false,"boss_relics":[{"not_picked":["Runic Dome","Black Star"],"picked":"Tiny House"}],"items_purged_floors":[10],"is_endless":false,"potions_floor_spawned":[2,5,14,21,22,28,31],"killed_by":"Champ","ascension_level":6}