{"gold_per_floor":[13,13,13,30,46,46,60,87,136,136,136,171,246,122,122,218,218,233,148,167,183,201,201],"floor_reached":23,"playtime":704,"items_purged":["Strike_B"],"score":276,"play_id":"0878d380-3116-413e-8ec4-08c647a6483c","local_time":"20190101080441","is_ascension_mode":false,"campfire_choices":[{"data":"Echo Form","floor":6,"key":"SMITH"},{"data":"Zap","floor":10,"key":"SMITH"},{"data":"Strike_B","floor":15,"key":"PURGE"}],"neow_cost":"NO_GOLD","seed_source_timestamp":1002033588436060,"circlet_count":0,"master_deck":["Strike_B","Defend_B","Defend_B+1","Defend_B+1","Zap+1","Dualcast","Echo Form+1","Redo","Rebound","Ball Lightning","Rip and Tear","Machine Learning","Skim","Storm","Seek","Leap","Hologram+1","Leap+1"],"relics":["Cracked Core","Shuriken","Smiling Mask","Peace Pipe","War Paint","Sozu","Bronze Scales"],"potions_floor_usage":[8,8,16],"damage_taken":[{"damage":0,"enemies":"2 Louse","floor":1,"turns":2},{"damage":0,"enemies":"Cultist","floor":4,"turns":4},{"damage":1,"enemies":"Jaw Worm","floor":5,"turns":3},{"damage":19,"enemies":"Blue Slaver","floor":7,"turns":3},{"damage":0,"enemies":"Gremlin Nob","floor":8,"turns":2},{"damage":11,"enemies":"Lagavulin","floor":12,"turns":5},{"damage":0,"enemies":"The Guardian","floor":16,"turns":9},{"damage":8,"enemies":"Spheric Guardian","floor":18,"turns":4},{"damage":7,"enemies":"3 Byrds","floor":20,"turns":2},{"damage":13,"enemies":"Snake Plant","floor":21,"turns":4},{"damage":29,"enemies":"3 Cultists","floor":22,"turns":5},{"damage":17,"enemies":"Gremlin Leader","floor":23,"turns":1}],"seed_played":"5180768404215849757","potions_obtained":[{"floor":4,"key":"SteroidPotion"},{"floor":7,"key":"Strength Potion"},{"floor":12,"key":"Poison Potion"}],"is_trial":false,"path_per_floor":["M","?","?","M","M","R","M","E","T","R","T","E","?","$","R","B",null,"M","?","M","M","M","E"],"character_chosen":"DEFECT","items_purchased":["Storm"],"campfire_rested":0,"item_purchase_floors":[14],"current_hp_per_floor":[75,68,68,68,67,67,48,48,48,48,48,37,26,26,26,26,75,67,67,60,47,18,1],"gold":201,"neow_bonus":"THREE_RARE_CARDS","is_prod":false,"is_daily":false,"chose_seed":false,"campfire_upgraded":2,"win_rate":0,"timestamp":1546351481,"path_taken":["M","?","?","M","?","R","M","E","T","R","?","E","?","?","R","BOSS","M","?","M","M","M","E"],"build_version":"2018-12-25","purchased_purges":1,"victory":false,"max_hp_per_floor":[75,75,75,75,75,75,75,75,75,75,75,75,75,75,75,75,75,75,75,75,75,75,75],"card_choices":[{"not_picked":["Rainbow","Meteor Strike"],"picked":"Echo Form","floor":0},{"not_picked":["Barrage","Beam Cell","Compile Driver"],"picked":"SKIP","floor":1},{"not_picked":["Beam Cell","Steam"],"picked":"Rebound","floor":4},{"not_picked":["Steam","Storm"],"picked":"Ball Lightning","floor":5},{"not_picked":["Ball Lightning","Loop"],"picked":"Rip and Tear","floor":7},{"not_picked":["Rebound","Scrape"],"picked":"Machine Learning","floor":8},{"not_picked":["Gash","Darkness"],"picked":"Skim","floor":12},{"not_picked":["Meteor Strike","Fission"],"picked":"Seek","floor":16},{"not_picked":["Heatsinks","FTL"],"picked":"Leap","floor":18},{"not_picked":["Melter","Turbo","Auto Shields"],"picked":"SKIP","floor":20},{"not_picked":["Streamline","Rebound+1"],"picked":"Hologram+1","floor":21},{"not_picked":["Beam Cell","Ball Lightning"],"picked":"Leap+1","floor":22}],"player_experience":389461,"relics_obtained":[{"floor":8,"key":"Shuriken"},{"floor":9,"key":"Smiling Mask"},{"floor":11,"key":"Peace Pipe"},{"floor":12,"key":"War Paint"}],"event_choices":[{"cards_removed":["Strike_B"],"damage_healed":0,"gold_gain":0,"player_choice":"Card Removal","damage_taken":7,"max_hp_gain":0,"max_hp_loss":0,"event_name":"Golden Wing","floor":2,"gold_loss":0},{"damage_healed":0,"gold_gain":0,"cards_transformed":["Defend_B"],"player_choice":"Transformed","damage_taken":0,"max_hp_gain":0,"max_hp_loss":0,"event_name":"Transmorgrifier","floor":3,"gold_loss":0,"cards_obtained":["Redo"]},{"damage_healed":0,"gold_gain":75,"player_choice":"Gather Gold","damage_taken":11,"max_hp_gain":0,"max_hp_loss":0,"event_name":"World of Goop","floor":13,"gold_loss":0},{"damage_healed":0,"gold_gain":0,"player_choice":"Obtained Relic","damage_taken":0,"relics_obtained":["Bronze Scales"],"max_hp_gain":0,"max_hp_loss":0,"event_name":"Addict","floor":19,"gold_loss":85}],"is_beta":true,"boss_relics":[{"not_picked":["Eternal Feather","Velvet Choker"],"picked":"Sozu"}],"items_purged_floors":[14],"is_endless":false,"potions_floor_spawned":[4,7,12,20,22],"killed_by":"Gremlin Leader","ascension_level":0}