{"path_per_floor":["M","?","M","T","?","E","M","R","T","?","M","E","M","M","R","B",null,"M","?","?","M","?","E","T","R","T","$","R","E","?","M","R","B",null,"M","?","?","M","$","M","R","$","T","M","M","R","?","M","R","B"],"character_chosen":"IRONCLAD","items_purchased":["Flex","Gremlin Horn","Strength Potion","Strength Potion","Block Potion","Flex","Block Potion"],"gold_per_floor":[117,117,129,180,180,206,218,218,218,218,234,263,281,301,301,402,402,419,419,419,433,433,464,489,489,513,154,154,184,184,195,195,296,296,310,310,310,323,70,85,85,12,12,23,43,43,43,54,54,54],"floor_reached":51,"campfire_rested":1,"playtime":2562,"current_hp_per_floor":[80,85,85,85,85,85,85,85,85,85,85,73,69,73,73,54,85,85,85,85,85,85,79,79,79,79,79,79,71,71,65,65,33,85,73,62,62,46,46,45,45,45,45,47,29,29,29,26,51,21],"items_purged":["Strike_R","Juggernaut"],"gold":54,"score":771,"play_id":"1b532415-be95-4606-b711-c5a2f76a3b70","local_time":"20180313152856","is_prod":false,"is_daily":false,"is_ascension_mode":false,"campfire_upgraded":7,"timestamp":1520951336,"path_taken":["M","?","M","?","?","E","M","R","T","?","M","E","M","M","R","BOSS","M","?","?","?","?","E","?","R","T","$","R","E","?","M","R","BOSS","M","?","?","M","$","?","R","$","T","M","M","R","?","M","R","BOSS"],"build_version":"2018-03-09","purchased_purges":2,"victory":true,"master_deck":["Strike_R","Defend_R+1","Bash+1","Shrug It Off+1","Cleave","Flame Barrier+1","Offering+1","Thunderclap","Iron Wave","Iron Wave","Whirlwind","Fiend Fire+1","Heavy Blade+1","Clash","Writhe","Flex+1","Flex+1","Dropkick+1","Battle Trance","Limit Break","Dark Embrace+1","Limit Break+1","Seeing Red","Madness","Madness","Clash+1","Heavy Blade+1","Flex+1","Anger+1","Flex+1","Clash+1"],"max_hp_per_floor":[80,85,85,85,85,85,85,85,85,85,85,85,85,85,85,85,85,85,85,85,85,85,85,85,85,85,85,85,85,85,85,85,85,85,85,85,85,85,85,85,85,85,85,85,85,85,85,85,85,85],"relics":["Burning Blood","NeowsBlessing","Happy Flower","Red Skull","Oddly Smooth Stone","Mark of Pain","Pen Nib","Gambling Chip","War Paint","Anchor","Gremlin Horn","Dodecahedron","Nloth\u0027s Gift","Astrolabe","Bottled Tornado"],"card_choices":[{"not_picked":["Armaments","Metallicize"],"picked":"Shrug It Off"},{"not_picked":["Evolve","Wild Strike"],"picked":"Cleave"},{"not_picked":["Rage","Sword Boomerang"],"picked":"Offering"},{"not_picked":["Power Through","True Grit"],"picked":"Thunderclap"},{"not_picked":["Wild Strike","Anger"],"picked":"Iron Wave"},{"not_picked":["Shrug It Off","Metallicize"],"picked":"Iron Wave"},{"not_picked":["Iron Wave","True Grit"],"picked":"Whirlwind"},{"not_picked":["Bludgeon","Barricade"],"picked":"Fiend Fire"},{"not_picked":["Perfected Strike","Blood for Blood"],"picked":"Heavy Blade"},{"not_picked":["Wild Strike","Sword Boomerang"],"picked":"Clash"},{"not_picked":["Infernal Blade","Sword Boomerang"],"picked":"Flex"},{"not_picked":["Infernal Blade","Thunderclap"],"picked":"Dropkick"},{"not_picked":["Wild Strike","Bludgeon"],"picked":"Battle Trance"},{"not_picked":["Barricade","Bludgeon"],"picked":"Limit Break"},{"not_picked":["Cleave","Pommel Strike"],"picked":"Seeing Red"},{"not_picked":["Warcry","Pommel Strike"],"picked":"Clash"},{"not_picked":["Seeing Red","Intimidate"],"picked":"Heavy Blade"},{"not_picked":["Cleave","Ghostly Armor"],"picked":"Anger"},{"not_picked":["Rupture","Clash"],"picked":"Flex"},{"not_picked":["Twin Strike","Body Slam"],"picked":"Clash"}],"player_experience":37735,"potions_floor_usage":[16,16,23,23,23,40,40,48,50],"damage_taken":[{"damage":0,"enemies":"Cultist","floor":1,"turns":1},{"damage":0,"enemies":"Small Slimes","floor":3,"turns":2},{"damage":0,"enemies":"3 Sentries","floor":6,"turns":2},{"damage":0,"enemies":"2 Louse","floor":7,"turns":2},{"damage":3,"enemies":"Exordium Wildlife","floor":11,"turns":4},{"damage":18,"enemies":"Gremlin Nob","floor":12,"turns":3},{"damage":10,"enemies":"Looter","floor":13,"turns":3},{"damage":2,"enemies":"Exordium Thugs","floor":14,"turns":5},{"damage":25,"enemies":"Slime Boss","floor":16,"turns":7},{"damage":4,"enemies":"Chosen","floor":18,"turns":2},{"damage":4,"enemies":"Shell Parasite","floor":21,"turns":2},{"damage":15,"enemies":"Slavers","floor":23,"turns":2},{"damage":14,"enemies":"Book of Stabbing","floor":29,"turns":3},{"damage":12,"enemies":"Snake Plant","floor":31,"turns":3},{"damage":38,"enemies":"Champ","floor":33,"turns":10},{"damage":18,"enemies":"3 Shapes","floor":35,"turns":2},{"damage":22,"enemies":"Orb Walker","floor":38,"turns":3},{"damage":7,"enemies":"Sphere and 2 Shapes","floor":40,"turns":3},{"damage":4,"enemies":"3 Darklings","floor":44,"turns":1},{"damage":24,"enemies":"4 Shapes","floor":45,"turns":2},{"damage":9,"enemies":"Maw","floor":48,"turns":5},{"damage":36,"enemies":"Awakened One","floor":50,"turns":5}],"event_choices":[{"event_name":"Big Fish","player_choice":"Donut","floor":2,"damage_taken":0},{"event_name":"Transmorgrifier","player_choice":"Transform","floor":5,"damage_taken":0},{"event_name":"Living Wall","player_choice":"Forget","floor":10,"damage_taken":0},{"event_name":"Purifier","player_choice":"One Purge","floor":19,"damage_taken":0},{"event_name":"Upgrade Shrine","player_choice":"Upgraded","floor":20,"damage_taken":0},{"event_name":"The Mausoleum","player_choice":"Yes","floor":22,"damage_taken":0},{"event_name":"N\u0027loth","player_choice":"Traded a Bronze Scales","floor":30,"damage_taken":0},{"event_name":"Winding Halls","player_choice":"Embrace Madness","floor":36,"damage_taken":0},{"event_name":"Mysterious Sphere","player_choice":"Ignore","floor":37,"damage_taken":0},{"event_name":"The Moai Head","player_choice":"Ignored","floor":47,"damage_taken":0}],"boss_relics":[{"not_picked":["Snecko Eye","Runic Dome"],"picked":"Mark of Pain"},{"not_picked":["Runic Pyramid","Tiny House"],"picked":"Astrolabe"}],"potions_floor_spawned":[3,7,12,14,16,18,40,44,45],"seed_played":"5168188296449931419","ascension_level":0,"is_trial":false}