{"gold_per_floor":[12,22,22,34,34,34,64,78,104,142,67,67,87,100,100,219,219,244,270,291,191,211,211,211,126,205,230,230,245,261,285,285,408,408,428,493,493,518,534,577,12,12,12,37,37,50,50,50,50,50],"floor_reached":51,"playtime":1554,"items_purged":["Strike_R","Strike_R","Strike_R"],"score":681,"play_id":"55b99554-f2b3-4625-96be-fa5111a6083f","local_time":"20190909012341","is_ascension_mode":false,"campfire_choices":[{"data":"Bash","floor":6,"key":"SMITH"},{"data":"Iron Wave","floor":12,"key":"SMITH"},{"data":"Spot Weakness","floor":15,"key":"SMITH"},{"data":"Battle Trance","floor":24,"key":"SMITH"},{"data":"Intimidate","floor":28,"key":"SMITH"},{"data":"Pommel Strike","floor":32,"key":"SMITH"},{"data":"Inflame","floor":42,"key":"SMITH"},{"floor":47,"key":"REST"},{"data":"Reaper","floor":49,"key":"SMITH"}],"neow_cost":"NO_GOLD","seed_source_timestamp":136841051661400,"circlet_count":0,"master_deck":["Strike_R","Defend_R","Defend_R","Defend_R","Bash+1","Whirlwind+1","Iron Wave+1","Pommel Strike+1","Intimidate+1","Spot Weakness+1","Reaper+1","Battle Trance+1","Necronomicurse","Whirlwind+1","Inflame+1","Normality","Reaper","Doubt"],"special_seed":0,"relics":["Burning Blood","Golden Idol","Tiny Chest","Blood Vial","Champion Belt","Eternal Feather","Dream Catcher","Necronomicon","Shuriken","Bottled Lightning","Cursed Key","Gambling Chip","Pantograph","Anchor","Lee\u0027s Waffle","Art of War","Bottled Flame"],"potions_floor_usage":[10,10,50,50],"damage_taken":[{"damage":1.0,"enemies":"Jaw Worm","floor":1.0,"turns":3.0},{"damage":14,"enemies":"Small Slimes","floor":2,"turns":4},{"damage":0,"enemies":"2 Louse","floor":4,"turns":1},{"damage":6,"enemies":"Blue Slaver","floor":8,"turns":5},{"damage":6,"enemies":"Gremlin Nob","floor":10,"turns":3},{"damage":3,"enemies":"Red Slaver","floor":13,"turns":3},{"damage":2,"enemies":"3 Louse","floor":14,"turns":2},{"damage":6,"enemies":"Slime Boss","floor":16,"turns":8},{"damage":23,"enemies":"2 Thieves","floor":18,"turns":3},{"damage":0,"enemies":"3 Byrds","floor":20,"turns":4},{"damage":28,"enemies":"Snake Plant","floor":22,"turns":5},{"damage":21,"enemies":"Centurion and Healer","floor":27,"turns":5},{"damage":0,"enemies":"3 Cultists","floor":29,"turns":2},{"damage":21,"enemies":"Snake Plant","floor":30,"turns":3},{"damage":12,"enemies":"Centurion and Healer","floor":31,"turns":3},{"damage":53,"enemies":"Collector","floor":33,"turns":6},{"damage":0,"enemies":"3 Darklings","floor":35,"turns":1},{"damage":29,"enemies":"2 Orb Walkers","floor":36,"turns":3},{"damage":9,"enemies":"Orb Walker","floor":38,"turns":3},{"damage":15,"enemies":"4 Shapes","floor":39,"turns":1},{"damage":25,"enemies":"Nemesis","floor":40,"turns":5},{"damage":61,"enemies":"Transient","floor":44,"turns":5},{"damage":37,"enemies":"Sphere and 2 Shapes","floor":46,"turns":4},{"damage":99,"enemies":"Awakened One","floor":50,"turns":8}],"seed_played":"4657266633638840208","potions_obtained":[{"floor":1.0,"key":"SkillPotion"},{"floor":4,"key":"FearPotion"},{"floor":14,"key":"SneckoOil"},{"floor":20,"key":"Fire Potion"},{"floor":27,"key":"EssenceOfSteel"},{"floor":35,"key":"Block Potion"},{"floor":36,"key":"PowerPotion"}],"is_trial":false,"path_per_floor":["M","M","?","M","?","R","?","M","T","E","$","R","M","M","R","B",null,"M","T","M","$","M","?","R","?","T","M","R","M","M","M","R","B",null,"M","?","?","M","M","E","$","R","T","M","?","M","R","T","R","B",null],"character_chosen":"IRONCLAD","items_purchased":["Anchor","Inflame","Lee\u0027s Waffle"],"campfire_rested":1,"item_purchase_floors":[41,41,41],"current_hp_per_floor":[80,72,72,78,58,58,46,46,46,48,48,48,53,59,59,61,80,65,65,80,80,64,48,54,54,54,57,63,80,78,80,80,63,80,80,75,75,77,70,53,87,87,87,32,32,20,53,53,62,10],"gold":50,"neow_bonus":"REMOVE_TWO","is_prod":false,"is_daily":false,"chose_seed":false,"campfire_upgraded":8,"win_rate":0,"timestamp":1567959821,"path_taken":["M","M","?","M","?","R","?","M","T","E","?","R","?","M","R","BOSS","M","?","M","$","M","?","R","?","T","M","R","M","M","M","R","BOSS","M","?","?","?","M","E","$","R","T","M","?","M","R","?","R","BOSS"],"build_version":"2019-07-17","purchased_purges":3,"victory":true,"max_hp_per_floor":[80,80,80,80,80,80,80,80,80,80,80,80,80,80,80,80,80,80,80,80,80,80,80,80,80,80,80,80,80,80,80,80,80,80,80,80,80,80,80,80,87,87,87,87,83,83,83,83,83,83],"card_choices":[{"not_picked":["Havoc","True Grit"],"picked":"Whirlwind","floor":1.0},{"not_picked":["Sword Boomerang","Havoc","Heavy Blade"],"picked":"SKIP","floor":2},{"not_picked":["Searing Blow","Perfected Strike"],"picked":"Iron Wave","floor":4},{"not_picked":["Infernal Blade","Rampage"],"picked":"Pommel Strike","floor":8},{"not_picked":["Sever Soul","Wild Strike","Dark Embrace"],"picked":"SKIP","floor":10},{"not_picked":["Carnage","Uppercut"],"picked":"Intimidate","floor":13},{"not_picked":["Iron Wave","Inflame"],"picked":"Spot Weakness","floor":14},{"not_picked":["Feed","Bludgeon"],"picked":"Reaper","floor":16},{"not_picked":["Dropkick","Whirlwind","Iron Wave"],"picked":"SKIP","floor":18},{"not_picked":["Perfected Strike","Power Through","Armaments"],"picked":"SKIP","floor":20},{"not_picked":["Sword Boomerang","Whirlwind"],"picked":"Battle Trance","floor":22},{"not_picked":["Twin Strike","Carnage","Anger"],"picked":"SKIP","floor":27},{"not_picked":["Cleave","Headbutt","Whirlwind"],"picked":"SKIP","floor":29},{"not_picked":["Iron Wave","Pommel Strike","Feel No Pain"],"picked":"SKIP","floor":30},{"not_picked":["Whirlwind","Reckless Charge","Thunderclap"],"picked":"SKIP","floor":31},{"not_picked":["Armaments","Anger","Second Wind"],"picked":"SKIP","floor":35},{"not_picked":["Searing Blow","Havoc","Evolve"],"picked":"SKIP","floor":38},{"not_picked":["Pommel Strike+1","Second Wind+1","Twin Strike+1"],"picked":"SKIP","floor":39},{"not_picked":["Wild Strike+1","Thunderclap+1","Heavy Blade"],"picked":"SKIP","floor":40},{"not_picked":["Searing Blow+1","Body Slam","Sentinel+1"],"picked":"SKIP","floor":44},{"not_picked":["Twin Strike+1","Wild Strike","Intimidate"],"picked":"SKIP","floor":46},{"not_picked":["Intimidate+1","Metallicize"],"picked":"Reaper","floor":47}],"player_experience":382132,"relics_obtained":[{"floor":9,"key":"Blood Vial"},{"floor":10,"key":"Champion Belt"},{"floor":19,"key":"Dream Catcher"},{"floor":23,"key":"Necronomicon"},{"floor":26,"key":"Bottled Lightning"},{"floor":36,"key":"Gambling Chip"},{"floor":40,"key":"Pantograph"},{"floor":43,"key":"Art of War"},{"floor":48,"key":"Bottled Flame"}],"event_choices":[{"damage_healed":0,"gold_gain":0,"player_choice":"Grow","damage_taken":0,"max_hp_gain":0,"max_hp_loss":0,"event_name":"Living Wall","floor":3,"gold_loss":0,"cards_upgraded":["Whirlwind"]},{"damage_healed":0,"gold_gain":0,"player_choice":"Take Damage","damage_taken":20,"relics_obtained":["Golden Idol"],"max_hp_gain":0,"max_hp_loss":0,"event_name":"Golden Idol","floor":5,"gold_loss":0},{"damage_healed":0,"gold_gain":0,"player_choice":"Success","damage_taken":12,"relics_obtained":["Tiny Chest"],"max_hp_gain":0,"max_hp_loss":0,"event_name":"Scrap Ooze","floor":7,"gold_loss":0},{"damage_healed":0,"gold_gain":0,"player_choice":"Obtained Book","damage_taken":16,"max_hp_gain":0,"max_hp_loss":0,"event_name":"Cursed Tome","floor":23,"gold_loss":0},{"damage_healed":0,"gold_gain":0,"player_choice":"Obtained Relic","damage_taken":0,"relics_obtained":["Shuriken"],"max_hp_gain":0,"max_hp_loss":0,"event_name":"Addict","floor":25,"gold_loss":85},{"damage_healed":0,"gold_gain":0,"player_choice":"Fight","damage_taken":0,"max_hp_gain":0,"max_hp_loss":0,"event_name":"Mysterious Sphere","floor":36,"gold_loss":0},{"damage_healed":0,"gold_gain":0,"player_choice":"Copied","damage_taken":0,"max_hp_gain":0,"max_hp_loss":0,"event_name":"Duplicator","floor":37,"gold_loss":0,"cards_obtained":["Whirlwind"]},{"damage_healed":0,"gold_gain":0,"player_choice":"Max HP","damage_taken":0,"max_hp_gain":0,"max_hp_loss":4,"event_name":"Winding Halls","floor":45,"gold_loss":0}],"is_beta":false,"boss_relics":[{"not_picked":["Ectoplasm","Pandora\u0027s Box"],"picked":"Eternal Feather"},{"not_picked":["Empty Cage","Astrolabe"],"picked":"Cursed Key"}],"items_purged_floors":[11,21,41],"is_endless":false,"potions_floor_spawned":[1,4,14,20,27,31,35,36,38],"ascension_level":0}