{"gold_per_floor":[113,133,208,158,171,203,214,230,230,230,49,49,63,115,115,217,217,234,253,263,294,294,294,321,321,321,40,59,59,59,75,75,75],"floor_reached":33,"playtime":2241,"items_purged":["Strike_G","Strike_G"],"score":307,"play_id":"0affd167-46b5-4471-b60a-d87018375d82","local_time":"20190114195558","is_ascension_mode":true,"campfire_choices":[{"floor":10,"key":"REST"},{"data":"Footwork","floor":12,"key":"SMITH"},{"floor":15,"key":"REST"},{"floor":23,"key":"REST"},{"data":"Cloak And Dagger","floor":25,"key":"SMITH"},{"data":"Phantasmal Killer","floor":30,"key":"SMITH"},{"floor":32,"key":"REST"}],"neow_cost":"NONE","seed_source_timestamp":35314434218437,"circlet_count":0,"master_deck":["Defend_G","Defend_G","Defend_G","Defend_G","Strike_G","Strike_G","Survivor","Neutralize","PiercingWail","Infinite Blades","Accuracy","Footwork+1","Predator","Cloak And Dagger+1","Phantasmal Killer+1","Caltrops+1","Blur","Calculated Gamble","Choke","Blur","Slice"],"relics":["Ring of the Snake","Matryoshka","Anchor","Oddly Smooth Stone","Mummified Hand","Art of War","Lizard Tail","Red Mask","Snake Skull","Ornamental Fan","Torii","Blood Vial"],"potions_floor_usage":[6,8,18,20,33,33],"damage_taken":[{"damage":3,"enemies":"Jaw Worm","floor":1,"turns":7},{"damage":0,"enemies":"2 Louse","floor":2,"turns":4},{"damage":0,"enemies":"Cultist","floor":5,"turns":4},{"damage":54,"enemies":"Gremlin Nob","floor":6,"turns":6},{"damage":14,"enemies":"Lots of Slimes","floor":7,"turns":8},{"damage":3,"enemies":"Blue Slaver","floor":8,"turns":4},{"damage":1,"enemies":"2 Fungi Beasts","floor":13,"turns":6},{"damage":18,"enemies":"Slime Boss","floor":16,"turns":11},{"damage":10,"enemies":"Shell Parasite","floor":18,"turns":7},{"damage":15,"enemies":"3 Byrds","floor":19,"turns":3},{"damage":13,"enemies":"3 Cultists","floor":20,"turns":5},{"damage":27,"enemies":"Masked Bandits","floor":21,"turns":6},{"damage":24,"enemies":"Book of Stabbing","floor":24,"turns":7},{"damage":17,"enemies":"Cultist and Chosen","floor":28,"turns":6},{"damage":7,"enemies":"Shelled Parasite and Fungi","floor":31,"turns":8},{"damage":67,"enemies":"Collector","floor":33,"turns":13}],"seed_played":"6540366677353025552","potions_obtained":[{"floor":1,"key":"Regen Potion"},{"floor":7,"key":"Poison Potion"},{"floor":16,"key":"SteroidPotion"},{"floor":19,"key":"Poison Potion"},{"floor":28,"key":"Fire Potion"},{"floor":31,"key":"GhostInAJar"}],"is_trial":false,"path_per_floor":["M","M","?","?","M","E","M","M","T","R","$","R","M","T","R","B",null,"M","M","M","?","?","R","E","R","T","$","M","?","R","M","R","B"],"character_chosen":"THE_SILENT","items_purchased":["Footwork","Predator","Blood Vial","Blur"],"campfire_rested":4,"item_purchase_floors":[11,11,27,27],"current_hp_per_floor":[74,74,63,63,63,23,9,6,6,29,29,29,28,28,51,33,77,67,52,39,12,12,35,11,11,11,11,38,38,38,33,56,0],"gold":75,"neow_bonus":"TEN_PERCENT_HP_BONUS","is_prod":false,"is_daily":false,"chose_seed":false,"campfire_upgraded":3,"win_rate":0,"timestamp":1547492158,"path_taken":["M","M","?","?","M","E","M","?","T","R","$","R","M","?","R","BOSS","M","?","?","?","?","R","E","R","T","$","M","?","R","?","R","BOSS"],"build_version":"2019-01-10","purchased_purges":2,"victory":false,"max_hp_per_floor":[77,77,77,77,77,77,77,77,77,77,77,77,77,77,77,77,77,77,77,77,77,77,77,77,77,77,77,77,77,77,77,77,77],"card_choices":[{"not_picked":["Eviscerate","Poisoned Stab"],"picked":"PiercingWail","floor":1},{"not_picked":["Outmaneuver","Underhanded Strike","Backflip"],"picked":"SKIP","floor":2},{"not_picked":["Backflip","Finisher","Dodge and Roll"],"picked":"SKIP","floor":5},{"not_picked":["Tactician","Expertise","Concentrate"],"picked":"SKIP","floor":6},{"not_picked":["Dagger Throw","Cloak And Dagger"],"picked":"Infinite Blades","floor":7},{"not_picked":["Leg Sweep","Concentrate"],"picked":"Accuracy","floor":8},{"not_picked":["Envenom","Well Laid Plans"],"picked":"Cloak And Dagger","floor":13},{"not_picked":["Tools of the Trade","Wraith Form v2"],"picked":"Phantasmal Killer","floor":16},{"not_picked":["Dagger Throw","Noxious Fumes"],"picked":"Caltrops+1","floor":18},{"not_picked":["Deadly Poison+1","Predator","Quick Slash"],"picked":"SKIP","floor":19},{"not_picked":["PiercingWail","Dagger Throw"],"picked":"Blur","floor":20},{"not_picked":["Sucker Punch","Predator+1"],"picked":"Calculated Gamble","floor":21},{"not_picked":["Expertise","Outmaneuver"],"picked":"Choke","floor":24},{"not_picked":["Deadly Poison","Bane"],"picked":"Slice","floor":28},{"not_picked":["Dagger Spray","Outmaneuver","Underhanded Strike"],"picked":"SKIP","floor":31}],"player_experience":304707,"relics_obtained":[{"floor":6,"key":"Matryoshka"},{"floor":9,"key":"Anchor"},{"floor":9,"key":"Oddly Smooth Stone"},{"floor":14,"key":"Mummified Hand"},{"floor":14,"key":"Art of War"},{"floor":21,"key":"Red Mask"},{"floor":24,"key":"Ornamental Fan"},{"floor":26,"key":"Torii"}],"event_choices":[{"damage_healed":0,"gold_gain":75,"player_choice":"Gather Gold","damage_taken":11,"max_hp_gain":0,"max_hp_loss":0,"event_name":"World of Goop","floor":3,"gold_loss":0},{"cards_removed":["Defend_G"],"damage_healed":0,"gold_gain":0,"player_choice":"Card Removal","damage_taken":0,"max_hp_gain":0,"max_hp_loss":0,"event_name":"The Cleric","floor":4,"gold_loss":50},{"damage_healed":0,"gold_gain":0,"player_choice":"Fought Bandits","damage_taken":0,"max_hp_gain":0,"max_hp_loss":0,"event_name":"Masked Bandits","floor":21,"gold_loss":0},{"damage_healed":0,"gold_gain":0,"player_choice":"Opened","damage_taken":0,"relics_obtained":["Snake Skull"],"max_hp_gain":0,"max_hp_loss":0,"event_name":"The Mausoleum","floor":22,"gold_loss":0},{"cards_removed":["Strike_G"],"damage_healed":0,"gold_gain":0,"player_choice":"Purged","damage_taken":0,"max_hp_gain":0,"max_hp_loss":0,"event_name":"Purifier","floor":29,"gold_loss":0}],"is_beta":true,"boss_relics":[{"not_picked":["Velvet Choker","Calling Bell"],"picked":"Lizard Tail"}],"items_purged_floors":[11,27],"is_endless":false,"potions_floor_spawned":[1,7,16,19,28,31],"killed_by":"Collector","ascension_level":3}