{"gold_per_floor":[113,130,140,65,34,34,44,64,112,12,12,12,12,23,23,126,126,126],"floor_reached":18,"playtime":1018,"items_purged":["Strike_G","Strike_G"],"score":200,"play_id":"c0ea01e9-5426-463c-a747-56da9adcd9a2","local_time":"20190621221101","is_ascension_mode":true,"campfire_choices":[{"data":"Noxious Fumes","floor":6,"key":"SMITH"},{"data":"Catalyst","floor":12,"key":"SMITH"},{"data":"Footwork","floor":15,"key":"SMITH"}],"neow_cost":"NONE","seed_source_timestamp":1027077952236506,"circlet_count":0,"master_deck":["Defend_G","Defend_G","Defend_G","Defend_G","Defend_G","Strike_G","Strike_G","Survivor","Neutralize","Outmaneuver","Noxious Fumes+1","Catalyst+1","Escape Plan","Footwork+1","Prepared","Bullet Time"],"relics":["Ring of the Snake","Ancient Tea Set","Anchor","Philosopher\u0027s Stone"],"potions_floor_usage":[16],"damage_taken":[{"damage":3,"enemies":"Cultist","floor":1,"turns":4},{"damage":2,"enemies":"Small Slimes","floor":2,"turns":4},{"damage":5,"enemies":"2 Louse","floor":3,"turns":5},{"damage":13,"enemies":"Exordium Thugs","floor":5,"turns":6},{"damage":1,"enemies":"Looter","floor":7,"turns":4},{"damage":21,"enemies":"Lots of Slimes","floor":8,"turns":5},{"damage":9,"enemies":"Gremlin Gang","floor":14,"turns":6},{"damage":24,"enemies":"Hexaghost","floor":16,"turns":11},{"damage":56,"enemies":"Chosen","floor":18,"turns":8}],"seed_played":"5641821529418436835","potions_obtained":[{"floor":5,"key":"SteroidPotion"},{"floor":8,"key":"Strength Potion"},{"floor":14,"key":"Ancient Potion"},{"floor":16,"key":"Energy Potion"}],"is_trial":false,"path_per_floor":["M","M","M","$","M","R","M","M","T","$","?","R","?","M","R","B",null,"M"],"character_chosen":"THE_SILENT","items_purchased":[],"campfire_rested":0,"item_purchase_floors":[],"current_hp_per_floor":[60,58,53,53,40,40,39,18,18,18,41,41,41,32,32,8,55,0],"gold":126,"neow_bonus":"RANDOM_COMMON_RELIC","is_prod":false,"is_daily":false,"chose_seed":false,"campfire_upgraded":3,"win_rate":0,"timestamp":1561169461,"path_taken":["M","M","M","$","M","R","M","M","T","$","?","R","?","M","R","BOSS","M"],"build_version":"2019-01-23","purchased_purges":2,"victory":false,"max_hp_per_floor":[70,70,70,70,70,70,70,70,70,70,70,70,70,70,70,70,70,70],"card_choices":[{"not_picked":["Underhanded Strike","Sucker Punch"],"picked":"Outmaneuver","floor":1},{"not_picked":["Caltrops","Flechettes","Endless Agony"],"picked":"SKIP","floor":2},{"not_picked":["Acrobatics","Dagger Spray"],"picked":"Noxious Fumes","floor":3},{"not_picked":["Poisoned Stab","Deadly Poison"],"picked":"Catalyst","floor":5},{"not_picked":["Dagger Spray","Prepared"],"picked":"Escape Plan","floor":7},{"not_picked":["Blade Dance","Infinite Blades"],"picked":"Footwork","floor":8},{"not_picked":["Predator","Endless Agony"],"picked":"Prepared","floor":14},{"not_picked":["Doppelganger","Die Die Die"],"picked":"Bullet Time","floor":16}],"player_experience":527580,"relics_obtained":[{"floor":9,"key":"Anchor"}],"event_choices":[{"damage_healed":23,"gold_gain":0,"player_choice":"Banana","damage_taken":0,"max_hp_gain":0,"max_hp_loss":0,"event_name":"Big Fish","floor":11,"gold_loss":0},{"cards_removed":["Strike_G"],"damage_healed":0,"gold_gain":0,"player_choice":"Forget","damage_taken":0,"max_hp_gain":0,"max_hp_loss":0,"event_name":"Living Wall","floor":13,"gold_loss":0}],"is_beta":false,"boss_relics":[{"not_picked":["Empty Cage","Pandora\u0027s Box"],"picked":"Philosopher\u0027s Stone"}],"items_purged_floors":[4,10],"is_endless":false,"potions_floor_spawned":[5,8,14,16],"killed_by":"Chosen","ascension_level":6}