{"gold_per_floor":[112,112,123,134,57,88,100,124,192,267,279,304,331,368,380,494,506,532,544],"floor_reached":19,"playtime":965,"items_purged":[],"score":233,"play_id":"f10ec910-bc23-45aa-8f06-e5424ccb4ed3","local_time":"20190304014703","is_ascension_mode":true,"campfire_choices":[{"data":"Leg Sweep","floor":7,"key":"SMITH"},{"data":"Noxious Fumes","floor":15,"key":"SMITH"}],"neow_cost":"NONE","seed_source_timestamp":16262759167771,"circlet_count":0,"master_deck":["Defend_G","Defend_G","Defend_G","Defend_G","Defend_G","Strike_G","Strike_G","Strike_G+1","Strike_G","Strike_G","Survivor","Neutralize+1","Predator+1","Dodge and Roll","Dodge and Roll","Leg Sweep+1","Backstab","Heel Hook+1","Blur","Cloak And Dagger","Cloak And Dagger","Noxious Fumes+1","Adrenaline","Cloak And Dagger"],"relics":["Ring of the Snake","NeowsBlessing","MawBank","Tiny Chest","Snake Skull","Whetstone","Eternal Feather"],"potions_floor_usage":[6,6,14,18,19],"damage_taken":[{"damage":0,"enemies":"Cultist","floor":1,"turns":1},{"damage":0,"enemies":"Small Slimes","floor":3,"turns":1},{"damage":0,"enemies":"2 Louse","floor":4,"turns":1},{"damage":13,"enemies":"3 Sentries","floor":6,"turns":12},{"damage":0,"enemies":"2 Fungi Beasts","floor":8,"turns":4},{"damage":15,"enemies":"3 Sentries","floor":10,"turns":12},{"damage":0,"enemies":"Blue Slaver","floor":12,"turns":4},{"damage":0,"enemies":"Large Slime","floor":13,"turns":5},{"damage":3,"enemies":"Lagavulin","floor":14,"turns":8},{"damage":10,"enemies":"Hexaghost","floor":16,"turns":10},{"damage":10,"enemies":"2 Thieves","floor":18,"turns":4},{"damage":55,"enemies":"Masked Bandits","floor":19,"turns":4}],"seed_played":"-6761671587664318261","potions_obtained":[{"floor":3,"key":"AttackPotion"},{"floor":4,"key":"Poison Potion"},{"floor":12,"key":"Poison Potion"},{"floor":13,"key":"Block Potion"},{"floor":16,"key":"GamblersBrew"}],"is_trial":false,"path_per_floor":["M","?","M","M","$","E","R","M","T","?","?","M","M","E","R","B",null,"M","?"],"character_chosen":"THE_SILENT","items_purchased":["Leg Sweep"],"campfire_rested":0,"item_purchase_floors":[5],"current_hp_per_floor":[63,63,63,63,63,50,50,50,50,35,35,35,35,32,32,22,58,48,0],"gold":544,"neow_bonus":"THREE_ENEMY_KILL","is_prod":false,"is_daily":false,"chose_seed":false,"campfire_upgraded":2,"win_rate":0,"timestamp":1551685623,"path_taken":["M","?","M","?","$","E","R","M","T","?","?","M","M","E","R","BOSS","M","?"],"build_version":"2019-02-06","purchased_purges":0,"victory":false,"max_hp_per_floor":[70,70,70,70,70,70,70,70,70,70,70,70,70,70,70,70,70,70,70],"card_choices":[{"not_picked":["Deflect","Heel Hook"],"picked":"Predator","floor":1},{"not_picked":["Slice","Acrobatics"],"picked":"Dodge and Roll","floor":3},{"not_picked":["Poisoned Stab","Reflex"],"picked":"Dodge and Roll","floor":4},{"not_picked":["PiercingWail","Doppelganger"],"picked":"Backstab","floor":6},{"not_picked":["Endless Agony","Quick Slash"],"picked":"Heel Hook","floor":8},{"not_picked":["Crippling Poison","Cloak And Dagger"],"picked":"Blur","floor":10},{"not_picked":["Dagger Spray","Bane"],"picked":"Cloak And Dagger","floor":12},{"not_picked":["Finisher","Acrobatics"],"picked":"Cloak And Dagger","floor":13},{"not_picked":["Eviscerate","Wraith Form v2"],"picked":"Noxious Fumes","floor":14},{"not_picked":["Die Die Die","Unload"],"picked":"Adrenaline","floor":16},{"not_picked":["Dagger Spray","Expertise"],"picked":"Cloak And Dagger","floor":18}],"player_experience":465114,"relics_obtained":[{"floor":6,"key":"MawBank"},{"floor":9,"key":"Tiny Chest"},{"floor":10,"key":"Snake Skull"},{"floor":14,"key":"Whetstone"}],"event_choices":[{"damage_healed":0,"gold_gain":0,"player_choice":"Upgraded","damage_taken":0,"max_hp_gain":0,"max_hp_loss":0,"event_name":"Upgrade Shrine","floor":2,"gold_loss":0,"cards_upgraded":["Predator"]},{"damage_healed":0,"gold_gain":0,"player_choice":"Searched \u00272\u0027 times","damage_taken":0,"max_hp_gain":0,"max_hp_loss":0,"event_name":"Dead Adventurer","floor":10,"gold_loss":0},{"damage_healed":0,"gold_gain":0,"player_choice":"Grow","damage_taken":0,"max_hp_gain":0,"max_hp_loss":0,"event_name":"Living Wall","floor":11,"gold_loss":0,"cards_upgraded":["Neutralize"]},{"damage_healed":0,"gold_gain":0,"player_choice":"Fought Bandits","damage_taken":0,"max_hp_gain":0,"max_hp_loss":0,"event_name":"Masked Bandits","floor":19,"gold_loss":0}],"is_beta":true,"boss_relics":[{"not_picked":["Busted Crown","Black Star"],"picked":"Eternal Feather"}],"items_purged_floors":[],"is_endless":false,"potions_floor_spawned":[3,4,12,13,16],"killed_by":"Masked Bandits","ascension_level":6}