{"gold_per_floor":[111,122,141,151,151,151,161,187,241,241,259,278,278,297,297,392,392,410,49,49,59,59,59,78,43,43,9,34,46,46,46,46,149,149,168,168,186,186,196,196,210,210,237,49,49,69,69,88,88,88],"floor_reached":50,"playtime":3331,"items_purged":["Shame","Writhe"],"score":543,"play_id":"131a6da6-1506-4056-b3ea-93a694a1177a","local_time":"20180713021145","is_ascension_mode":true,"campfire_choices":[{"data":"Infinite Blades","floor":6.0,"key":"SMITH"},{"data":"Noxious Fumes","floor":10.0,"key":"SMITH"},{"data":"Sucker Punch","floor":15.0,"key":"SMITH"},{"data":"Unload","floor":23,"key":"SMITH"},{"floor":32,"key":"REST"},{"data":"Catalyst","floor":40,"key":"SMITH"},{"data":"Bouncing Flask","floor":42,"key":"SMITH"},{"data":"Survivor","floor":45,"key":"SMITH"},{"data":"Deflect","floor":47,"key":"SMITH"},{"data":"Backflip","floor":49,"key":"SMITH"}],"neow_cost":"NONE","seed_source_timestamp":23877345987147,"circlet_count":0,"master_deck":["Defend_G+1","Defend_G","Defend_G+1","Defend_G","Defend_G","Strike_G+1","Strike_G","Strike_G","Strike_G","Strike_G","Survivor+1","Neutralize+1","Sucker Punch+1","Infinite Blades+1","Heel Hook","Noxious Fumes+1","Poisoned Stab","Backstab+1","Backflip+1","Die Die Die","Unload+1","Decay","Clumsy","Noxious Fumes+1","Cloak And Dagger+1","Footwork+1","Infinite Blades+1","Catalyst+1","Envenom+1","Bouncing Flask+1","Trip","Deflect+1","Bane+1","Accuracy+1","Sucker Punch+1"],"special_seed":0,"relics":["Ring of the Snake","Whetstone","Boot","Calling Bell","War Paint","Frozen Egg 2","Thread and Needle","TwistedFunnel","Paper Crane","Juzu Bracelet","Ancient Tea Set","Dodecahedron","Busted Crown","Oddly Smooth Stone"],"potions_floor_usage":[29,33,41,50,50,50],"damage_taken":[{"damage":0.0,"enemies":"Cultist","floor":1.0,"turns":4.0},{"damage":2.0,"enemies":"2 Louse","floor":2.0,"turns":4.0},{"damage":3.0,"enemies":"Small Slimes","floor":3.0,"turns":4.0},{"damage":0.0,"enemies":"Red Slaver","floor":4.0,"turns":4.0},{"damage":3.0,"enemies":"Looter","floor":7.0,"turns":3.0},{"damage":7.0,"enemies":"3 Sentries","floor":8.0,"turns":7.0},{"damage":10.0,"enemies":"Lots of Slimes","floor":11.0,"turns":3.0},{"damage":0.0,"enemies":"2 Fungi Beasts","floor":12.0,"turns":4.0},{"damage":0.0,"enemies":"Large Slime","floor":14.0,"turns":4.0},{"damage":29.0,"enemies":"Hexaghost","floor":16.0,"turns":8.0},{"damage":4,"enemies":"3 Byrds","floor":18,"turns":6},{"damage":0,"enemies":"Chosen","floor":21,"turns":4},{"damage":3,"enemies":"Snake Plant","floor":24,"turns":4},{"damage":0,"enemies":"3 Cultists","floor":29,"turns":3},{"damage":29,"enemies":"Champ","floor":33,"turns":10},{"damage":28,"enemies":"3 Darklings","floor":35,"turns":4},{"damage":10,"enemies":"Flame Bruiser 1 Orb","floor":37,"turns":4},{"damage":0,"enemies":"4 Shapes","floor":39,"turns":4},{"damage":0,"enemies":"Transient","floor":41,"turns":5},{"damage":0,"enemies":"Maw","floor":46,"turns":6},{"damage":0,"enemies":"Flame Bruiser 2 Orb","floor":48,"turns":5},{"damage":82,"enemies":"Time Eater","floor":50,"turns":11}],"seed_played":"-4740055081765314424","potions_obtained":[{"floor":1.0,"key":"SkillPotion"},{"floor":4.0,"key":"SteroidPotion"},{"floor":12.0,"key":"SpeedPotion"},{"floor":16.0,"key":"Explosive Potion"},{"floor":29,"key":"FearPotion"},{"floor":33,"key":"SpeedPotion"},{"floor":46,"key":"Poison Potion"},{"floor":48,"key":"GhostInAJar"}],"is_trial":false,"path_per_floor":["M","M","M","M","?","R","M","E","T","R","M","M","?","M","R","B",null,"M","$","?","M","T","R","M","$","T","$","T","M","?","?","R","B",null,"M","?","M","?","M","R","M","R","T","$","R","M","R","M","R"],"character_chosen":"THE_SILENT","items_purchased":["TwistedFunnel","Noxious Fumes+1","Cloak And Dagger","Infinite Blades+1","Catalyst","PowerPotion","Accuracy+1"],"campfire_rested":1,"item_purchase_floors":[19,19,19,25,27,44,44],"current_hp_per_floor":[70,68,65,65,65,65,62,55,55,55,45,45,70,70,70,41,70,66,66,66,66,66,66,63,63,63,63,63,63,63,63,70,41,70,42,42,32,61,61,61,61,61,61,61,61,61,61,61,61,0],"gold":88,"neow_bonus":"UPGRADE_CARD","is_prod":false,"is_daily":false,"chose_seed":false,"campfire_upgraded":9,"win_rate":0,"timestamp":1531440705,"path_taken":["M","?","M","M","?","R","M","E","T","R","M","M","?","M","R","BOSS","M","?","?","M","?","R","M","$","T","$","?","M","?","?","R","BOSS","M","?","M","?","M","R","M","R","T","$","R","M","R","M","R","BOSS"],"build_version":"2018-07-12","purchased_purges":2,"victory":false,"max_hp_per_floor":[70,70,70,70,70,70,70,70,70,70,70,70,70,70,70,70,70,70,70,70,70,70,70,70,70,70,70,70,70,70,70,70,70,70,70,70,70,61,61,61,61,61,61,61,61,61,61,61,61,61],"card_choices":[{"not_picked":["Skewer","Dodge and Roll"],"picked":"Sucker Punch","floor":1.0},{"not_picked":["Dagger Throw","Quick Slash"],"picked":"Infinite Blades","floor":2.0},{"not_picked":["PiercingWail","Acrobatics"],"picked":"Heel Hook","floor":3.0},{"not_picked":["Setup","Storm of Steel"],"picked":"Noxious Fumes","floor":4.0},{"not_picked":["Expertise","Backflip"],"picked":"Backstab","floor":7.0},{"not_picked":["Malaise","Deadly Poison"],"picked":"Backflip","floor":8.0},{"not_picked":["Masterful Stab","Outmaneuver","Deadly Poison"],"picked":"SKIP","floor":11.0},{"not_picked":["Dodge and Roll","Underhanded Strike","Dagger Spray"],"picked":"SKIP","floor":12.0},{"not_picked":["Underhanded Strike","Cloak And Dagger"],"picked":"Die Die Die","floor":14.0},{"not_picked":["Night Terror","Tactician"],"picked":"Unload","floor":16.0},{"not_picked":["PiercingWail+1","Calculated Gamble+1","Quick Slash+1"],"picked":"SKIP","floor":18},{"not_picked":["Flying Knee","All Out Attack"],"picked":"Footwork+1","floor":21},{"not_picked":["Distraction","Blade Dance","Dodge and Roll"],"picked":"SKIP","floor":24},{"not_picked":["Skewer","Slice","Endless Agony"],"picked":"SKIP","floor":29},{"not_picked":["Glass Knife","Grand Finale"],"picked":"Envenom+1","floor":33},{"not_picked":[],"picked":"Bouncing Flask","floor":35},{"not_picked":[],"picked":"Trip","floor":36},{"not_picked":[],"picked":"Deflect","floor":37},{"not_picked":[],"picked":"Bane+1","floor":39},{"not_picked":["Masterful Stab"],"picked":"SKIP","floor":41},{"not_picked":["Skewer"],"picked":"SKIP","floor":46},{"not_picked":[],"picked":"Sucker Punch+1","floor":48}],"player_experience":246597,"relics_obtained":[{"floor":8.0,"key":"Whetstone"},{"floor":9.0,"key":"Boot"},{"floor":17,"key":"War Paint"},{"floor":17,"key":"Frozen Egg 2"},{"floor":17,"key":"Thread and Needle"},{"floor":22,"key":"Paper Crane"},{"floor":26,"key":"Juzu Bracelet"},{"floor":28,"key":"Ancient Tea Set"},{"floor":43,"key":"Oddly Smooth Stone"}],"event_choices":[{"event_name":"Match and Keep!","player_choice":"2 cards matched","floor":5.0,"damage_taken":0.0},{"event_name":"Bonfire Elementals","player_choice":"UNCOMMON","floor":13.0,"damage_taken":0.0},{"event_name":"Upgrade Shrine","player_choice":"Upgraded","floor":20,"damage_taken":0},{"event_name":"The Mausoleum","player_choice":"Yes","floor":30,"damage_taken":0},{"event_name":"Addict","player_choice":"Ignored","floor":31,"damage_taken":0},{"event_name":"SensoryStone","player_choice":"Memory 1","floor":36,"damage_taken":0},{"event_name":"The Moai Head","player_choice":"Heal","floor":38,"damage_taken":0}],"boss_relics":[{"not_picked":["Ring of the Serpent","Velvet Choker"],"picked":"Calling Bell"},{"not_picked":["Runic Dome","Runic Pyramid"],"picked":"Busted Crown"}],"items_purged_floors":[19,44],"is_endless":false,"potions_floor_spawned":[1,4,12,16,29,33,35,46,48],"killed_by":"Time Eater","ascension_level":2}