{"gold_per_floor":[113,38,52,68,81,81,107,117,117,17,17,34,45,58,58,58],"floor_reached":16,"playtime":1109,"items_purged":["Defend_R","Strike_R"],"score":106,"play_id":"4aacff32-a095-47ef-bb2f-46a5dd758380","local_time":"20190130000912","is_ascension_mode":false,"campfire_choices":[{"data":"Armaments","floor":6,"key":"SMITH"},{"floor":11,"key":"DIG"},{"data":"Armaments","floor":15,"key":"SMITH"}],"neow_cost":"NONE","seed_source_timestamp":138196363586239,"circlet_count":0,"master_deck":["Strike_R","Strike_R+1","Strike_R","Strike_R","Defend_R","Defend_R","Defend_R","Bash+1","Armaments+1","Armaments+1","Anger","Twin Strike","Clash","Berserk","Iron Wave","Shrug It Off","Battle Trance","Cleave"],"relics":["Burning Blood","Shovel","Whetstone","Smiling Mask"],"potions_floor_usage":[16],"damage_taken":[{"damage":1,"enemies":"Cultist","floor":1,"turns":4},{"damage":2,"enemies":"Small Slimes","floor":3,"turns":4},{"damage":0,"enemies":"2 Louse","floor":4,"turns":3},{"damage":20,"enemies":"Exordium Thugs","floor":5,"turns":4},{"damage":25,"enemies":"3 Sentries","floor":7,"turns":8},{"damage":20,"enemies":"Large Slime","floor":8,"turns":6},{"damage":5,"enemies":"Looter","floor":12,"turns":3},{"damage":0,"enemies":"Red Slaver","floor":13,"turns":2},{"damage":4,"enemies":"3 Louse","floor":14,"turns":4},{"damage":44,"enemies":"Hexaghost","floor":16,"turns":9}],"seed_played":"3278785304260674837","potions_obtained":[{"floor":5,"key":"Dexterity Potion"},{"floor":8,"key":"Ancient Potion"},{"floor":13,"key":"AttackPotion"}],"is_trial":false,"path_per_floor":["M","$","M","M","M","R","E","M","T","$","R","M","M","M","R","B"],"character_chosen":"IRONCLAD","items_purchased":[],"campfire_rested":0,"item_purchase_floors":[],"current_hp_per_floor":[80,80,80,80,66,66,47,33,33,33,33,34,40,42,42,0],"gold":58,"neow_bonus":"THREE_CARDS","is_prod":false,"is_daily":false,"chose_seed":false,"campfire_upgraded":2,"win_rate":0.0,"timestamp":1548774552,"path_taken":["M","$","M","M","M","R","E","?","T","?","R","M","M","M","R","BOSS"],"build_version":"2019-01-23","purchased_purges":2,"victory":false,"max_hp_per_floor":[80,80,80,80,80,80,80,80,80,80,80,80,80,80,80,80],"card_choices":[{"not_picked":["Hemokinesis","Headbutt"],"picked":"Armaments","floor":0},{"not_picked":["Headbutt","Shockwave"],"picked":"Armaments","floor":1},{"not_picked":["Warcry","Dropkick"],"picked":"Anger","floor":3},{"not_picked":["Ghostly Armor","Anger"],"picked":"Twin Strike","floor":4},{"not_picked":["Headbutt","Heavy Blade"],"picked":"Clash","floor":5},{"not_picked":["Sword Boomerang","Thunderclap"],"picked":"Berserk","floor":7},{"not_picked":["Feel No Pain","Flex"],"picked":"Iron Wave","floor":8},{"not_picked":["Reckless Charge","Cleave"],"picked":"Shrug It Off","floor":12},{"not_picked":["Rupture","Rampage"],"picked":"Battle Trance","floor":13},{"not_picked":["Pommel Strike","True Grit"],"picked":"Cleave","floor":14}],"player_experience":30988,"relics_obtained":[{"floor":7,"key":"Shovel"},{"floor":9,"key":"Whetstone"},{"floor":11,"key":"Smiling Mask"}],"event_choices":[],"is_beta":false,"boss_relics":[],"items_purged_floors":[2,10],"is_endless":false,"potions_floor_spawned":[5,8,13],"killed_by":"Hexaghost","ascension_level":0}