{"gold_per_floor":[110,129,129,79,4,48,48,64,145,183,183,206,222,265,265,384,384,397,418,93,118,118],"floor_reached":22,"playtime":937,"items_purged":["Dual Wield"],"score":277,"play_id":"fa740cec-8816-4a0c-b0f2-1ad8ed3663a9","local_time":"20190620172752","is_ascension_mode":true,"campfire_choices":[{"data":"Bash","floor":7,"key":"SMITH"},{"data":"True Grit","floor":11,"key":"SMITH"},{"floor":15,"key":"REST"}],"neow_cost":"NONE","seed_source_timestamp":28706372564059,"circlet_count":0,"master_deck":["Bash+1","Anger","Battle Trance","Inflame","Clothesline","True Grit+1","Wild Strike+1","Feed+1","Havoc","Juggernaut","Wild Strike+1","Rupture","Inflame","Exhume","Limit Break","Dropkick+1","Exhume","Burning Pact","Heavy Blade+1","Feel No Pain","Iron Wave+1","Pummel+1"],"relics":["Burning Blood","NeowsBlessing","Golden Idol","Blood Vial","Molten Egg 2","Mercury Hourglass","Bottled Tornado","Pandora\u0027s Box","Medical Kit"],"potions_floor_usage":[10,14],"damage_taken":[{"damage":0,"enemies":"Jaw Worm","floor":1,"turns":1},{"damage":0,"enemies":"2 Louse","floor":2,"turns":1},{"damage":0,"enemies":"Lagavulin","floor":6,"turns":1},{"damage":6,"enemies":"Cultist","floor":8,"turns":3},{"damage":35,"enemies":"3 Sentries","floor":10,"turns":9},{"damage":0,"enemies":"Looter","floor":12,"turns":3},{"damage":13,"enemies":"Large Slime","floor":13,"turns":2},{"damage":40,"enemies":"Lagavulin","floor":14,"turns":4},{"damage":33,"enemies":"Hexaghost","floor":16,"turns":8},{"damage":47,"enemies":"Shell Parasite","floor":18,"turns":4},{"damage":12,"enemies":"Chosen","floor":19,"turns":4},{"damage":21,"enemies":"Sentry and Sphere","floor":21,"turns":5},{"damage":29,"enemies":"Cultist and Chosen","floor":22,"turns":4}],"seed_played":"4281061959664981000","potions_obtained":[{"floor":2,"key":"Energy Potion"},{"floor":10,"key":"SteroidPotion"},{"floor":13,"key":"Ancient Potion"},{"floor":16,"key":"Strength Potion"}],"is_trial":false,"path_per_floor":["M","M","?","?","$","E","R","M","T","E","R","M","M","E","R","B",null,"M","M","$","M","M"],"character_chosen":"IRONCLAD","items_purchased":["Inflame","Iron Wave+1","Medical Kit"],"campfire_rested":1,"item_purchase_floors":[5,20,20],"current_hp_per_floor":[80,80,60,60,60,66,66,68,68,41,41,49,44,12,36,11,80,39,35,35,22,0],"gold":118,"neow_bonus":"THREE_ENEMY_KILL","is_prod":false,"is_daily":false,"chose_seed":false,"campfire_upgraded":2,"win_rate":0,"timestamp":1561066072,"path_taken":["M","M","?","?","?","E","R","M","T","E","R","M","?","E","R","BOSS","M","M","$","M","M"],"build_version":"2019-01-23","purchased_purges":1,"victory":false,"max_hp_per_floor":[80,80,80,80,80,80,80,80,80,80,80,80,80,80,80,80,80,80,80,80,80,80],"card_choices":[{"not_picked":["Wild Strike","Heavy Blade"],"picked":"Anger","floor":1},{"not_picked":["Feed","Wild Strike"],"picked":"Battle Trance","floor":2},{"not_picked":["Corruption","Combust"],"picked":"Dual Wield","floor":6},{"not_picked":["Sword Boomerang","Body Slam"],"picked":"Clothesline","floor":8},{"not_picked":["Warcry","Wild Strike+1"],"picked":"True Grit","floor":10},{"not_picked":["Carnage+1","Dropkick+1"],"picked":"Wild Strike+1","floor":12},{"not_picked":["Wild Strike+1","True Grit"],"picked":"Feed+1","floor":13},{"not_picked":["Perfected Strike+1","Searing Blow+1"],"picked":"Havoc","floor":14},{"not_picked":["Double Tap","Feed+1"],"picked":"Juggernaut","floor":16},{"not_picked":["Uppercut+1","Hemokinesis+1"],"picked":"Heavy Blade+1","floor":18},{"not_picked":["Havoc","Body Slam+1"],"picked":"Feel No Pain","floor":19},{"not_picked":["Flex+1","Battle Trance"],"picked":"Pummel+1","floor":21}],"player_experience":162796,"relics_obtained":[{"floor":6,"key":"Blood Vial"},{"floor":9,"key":"Molten Egg 2"},{"floor":10,"key":"Mercury Hourglass"},{"floor":14,"key":"Bottled Tornado"}],"event_choices":[{"damage_healed":0,"gold_gain":0,"player_choice":"Take Damage","damage_taken":20,"relics_obtained":["Golden Idol"],"max_hp_gain":0,"max_hp_loss":0,"event_name":"Golden Idol","floor":3,"gold_loss":0},{"cards_removed":["Strike_R"],"damage_healed":0,"gold_gain":0,"player_choice":"Card Removal","damage_taken":0,"max_hp_gain":0,"max_hp_loss":0,"event_name":"The Cleric","floor":4,"gold_loss":50}],"is_beta":false,"boss_relics":[{"not_picked":["Eternal Feather","Velvet Choker"],"picked":"Pandora\u0027s Box"}],"items_purged_floors":[20],"is_endless":false,"potions_floor_spawned":[2,10,13,16],"killed_by":"Cultist and Chosen","ascension_level":4}