{"gold_per_floor":[17,17,17,37,137,137,157,157,208,252,277,277,277,296,296,420,420,439,131,256,276,31,31,69,69,94,113,153,165,216,243,255,398,410,441,453,465,501,513,525,578,590,602,647,659,694,23,44,44,44,44,44,44,82,82],"floor_reached":56,"playtime":2606,"items_purged":["Strike_B","Strike_B","Defend_B"],"score":1339,"play_id":"b3f8a5c5-cc99-4cd9-b573-e6dde5e59ae8","local_time":"20181202081639","is_ascension_mode":true,"campfire_choices":[{"floor":6,"key":"REST"},{"data":"Go for the Eyes","floor":8,"key":"SMITH"},{"data":"White Noise","floor":12,"key":"SMITH"},{"floor":15,"key":"REST"},{"floor":23,"key":"REST"},{"data":"Apotheosis","floor":25,"key":"SMITH"},{"floor":29,"key":"REST"},{"floor":32,"key":"REST"},{"data":"Mind Blast","floor":40,"key":"SMITH"},{"data":"Scrape","floor":42,"key":"SMITH"},{"floor":49,"key":"RECALL"},{"data":"Dark Shackles","floor":52,"key":"SMITH"}],"neow_cost":"NO_GOLD","seed_source_timestamp":1412022242872106,"circlet_count":0,"master_deck":["Strike_B+1","Defend_B+1","Defend_B","Zap+1","Dualcast+1","Panacea","Panacea","Scrape+1","Go for the Eyes+1","White Noise+1","Steam","Streamline","FTL","Apotheosis+1","Sweeping Beam","Conserve Battery+1","Turbo+1","Beam Cell+1","Chill","Capacitor","Rebound+1","Conserve Battery+1","Hologram","Biased Cognition","Chill","Impatience","Mind Blast+1","Dark Shackles+1","Cold Snap+1","Go for the Eyes+1","Trip","Loop+1","White Noise"],"relics":["Cracked Core","Golden Idol","Centennial Puzzle","Incense Burner","Black Star","Turnip","Kunai","Pen Nib","Strawberry","Dream Catcher","Oddly Smooth Stone","MawBank","DataDisk","Vajra","War Paint","Empty Cage","Boot","Lantern","Anchor","Whetstone","Ginger","PreservedInsect","Ancient Tea Set"],"potions_floor_usage":[14,16,20,24,27,30,33,41,44,50,50,55],"damage_taken":[{"damage":2,"enemies":"Small Slimes","floor":1,"turns":2},{"damage":11,"enemies":"Jaw Worm","floor":4,"turns":2},{"damage":6,"enemies":"2 Louse","floor":7,"turns":3},{"damage":31,"enemies":"3 Sentries","floor":10,"turns":7},{"damage":0,"enemies":"Red Slaver","floor":11,"turns":3},{"damage":5,"enemies":"Lots of Slimes","floor":14,"turns":3},{"damage":30,"enemies":"Slime Boss","floor":16,"turns":6},{"damage":13,"enemies":"3 Byrds","floor":18,"turns":5},{"damage":2,"enemies":"Colosseum Slavers","floor":20,"turns":5},{"damage":23,"enemies":"Colosseum Nobs","floor":20,"turns":5},{"damage":7,"enemies":"2 Thieves","floor":21,"turns":4},{"damage":39,"enemies":"Slavers","floor":24,"turns":8},{"damage":0,"enemies":"Chosen and Byrds","floor":27,"turns":5},{"damage":7,"enemies":"Book of Stabbing","floor":28,"turns":5},{"damage":18,"enemies":"Slavers","floor":30,"turns":5},{"damage":8,"enemies":"Centurion and Healer","floor":31,"turns":5},{"damage":29,"enemies":"Collector","floor":33,"turns":9},{"damage":5,"enemies":"3 Shapes","floor":35,"turns":4},{"damage":17,"enemies":"Orb Walker","floor":38,"turns":5},{"damage":6,"enemies":"Giant Head","floor":41,"turns":7},{"damage":5,"enemies":"Reptomancer","floor":44,"turns":6},{"damage":6,"enemies":"4 Shapes","floor":46,"turns":5},{"damage":0,"enemies":"Sphere and 2 Shapes","floor":48,"turns":8},{"damage":7,"enemies":"Donu and Deca","floor":50,"turns":11},{"damage":24,"enemies":"Shield and Spear","floor":54,"turns":7},{"damage":39,"enemies":"The Heart","floor":55,"turns":9}],"seed_played":"-7265185160691045208","potions_obtained":[{"floor":11,"key":"GamblersBrew"},{"floor":14,"key":"Block Potion"},{"floor":16,"key":"FearPotion"},{"floor":21,"key":"Weak Potion"},{"floor":24,"key":"PowerPotion"},{"floor":27,"key":"Energy Potion"},{"floor":30,"key":"FearPotion"},{"floor":33,"key":"Energy Potion"},{"floor":35,"key":"Block Potion"},{"floor":46,"key":"PowerPotion"},{"floor":54,"key":"Strength Potion"}],"is_trial":false,"path_per_floor":["M","?","?","M","?","R","M","R","T","E","M","R","?","M","R","B",null,"M","$","?","M","$","R","E","R","T","M","E","R","E","M","R","B",null,"M","?","?","M","?","R","E","R","T","E","?","M","$","M","R","B",null,"R","$","E","B",null],"character_chosen":"DEFECT","items_purchased":["Apotheosis","Sweeping Beam","Pen Nib","FairyPotion","Strength Potion","Ginger","Trip"],"campfire_rested":5,"item_purchase_floors":[19,19,22,47,47,47,47],"current_hp_per_floor":[73,55,40,29,29,51,45,45,45,14,14,14,14,9,31,1,75,62,62,37,30,30,52,20,20,20,20,13,37,19,11,35,6,82,77,77,77,60,50,50,44,44,44,39,39,33,33,33,33,26,78,78,78,54,15],"gold":82,"neow_bonus":"RANDOM_COLORLESS_2","is_prod":false,"is_daily":false,"chose_seed":false,"campfire_upgraded":6,"win_rate":0,"timestamp":1543760199,"path_taken":["M","?","?","M","?","R","?","R","T","E","?","R","?","M","R","BOSS","M","$","?","M","$","R","E","R","T","M","E","R","E","M","R","BOSS","M","?","?","M","?","R","E","R","T","E","?","?","$","M","R","BOSS","R","$","E","BOSS"],"build_version":"2018-11-15","purchased_purges":3,"victory":true,"max_hp_per_floor":[75,75,75,75,75,75,75,75,75,75,75,75,75,75,75,75,75,75,75,75,75,75,75,82,82,82,82,82,82,82,82,82,82,82,82,78,78,78,78,78,78,78,78,78,78,78,78,78,78,78,78,78,78,78,78],"card_choices":[{"not_picked":["Double Energy","Undo"],"picked":"Scrape","floor":1},{"not_picked":["Lockon","Barrage","Double Energy"],"picked":"SKIP","floor":4},{"not_picked":["Self Repair","Scrape"],"picked":"Go for the Eyes","floor":7},{"not_picked":["Redo","Rebound"],"picked":"White Noise","floor":10},{"not_picked":["Meteor Strike","Rebound"],"picked":"Steam","floor":11},{"not_picked":["Stack","Static Discharge"],"picked":"Streamline","floor":14},{"not_picked":["Steam","Chaos+1"],"picked":"FTL","floor":18},{"not_picked":["Go for the Eyes","Streamline"],"picked":"Conserve Battery","floor":20},{"not_picked":["Multi-Cast","Consume","Coolheaded"],"picked":"SKIP","floor":21},{"not_picked":["Blizzard","Heatsinks"],"picked":"Turbo+1","floor":24},{"not_picked":["Recycle","Redo"],"picked":"Beam Cell","floor":27},{"not_picked":["Hyperbeam","Blizzard"],"picked":"Chill","floor":28},{"not_picked":["Barrage+1","Sweeping Beam"],"picked":"Capacitor","floor":29},{"not_picked":["Multi-Cast","Streamline+1"],"picked":"Rebound","floor":30},{"not_picked":["Streamline","Compile Driver"],"picked":"Conserve Battery+1","floor":31},{"not_picked":["Compile Driver","Reprogram+1"],"picked":"Hologram","floor":32},{"not_picked":["Thunder Strike","Seek"],"picked":"Biased Cognition","floor":33},{"not_picked":["Turbo+1","Rebound","Streamline"],"picked":"SKIP","floor":35},{"not_picked":["Force Field+1","Redo"],"picked":"Chill","floor":38},{"not_picked":["Magnetism","Good Instincts"],"picked":"Impatience","floor":39},{"not_picked":["Secret Weapon","Dramatic Entrance"],"picked":"Mind Blast","floor":39},{"not_picked":["Madness","Deep Breath"],"picked":"Dark Shackles","floor":39},{"not_picked":["Coolheaded+1","Tempest+1"],"picked":"Cold Snap+1","floor":41},{"not_picked":["Consume","Heatsinks","Streamline"],"picked":"SKIP","floor":44},{"not_picked":["Redo","Leap"],"picked":"Go for the Eyes+1","floor":46},{"not_picked":["Streamline+1","Glacier"],"picked":"Loop+1","floor":48},{"not_picked":["Genetic Algorithm+1","Hyperbeam"],"picked":"White Noise","floor":54}],"player_experience":337002,"relics_obtained":[{"floor":9,"key":"Centennial Puzzle"},{"floor":10,"key":"Incense Burner"},{"floor":20,"key":"Turnip"},{"floor":20,"key":"Kunai"},{"floor":24,"key":"Strawberry"},{"floor":24,"key":"Dream Catcher"},{"floor":26,"key":"Oddly Smooth Stone"},{"floor":28,"key":"MawBank"},{"floor":28,"key":"DataDisk"},{"floor":30,"key":"Vajra"},{"floor":30,"key":"War Paint"},{"floor":41,"key":"Boot"},{"floor":41,"key":"Lantern"},{"floor":44,"key":"Anchor"},{"floor":44,"key":"Whetstone"},{"floor":54,"key":"PreservedInsect"},{"floor":54,"key":"Ancient Tea Set"}],"event_choices":[{"damage_healed":0,"gold_gain":0,"player_choice":"Take Damage","damage_taken":18,"relics_obtained":["Golden Idol"],"max_hp_gain":0,"max_hp_loss":0,"event_name":"Golden Idol","floor":2,"gold_loss":0},{"damage_healed":0,"gold_gain":0,"player_choice":"Entered Light","damage_taken":15,"max_hp_gain":0,"max_hp_loss":0,"event_name":"Shining Light","floor":3,"gold_loss":0,"cards_upgraded":["Strike_B","Defend_B"]},{"damage_healed":0,"gold_gain":100,"player_choice":"Gold","damage_taken":0,"max_hp_gain":0,"max_hp_loss":0,"event_name":"Wheel of Change","floor":5,"gold_loss":0},{"damage_healed":0,"gold_gain":0,"player_choice":"Searched \u00270\u0027 times","damage_taken":0,"max_hp_gain":0,"max_hp_loss":0,"event_name":"Dead Adventurer","floor":13,"gold_loss":0},{"damage_healed":0,"gold_gain":0,"player_choice":"Fight","damage_taken":0,"max_hp_gain":0,"max_hp_loss":0,"event_name":"Colosseum","floor":20,"gold_loss":0},{"damage_healed":0,"gold_gain":0,"player_choice":"Fought Nobs","damage_taken":0,"max_hp_gain":0,"max_hp_loss":0,"event_name":"Colosseum","floor":20,"gold_loss":0},{"damage_healed":0,"gold_gain":0,"player_choice":"Max HP","damage_taken":0,"max_hp_gain":0,"max_hp_loss":4,"event_name":"Winding Halls","floor":36,"gold_loss":0},{"damage_healed":0,"gold_gain":0,"player_choice":"Ignored","damage_taken":0,"max_hp_gain":0,"max_hp_loss":0,"event_name":"Tomb of Lord Red Mask","floor":37,"gold_loss":0},{"damage_healed":0,"gold_gain":0,"player_choice":"Memory 3","damage_taken":10,"max_hp_gain":0,"max_hp_loss":0,"event_name":"SensoryStone","floor":39,"gold_loss":0},{"damage_healed":0,"gold_gain":0,"player_choice":"Upgraded","damage_taken":0,"max_hp_gain":0,"max_hp_loss":0,"event_name":"Upgrade Shrine","floor":45,"gold_loss":0,"cards_upgraded":["Zap"]}],"is_beta":true,"boss_relics":[{"not_picked":["Sozu","Coffee Dripper"],"picked":"Black Star"},{"not_picked":["Calling Bell","Orrery"],"picked":"Empty Cage"}],"items_purged_floors":[19,22,47],"is_endless":false,"potions_floor_spawned":[11,14,16,21,24,27,30,33,35,46,54],"ascension_level":1}