{"gold_per_floor":[112,125,125,125,125,155,173,173,173,173,123,159,159,14,14,133,133,154,167,185,12,12,12,12],"floor_reached":24,"playtime":1040,"items_purged":[],"score":227,"play_id":"7f84187b-6ae3-4882-b74e-1e21234fcb2b","local_time":"20190127092844","is_ascension_mode":false,"campfire_choices":[{"data":"Creative AI","floor":8,"key":"SMITH"},{"data":"Dualcast","floor":13,"key":"SMITH"},{"data":"Defragment","floor":15,"key":"SMITH"},{"floor":23,"key":"REST"}],"neow_cost":"NONE","seed_source_timestamp":269600993935629,"circlet_count":0,"master_deck":["Strike_B+1","Strike_B","Strike_B","Defend_B+1","Defend_B","Defend_B","Zap","Dualcast+1","Steam","Undo","Creative AI+1","Defragment+1","FTL","FTL","Steam","Buffer","Coolheaded+1","Chill","Flash of Steel","Loop","Coolheaded"],"relics":["Cracked Core","Kunai","Symbiotic Virus","Cables","Golden Idol","Bottled Lightning","Inserter","Nilry\u0027s Codex"],"potions_floor_usage":[16,19,24],"damage_taken":[{"damage":0,"enemies":"2 Louse","floor":1,"turns":2},{"damage":0,"enemies":"Jaw Worm","floor":2,"turns":3},{"damage":14,"enemies":"3 Sentries","floor":6,"turns":8},{"damage":0,"enemies":"Small Slimes","floor":7,"turns":4},{"damage":0,"enemies":"Lagavulin","floor":12,"turns":5},{"damage":3,"enemies":"Slime Boss","floor":16,"turns":4},{"damage":5,"enemies":"Chosen","floor":18,"turns":4},{"damage":13,"enemies":"3 Byrds","floor":19,"turns":9},{"damage":10,"enemies":"Centurion and Healer","floor":20,"turns":5},{"damage":55,"enemies":"Gremlin Leader","floor":24,"turns":4}],"seed_played":"-8375434006482182044","potions_obtained":[{"floor":16,"key":"SkillPotion"},{"floor":18,"key":"Strength Potion"}],"is_trial":false,"path_per_floor":["M","M","?","T","?","E","M","R","T","?","?","E","R","$","R","B",null,"M","M","M","$","?","R","E"],"character_chosen":"DEFECT","items_purchased":["FTL","Steam","Block Potion","Flash of Steel","Loop","Coolheaded"],"campfire_rested":1,"item_purchase_floors":[14,14,14,21,21,21],"current_hp_per_floor":[75,75,60,60,53,39,39,39,39,39,39,39,39,39,39,36,75,70,57,47,47,31,53,0],"gold":12,"neow_bonus":"REMOVE_CARD","is_prod":false,"is_daily":false,"chose_seed":false,"campfire_upgraded":3,"win_rate":0,"timestamp":1548602924,"path_taken":["M","M","?","?","?","E","M","R","T","?","?","E","R","$","R","BOSS","M","M","M","$","?","R","E"],"build_version":"2019-01-23","purchased_purges":0,"victory":false,"max_hp_per_floor":[75,75,75,75,75,75,75,75,75,75,75,75,75,75,75,75,75,75,75,75,75,75,75,75],"card_choices":[{"not_picked":["Streamline","Redo"],"picked":"Steam","floor":1},{"not_picked":["Reinforced Body","Fusion"],"picked":"Undo","floor":2},{"not_picked":["Beam Cell","Barrage"],"picked":"Creative AI","floor":6},{"not_picked":["Ball Lightning","Beam Cell"],"picked":"Defragment","floor":7},{"not_picked":["Sweeping Beam","Turbo"],"picked":"FTL","floor":12},{"not_picked":["Fission","Thunder Strike"],"picked":"Buffer","floor":16},{"not_picked":["Ball Lightning+1","Sweeping Beam","Steam"],"picked":"SKIP","floor":18},{"not_picked":["Recycle","Skim"],"picked":"Coolheaded+1","floor":19},{"not_picked":["Reprogram","Blizzard+1"],"picked":"Chill","floor":20}],"player_experience":405795,"relics_obtained":[{"floor":4,"key":"Kunai"},{"floor":6,"key":"Symbiotic Virus"},{"floor":9,"key":"Cables"},{"floor":12,"key":"Bottled Lightning"},{"floor":22,"key":"Nilry\u0027s Codex"}],"event_choices":[{"damage_healed":0,"gold_gain":0,"player_choice":"Entered Light","damage_taken":15,"max_hp_gain":0,"max_hp_loss":0,"event_name":"Shining Light","floor":3,"gold_loss":0,"cards_upgraded":["Strike_B","Defend_B"]},{"cards_removed":["Defend_B"],"damage_healed":0,"gold_gain":0,"player_choice":"Card Removal","damage_taken":7,"max_hp_gain":0,"max_hp_loss":0,"event_name":"Golden Wing","floor":5,"gold_loss":0},{"damage_healed":0,"gold_gain":0,"player_choice":"Take Wound","damage_taken":0,"relics_obtained":["Golden Idol"],"max_hp_gain":0,"max_hp_loss":0,"event_name":"Golden Idol","floor":10,"gold_loss":0,"cards_obtained":["Injury"]},{"cards_removed":["Injury"],"damage_healed":0,"gold_gain":0,"player_choice":"Card Removal","damage_taken":0,"max_hp_gain":0,"max_hp_loss":0,"event_name":"The Cleric","floor":11,"gold_loss":50},{"damage_healed":0,"gold_gain":0,"player_choice":"Obtained Book","damage_taken":16,"max_hp_gain":0,"max_hp_loss":0,"event_name":"Cursed Tome","floor":22,"gold_loss":0}],"is_beta":true,"boss_relics":[{"not_picked":["Runic Dome","Coffee Dripper"],"picked":"Inserter"}],"items_purged_floors":[],"is_endless":false,"potions_floor_spawned":[16,18],"killed_by":"Gremlin Leader","ascension_level":0}