{"gold_per_floor":[109,125,26,26,26,26,43,43,112,112,137,154,154,179,179,280,330,347,347,357,377,377],"floor_reached":22,"playtime":830,"items_purged":["Strike_R"],"score":243,"play_id":"6333ecf2-94e2-44df-881c-26343f6aaeac","local_time":"20190622185353","is_ascension_mode":true,"campfire_choices":[{"data":"Bash","floor":6,"key":"SMITH"},{"data":"Pommel Strike","floor":8,"key":"SMITH"},{"floor":13,"key":"REST"},{"data":"Strike_R","floor":15,"key":"PURGE"}],"neow_cost":"NONE","seed_source_timestamp":33037105434769,"circlet_count":0,"master_deck":["Strike_R","Defend_R+1","Defend_R","Defend_R","Defend_R","Bash+1","Twin Strike","Twin Strike","Pommel Strike+1","Uppercut","Carnage","Clothesline","Barricade","Sentinel","Cleave","Spot Weakness","Jack Of All Trades","Warcry","Infernal Blade+1"],"relics":["Burning Blood","Self Forming Clay","Bottled Flame","Peace Pipe","Ancient Tea Set","Tiny House"],"potions_floor_usage":[16,16,22,22,22],"damage_taken":[{"damage":6,"enemies":"Cultist","floor":1,"turns":4},{"damage":11,"enemies":"Jaw Worm","floor":2,"turns":4},{"damage":1,"enemies":"2 Louse","floor":7,"turns":3},{"damage":32,"enemies":"3 Sentries","floor":11,"turns":10},{"damage":9,"enemies":"Looter","floor":12,"turns":3},{"damage":12,"enemies":"Gremlin Nob","floor":14,"turns":3},{"damage":7,"enemies":"Slime Boss","floor":16,"turns":6},{"damage":41,"enemies":"Spheric Guardian","floor":18,"turns":6},{"damage":35,"enemies":"Chosen","floor":20,"turns":8},{"damage":13,"enemies":"Snecko","floor":21,"turns":5},{"damage":11,"enemies":"3 Cultists","floor":22,"turns":4}],"seed_played":"7437389361514521522","potions_obtained":[{"floor":12,"key":"Explosive Potion"},{"floor":14,"key":"Fire Potion"},{"floor":17,"key":"Strength Potion"},{"floor":20,"key":"Block Potion"},{"floor":21,"key":"Energy Potion"}],"is_trial":false,"path_per_floor":["M","M","$","?","?","R","M","R","T","?","E","M","R","E","R","B",null,"M","?","M","M","M"],"character_chosen":"IRONCLAD","items_purchased":["Pommel Strike"],"campfire_rested":1,"item_purchase_floors":[3],"current_hp_per_floor":[80,75,75,68,68,68,73,73,73,73,47,44,68,62,62,61,80,45,45,16,9,0],"gold":377,"neow_bonus":"REMOVE_CARD","is_prod":false,"is_daily":false,"chose_seed":false,"campfire_upgraded":2,"win_rate":0,"timestamp":1561244033,"path_taken":["M","?","$","?","?","R","M","R","T","?","E","M","R","E","R","BOSS","M","?","M","M","M"],"build_version":"2019-01-23","purchased_purges":1,"victory":false,"max_hp_per_floor":[80,80,80,80,80,80,80,80,80,80,80,80,80,80,80,80,85,85,85,85,85,85],"card_choices":[{"not_picked":["Sword Boomerang","Clash"],"picked":"Twin Strike","floor":1},{"not_picked":["Thunderclap","Infernal Blade"],"picked":"Twin Strike","floor":2},{"not_picked":["Fire Breathing","Headbutt"],"picked":"Uppercut","floor":7},{"not_picked":["Clash","Bludgeon"],"picked":"Carnage","floor":11},{"not_picked":["Flex","Headbutt","Perfected Strike"],"picked":"SKIP","floor":12},{"not_picked":["Pummel","Pommel Strike"],"picked":"Clothesline","floor":14},{"not_picked":["Berserk","Limit Break"],"picked":"Barricade","floor":16},{"not_picked":["Sword Boomerang","Pommel Strike"],"picked":"Sentinel","floor":17},{"not_picked":["Headbutt","Pommel Strike"],"picked":"Cleave","floor":18},{"not_picked":["Intimidate","Evolve"],"picked":"Warcry","floor":20},{"not_picked":["Clothesline+1","Sword Boomerang"],"picked":"Infernal Blade+1","floor":21}],"player_experience":178176,"relics_obtained":[{"floor":9,"key":"Bottled Flame"},{"floor":11,"key":"Peace Pipe"},{"floor":14,"key":"Ancient Tea Set"}],"event_choices":[{"damage_healed":0,"gold_gain":0,"player_choice":"Success","damage_taken":7,"relics_obtained":["Self Forming Clay"],"max_hp_gain":0,"max_hp_loss":0,"event_name":"Scrap Ooze","floor":4,"gold_loss":0},{"damage_healed":0,"gold_gain":0,"player_choice":"Ignored","damage_taken":0,"max_hp_gain":0,"max_hp_loss":0,"event_name":"Liars Game","floor":5,"gold_loss":0},{"cards_removed":["Strike_R"],"damage_healed":0,"gold_gain":0,"player_choice":"Forget","damage_taken":0,"max_hp_gain":0,"max_hp_loss":0,"event_name":"Living Wall","floor":10,"gold_loss":0},{"damage_healed":0,"gold_gain":0,"player_choice":"2 cards matched","damage_taken":0,"max_hp_gain":0,"max_hp_loss":0,"event_name":"Match and Keep!","floor":19,"gold_loss":0,"cards_obtained":["Spot Weakness","Jack Of All Trades"]}],"is_beta":false,"boss_relics":[{"not_picked":["Cursed Key","Pandora\u0027s Box"],"picked":"Tiny House"}],"items_purged_floors":[3],"is_endless":false,"potions_floor_spawned":[12,14,20,21],"killed_by":"3 Cultists","ascension_level":5}