{"gold_per_floor":[110,122,139,139,64,64,98,98,98,98,26,0,34,34,34,138,138,150,137,156,156,169,199,199,230,230,230],"floor_reached":27,"playtime":1809,"items_purged":["Strike_P"],"score":272,"play_id":"86424dad-278e-4a8e-8a80-1a037c71c231","local_time":"20190909222316","is_ascension_mode":true,"campfire_choices":[{"data":"Devotion","floor":6.0,"key":"SMITH"},{"data":"DevaForm","floor":8.0,"key":"SMITH"},{"floor":10.0,"key":"REST"},{"data":"Omniscience","floor":15.0,"key":"SMITH"},{"data":"Pray","floor":24,"key":"SMITH"}],"neow_cost":"NONE","seed_source_timestamp":464967300018300,"circlet_count":0,"master_deck":["Strike_P","Strike_P","Defend_P","Defend_P","Defend_P","Defend_P","Eruption","Vigilance","BowlingBash","Protect","Devotion+1","DevaForm+1","Wireheading","Omniscience+1","Pray+1","JustLucky","Halt","Devotion","MasterReality","Weave","FearNoEvil","Regret"],"special_seed":0,"relics":["PureWater","WingedGreaves","Sundial","Cursed Key","Letter Opener","Bag of Preparation","Eternal Feather"],"potions_floor_usage":[23,25],"damage_taken":[{"damage":0.0,"enemies":"Cultist","floor":1.0,"turns":2.0},{"damage":1.0,"enemies":"Jaw Worm","floor":2.0,"turns":3.0},{"damage":0.0,"enemies":"2 Louse","floor":3.0,"turns":2.0},{"damage":61.0,"enemies":"Gremlin Nob","floor":7.0,"turns":6.0},{"damage":0.0,"enemies":"Looter","floor":12.0,"turns":4.0},{"damage":12.0,"enemies":"Lagavulin","floor":13.0,"turns":13.0},{"damage":3.0,"enemies":"Slime Boss","floor":16.0,"turns":16.0},{"damage":7,"enemies":"Shell Parasite","floor":18,"turns":7},{"damage":18,"enemies":"2 Thieves","floor":19,"turns":5},{"damage":2,"enemies":"Centurion and Healer","floor":20,"turns":8},{"damage":3,"enemies":"Snecko","floor":22,"turns":8},{"damage":6,"enemies":"Book of Stabbing","floor":23,"turns":10},{"damage":2,"enemies":"Slavers","floor":25,"turns":6},{"damage":33,"enemies":"Book of Stabbing","floor":27,"turns":6}],"seed_played":"-6679361470169025345","potions_obtained":[{"floor":2.0,"key":"Ancient Potion"},{"floor":13.0,"key":"Regen Potion"},{"floor":14.0,"key":"Explosive Potion"},{"floor":14.0,"key":"Explosive Potion"},{"floor":16.0,"key":"Weak Potion"},{"floor":23,"key":"AttackPotion"}],"is_trial":false,"path_per_floor":["M","M","M","?","$","R","E","R","T","R","$","M","E","?","R","B",null,"M","M","M","?","M","E","R","E","T","E"],"character_chosen":"WATCHER","items_purchased":["Wireheading"],"campfire_rested":1,"item_purchase_floors":[11],"current_hp_per_floor":[71,70,70,63,63,63,2,2,2,23,23,23,11,11,11,23,71,64,46,44,44,41,35,35,33,33,0],"gold":230,"neow_bonus":"TEN_PERCENT_HP_BONUS","is_prod":false,"is_daily":false,"chose_seed":false,"campfire_upgraded":4,"win_rate":0,"timestamp":1568082196,"path_taken":["M","M","M","?","$","R","E","R","T","R","$","M","E","?","R","BOSS","M","M","?","?","M","E","R","E","T","E"],"build_version":"2019-09-09","purchased_purges":1,"victory":false,"max_hp_per_floor":[71,71,71,71,71,71,71,71,71,71,71,71,71,71,71,71,71,71,71,71,71,71,71,71,71,71,71],"card_choices":[{"not_picked":["ClearTheMind","CrushJoints"],"picked":"BowlingBash","floor":1.0},{"not_picked":["DeceiveReality","Sanctity"],"picked":"Protect","floor":2.0},{"not_picked":["FollowUp","Meditate"],"picked":"Devotion","floor":3.0},{"not_picked":["Fasting","Weave"],"picked":"DevaForm","floor":7.0},{"not_picked":["Crescendo","FollowUp","Protect"],"picked":"SKIP","floor":12.0},{"not_picked":["ClearTheMind","Protect"],"picked":"Omniscience","floor":13.0},{"not_picked":["Blasphemy","BattleHymn"],"picked":"Pray","floor":16.0},{"not_picked":["Fasting","BowlingBash"],"picked":"JustLucky","floor":18},{"not_picked":["FollowUp","BowlingBash+1","Consecrate"],"picked":"SKIP","floor":19},{"not_picked":["FlurryOfBlows","BowlingBash"],"picked":"Halt","floor":20},{"not_picked":["Crescendo","Clarity+1"],"picked":"MasterReality","floor":22},{"not_picked":["CutThroughFate","EmptyFist"],"picked":"Weave","floor":23},{"not_picked":["FlyingSleeves","Wireheading"],"picked":"FearNoEvil","floor":25}],"player_experience":1918709,"relics_obtained":[{"floor":7.0,"key":"WingedGreaves"},{"floor":13.0,"key":"Sundial"},{"floor":23,"key":"Letter Opener"},{"floor":25,"key":"Bag of Preparation"},{"floor":26,"key":"Eternal Feather"}],"event_choices":[{"cards_removed":["Strike_P"],"damage_healed":0.0,"max_hp_gain":0.0,"max_hp_loss":0.0,"gold_gain":0.0,"event_name":"Golden Wing","player_choice":"Card Removal","floor":4.0,"gold_loss":0.0,"damage_taken":7.0},{"damage_healed":0.0,"max_hp_gain":0.0,"max_hp_loss":0.0,"gold_gain":0.0,"event_name":"Lab","player_choice":"Got Potions","floor":14.0,"gold_loss":0.0,"damage_taken":0.0},{"damage_healed":0,"gold_gain":0,"player_choice":"Read","damage_taken":0,"max_hp_gain":0,"max_hp_loss":0,"event_name":"The Library","floor":21,"gold_loss":0,"cards_obtained":["Devotion"]}],"is_beta":true,"boss_relics":[{"not_picked":["HolyWater","Pandora\u0027s Box"],"picked":"Cursed Key"}],"items_purged_floors":[5],"is_endless":false,"potions_floor_spawned":[2,13,16,23],"killed_by":"Book of Stabbing","ascension_level":1}