{"path_per_floor":["M","?","?","$","?","R","M","M","T","E","R","M","R","M","R","B",null,"M","M"],"character_chosen":"IRONCLAD","items_purchased":["Rampage"],"gold_per_floor":[112,62,62,21,21,21,39,50,129,156,156,168,168,178,178,273,273,286,300],"floor_reached":20,"campfire_rested":1,"playtime":1194,"current_hp_per_floor":[44,44,44,44,44,44,44,39,39,17,41,47,47,47,47,14,80,56,21],"items_purged":[],"gold":300,"play_id":"f35a9d26-4126-4f1e-abdf-440e065c2b7f","is_prod":false,"is_daily":false,"is_ascension_mode":true,"campfire_upgraded":3,"path_taken":["M","?","?","?","?","R","M","?","T","E","R","M","R","M","R","BOSS","M","M","M"],"build_version":"2018-01-23-BETA1","purchased_purges":0,"victory":false,"master_deck":["Strike_R","Strike_R","Strike_R","Defend_R","Defend_R","Bash","Rampage","Rampage","Bash","Limit Break","Shrug It Off","Infernal Blade","Spot Weakness","Limit Break","Flex"],"max_hp_per_floor":[80,80,80,80,80,80,80,80,80,80,80,80,80,80,80,80,80,80,80],"relics":["Burning Blood","Kunai","Self Forming Clay","Runic Pyramid"],"card_choices":[{"not_picked":["Flex","Clash"],"picked":"Rampage"},{"not_picked":["Spot Weakness","Flex"],"picked":"Shrug It Off"},{"not_picked":["Bloodletting","Feel No Pain"],"picked":"Infernal Blade"},{"not_picked":["Hemokinesis","Sword Boomerang"],"picked":"Spot Weakness"},{"not_picked":["Impervious","Double Tap"],"picked":"Limit Break"},{"not_picked":["Rage","Dual Wield"],"picked":"Flex"}],"player_experience":0,"potions_floor_usage":[12,14,20],"damage_taken":[{"damage":2,"enemies":"Small Slimes","floor":1,"turns":4},{"damage":6,"enemies":"Cultist","floor":7,"turns":3},{"damage":11,"enemies":"Jaw Worm","floor":8,"turns":3},{"damage":28,"enemies":"Gremlin Nob","floor":10,"turns":4},{"damage":0,"enemies":"Looter","floor":12,"turns":3},{"damage":6,"enemies":"Exordium Thugs","floor":14,"turns":4},{"damage":39,"enemies":"Slime Boss","floor":16,"turns":6},{"damage":30,"enemies":"3 Byrds","floor":18,"turns":7},{"damage":41,"enemies":"Spheric Guardian","floor":19,"turns":6},{"damage":23,"enemies":"Snake Plant","floor":20,"turns":4}],"event_choices":[{"event_name":"The Cleric","player_choice":"Card Removal","floor":2,"damage_taken":0},{"event_name":"Bonfire Elementals","player_choice":"BASIC","floor":3,"damage_taken":0},{"event_name":"Match and Keep!","player_choice":"2 cards matched","floor":5,"damage_taken":0}],"boss_relics":[{"not_picked":["Black Blood","Calling Bell"],"picked":"Runic Pyramid"}],"potions_floor_spawned":[10,12,18],"seed_played":"-8012844330885056517","killed_by":"Snake Plant","ascension_level":1,"is_trial":false}