{"path_per_floor":["M","M","M","?","?","?","R","M","T","R","$","E","M","M","R","B",null,"M","$","?","$","T","E","?","R","T","?","M","M","$","M","R","B",null,"M","?","$","M","M","R","M","R","T","M","R","?","$","M","R","B"],"character_chosen":"DEFECT","items_purchased":["Amplify","Buffer","Defragment"],"gold_per_floor":[13,31,47,122,122,72,72,87,87,87,12,41,60,80,80,181,181,201,27,58,58,58,92,92,92,116,116,132,143,18,35,35,131,131,146,146,75,85,95,95,107,107,107,118,118,118,39,55,55,55],"floor_reached":51,"campfire_rested":3,"playtime":3022,"current_hp_per_floor":[75,74,74,63,63,63,63,54,54,54,54,41,41,41,63,31,75,75,75,58,58,58,25,25,47,47,47,47,47,47,47,47,14,75,71,62,62,62,62,62,62,62,62,62,62,62,62,62,75,59],"items_purged":["Dualcast","Defend_B","Strike_B"],"gold":55,"score":642,"play_id":"28d8c702-5dcb-4551-94c7-08f0a60ab6f9","local_time":"20180518152535","is_prod":false,"is_daily":false,"chose_seed":false,"is_ascension_mode":false,"campfire_upgraded":6,"timestamp":1526649935,"campfire_choices":[{"data":"Defragment","floor":7,"key":"SMITH"},{"data":"Zap","floor":10,"key":"SMITH"},{"floor":15,"key":"REST"},{"floor":25,"key":"REST"},{"data":"Rainbow","floor":32,"key":"SMITH"},{"data":"Amplify","floor":40,"key":"SMITH"},{"data":"Madness","floor":42,"key":"SMITH"},{"data":"Capacitor","floor":45,"key":"SMITH"},{"floor":49,"key":"REST"}],"path_taken":["M","M","M","?","?","?","R","M","T","R","?","E","?","M","R","BOSS","M","$","?","$","?","E","?","R","T","?","M","M","$","M","R","BOSS","M","?","$","?","M","R","M","R","T","M","R","?","$","M","R","BOSS"],"build_version":"2018-05-17","seed_source_timestamp":6498368563636,"purchased_purges":3,"victory":true,"master_deck":["Strike_B","Defend_B","Defend_B","Zap+1","Ball Lightning","Ball Lightning","Defragment+1","Capacitor+1","Rainbow","Leap+1","Amplify+1","Storm+1","Buffer+1","Finesse","Leap+1","Rainbow+1","Machine Learning+1","Madness+1","Madness","Buffer+1","Capacitor+1","Trip","Defragment+1"],"max_hp_per_floor":[75,75,75,75,75,75,75,75,75,75,75,75,75,75,75,75,75,75,75,75,75,75,75,75,75,75,75,75,75,75,75,75,75,75,75,75,75,75,75,75,75,75,75,75,75,75,75,75,75,75],"relics":["Cracked Core","Gremlin Horn","Thread and Needle","Nuclear Battery","Red Mask","Frozen Egg 2","Bag of Preparation","Omamori","Velvet Choker","Question Card"],"card_choices":[{"not_picked":["Cold Snap","Storm"],"picked":"Ball Lightning","floor":1},{"not_picked":["Coolheaded","Hologram"],"picked":"Ball Lightning","floor":2},{"not_picked":["Fusion","Coolheaded"],"picked":"Defragment","floor":3},{"not_picked":["Conserve Battery","Coolheaded","Sweeping Beam"],"picked":"SKIP","floor":8},{"not_picked":["Cold Snap","Axe Kick"],"picked":"Capacitor","floor":12},{"not_picked":["Skim","Hologram","Darkness"],"picked":"SKIP","floor":13},{"not_picked":["Reprogram","Axe Kick","Chaos"],"picked":"SKIP","floor":14},{"not_picked":["Creative AI","All For One"],"picked":"Rainbow","floor":16},{"not_picked":["Beam Cell+1","Turbo"],"picked":"Leap+1","floor":18},{"not_picked":["Heatsinks+1","Hologram"],"picked":"Storm+1","floor":23},{"not_picked":["Skim","FTL"],"picked":"Leap+1","floor":28},{"not_picked":["Barrage","Beam Cell","Rebound"],"picked":"SKIP","floor":29},{"not_picked":["Scrape+1","Turbo"],"picked":"Rainbow","floor":31},{"not_picked":["Multi-Cast","All For One"],"picked":"Machine Learning+1","floor":33},{"not_picked":["Coolheaded+1","Hologram+1","Rip and Tear"],"picked":"SKIP","floor":35},{"not_picked":["Doom and Gloom+1","Blizzard"],"picked":"Capacitor+1","floor":38},{"not_picked":["Recycle+1","Loop+1","Axe Kick"],"picked":"SKIP","floor":39},{"not_picked":["Stack+1","Streamline+1","Hologram+1"],"picked":"SKIP","floor":41},{"not_picked":["Rip and Tear","Turbo","Sweeping Beam+1","Recycle"],"picked":"SKIP","floor":44},{"not_picked":["Rip and Tear","Turbo","Sweeping Beam+1","Recycle"],"picked":"SKIP","floor":44},{"not_picked":["Self Repair+1","Lockon+1","Doom and Gloom+1","Leap"],"picked":"SKIP","floor":48}],"player_experience":70614,"potions_floor_usage":[23,33,50],"damage_taken":[{"damage":0,"enemies":"2 Louse","floor":1,"turns":2},{"damage":1,"enemies":"Jaw Worm","floor":2,"turns":3},{"damage":0,"enemies":"Small Slimes","floor":3,"turns":2},{"damage":9,"enemies":"Blue Slaver","floor":8,"turns":3},{"damage":13,"enemies":"Lagavulin","floor":12,"turns":4},{"damage":0,"enemies":"Large Slime","floor":13,"turns":3},{"damage":0,"enemies":"2 Fungi Beasts","floor":14,"turns":2},{"damage":32,"enemies":"Hexaghost","floor":16,"turns":7},{"damage":0,"enemies":"Shell Parasite","floor":18,"turns":5},{"damage":17,"enemies":"Masked Bandits","floor":20,"turns":4},{"damage":33,"enemies":"Slavers","floor":23,"turns":4},{"damage":0,"enemies":"2 Thieves","floor":28,"turns":3},{"damage":0,"enemies":"Chosen and Byrds","floor":29,"turns":3},{"damage":0,"enemies":"Snecko","floor":31,"turns":3},{"damage":33,"enemies":"Champ","floor":33,"turns":8},{"damage":4,"enemies":"3 Shapes","floor":35,"turns":3},{"damage":0,"enemies":"Flame Bruiser 1 Orb","floor":38,"turns":4},{"damage":0,"enemies":"3 Darklings","floor":39,"turns":3},{"damage":0,"enemies":"Spire Growth","floor":41,"turns":4},{"damage":0,"enemies":"Sphere and 2 Shapes","floor":44,"turns":3},{"damage":0,"enemies":"Flame Bruiser 2 Orb","floor":48,"turns":5},{"damage":16,"enemies":"Time Eater","floor":50,"turns":5}],"relics_obtained":[{"floor":9,"key":"Gremlin Horn"},{"floor":12,"key":"Thread and Needle"},{"floor":20,"key":"Red Mask"},{"floor":22,"key":"Frozen Egg 2"},{"floor":23,"key":"Bag of Preparation"},{"floor":26,"key":"Omamori"},{"floor":43,"key":"Question Card"}],"event_choices":[{"event_name":"World of Goop","player_choice":"Gather Gold","floor":4,"damage_taken":0},{"event_name":"Liars Game","player_choice":"disagreed","floor":5,"damage_taken":0},{"event_name":"The Cleric","player_choice":"Card Removal","floor":6,"damage_taken":0},{"event_name":"Masked Bandits","player_choice":"Fought over 27 gold","floor":20,"damage_taken":0},{"event_name":"Match and Keep!","player_choice":"2 cards matched","floor":24,"damage_taken":0},{"event_name":"Drug Dealer","player_choice":"Ignored","floor":27,"damage_taken":0},{"event_name":"Winding Halls","player_choice":"Embrace Madness","floor":36,"damage_taken":0},{"event_name":"Match and Keep!","player_choice":"1 cards matched","floor":46,"damage_taken":0}],"boss_relics":[{"not_picked":["Eternal Feather","Cursed Key"],"picked":"Nuclear Battery"},{"not_picked":["Tiny House","Runic Dome"],"picked":"Velvet Choker"}],"potions_floor_spawned":[2,8,12,16,23,28,31,35,39],"seed_played":"909795656688586424","ascension_level":0,"potions_obtained":[{"floor":2,"key":"GamblersBrew"},{"floor":8,"key":"SteroidPotion"},{"floor":12,"key":"FocusPotion"},{"floor":23,"key":"Energy Potion"},{"floor":35,"key":"Energy Potion"},{"floor":39,"key":"PowerPotion"}],"is_trial":false}