{"gold_per_floor":[118,118,137,162,187,231,231,244,244,244,43,87,162,178,178,303,303,323,336,356,379,404,404,16,56,80,96,96,113,113,128,128,223,223,243,263,282,294,76,76,110,110,159,179,204,218,218,318,318,318],"floor_reached":51,"playtime":6057,"items_purged":["Bite"],"score":770,"play_id":"22848890-9c55-44e9-ac42-119c6caa838d","local_time":"20190201174346","is_ascension_mode":false,"campfire_choices":[{"data":"Self Repair","floor":7,"key":"SMITH"},{"floor":10,"key":"REST"},{"data":"Dualcast","floor":15,"key":"SMITH"},{"data":"Creative AI","floor":23,"key":"SMITH"},{"data":"White Noise","floor":32,"key":"SMITH"},{"data":"Double Energy","floor":40,"key":"SMITH"},{"data":"Seek","floor":49,"key":"SMITH"}],"neow_cost":"NONE","seed_source_timestamp":369300291628519,"circlet_count":0,"master_deck":["Defend_B","Defend_B","Defend_B","Dualcast+1","Self Repair+1","Beam Cell","Darkness","Cold Snap","Biased Cognition","Conserve Battery","Conserve Battery","Steam","Creative AI+1","Go for the Eyes+1","Ball Lightning+1","White Noise+1","Chill","Auto Shields","Ball Lightning+1","Auto Shields","Conserve Battery","Bite","Bite","Bite","BootSequence+1","Seek+1","Double Energy+1","Auto Shields+1","Madness","Madness","Capacitor+1"],"relics":["FrozenCore","Bloody Idol","Kunai","Bottled Flame","ClockworkSouvenir","Darkstone Periapt","Lantern","OrangePellets","Bottled Lightning","Regal Pillow","Empty Cage","PreservedInsect","Singing Bowl","Happy Flower","Bag of Preparation"],"potions_floor_usage":[16,21],"damage_taken":[{"damage":0,"enemies":"Jaw Worm","floor":1,"turns":4},{"damage":2,"enemies":"2 Louse","floor":3,"turns":2},{"damage":0,"enemies":"Small Slimes","floor":4,"turns":3},{"damage":7,"enemies":"2 Fungi Beasts","floor":5,"turns":5},{"damage":56,"enemies":"Gremlin Nob","floor":6,"turns":6},{"damage":5,"enemies":"Looter","floor":8,"turns":2},{"damage":7,"enemies":"Lagavulin","floor":12,"turns":6},{"damage":0,"enemies":"Red Slaver","floor":14,"turns":3},{"damage":8,"enemies":"The Guardian","floor":16,"turns":10},{"damage":2,"enemies":"3 Byrds","floor":18,"turns":8},{"damage":0,"enemies":"Chosen","floor":19,"turns":11},{"damage":5,"enemies":"Centurion and Healer","floor":20,"turns":11},{"damage":12,"enemies":"Shelled Parasite and Fungi","floor":21,"turns":9},{"damage":22,"enemies":"Snecko","floor":22,"turns":5},{"damage":23,"enemies":"Slavers","floor":25,"turns":12},{"damage":17,"enemies":"Snake Plant","floor":27,"turns":4},{"damage":0,"enemies":"Chosen and Byrds","floor":29,"turns":8},{"damage":0,"enemies":"Centurion and Healer","floor":31,"turns":13},{"damage":28,"enemies":"Automaton","floor":33,"turns":10},{"damage":0,"enemies":"3 Darklings","floor":35,"turns":4},{"damage":1,"enemies":"Orb Walker","floor":36,"turns":4},{"damage":7,"enemies":"Transient","floor":37,"turns":5},{"damage":1,"enemies":"4 Shapes","floor":38,"turns":3},{"damage":0,"enemies":"Nemesis","floor":41,"turns":9},{"damage":11,"enemies":"3 Darklings","floor":44,"turns":10},{"damage":31,"enemies":"Reptomancer","floor":45,"turns":10},{"damage":0,"enemies":"Maw","floor":46,"turns":11},{"damage":22,"enemies":"Awakened One","floor":50,"turns":15}],"seed_played":"6011627210880105970","potions_obtained":[{"floor":5,"key":"Fire Potion"},{"floor":8,"key":"Block Potion"},{"floor":12,"key":"SkillPotion"},{"floor":19,"key":"Strength Potion"},{"floor":20,"key":"AttackPotion"},{"floor":22,"key":"FearPotion"},{"floor":45,"key":"Swift Potion"}],"is_trial":false,"path_per_floor":["M","?","M","M","M","E","R","M","T","R","$","E","?","M","R","B",null,"M","M","M","M","M","R","$","E","T","M","?","M","?","M","R","B",null,"M","M","M","M","$","R","E","?","T","M","E","M","?","?","R","B",null],"character_chosen":"DEFECT","items_purchased":["ClockworkSouvenir","Lantern","OrangePellets","Auto Shields","PreservedInsect"],"campfire_rested":1,"item_purchase_floors":[11,24,24,24,39],"current_hp_per_floor":[82,62,67,74,74,25,25,20,20,44,44,47,36,46,46,48,82,82,82,82,80,68,68,68,55,55,48,48,63,57,57,57,48,57,57,57,57,57,57,57,59,52,57,61,54,63,63,63,63,63],"gold":318,"neow_bonus":"TEN_PERCENT_HP_BONUS","is_prod":false,"is_daily":false,"chose_seed":false,"campfire_upgraded":6,"win_rate":0.0,"timestamp":1549010626,"path_taken":["M","?","M","M","M","E","R","M","T","R","$","E","?","M","R","BOSS","M","M","M","M","M","R","$","E","T","M","?","M","?","M","R","BOSS","M","M","M","M","$","R","E","?","T","M","E","M","?","?","R","BOSS"],"build_version":"2019-01-23","purchased_purges":1,"victory":true,"max_hp_per_floor":[82,82,82,82,82,82,82,82,82,82,82,82,82,82,82,82,82,82,82,82,82,82,82,82,82,82,82,82,82,57,57,57,57,57,57,57,57,57,57,57,59,59,59,61,61,63,63,63,63,63],"card_choices":[{"not_picked":["Leap","Beam Cell"],"picked":"Self Repair","floor":1},{"not_picked":["Skim","Darkness"],"picked":"Beam Cell","floor":3},{"not_picked":["Hello World","Consume"],"picked":"Darkness","floor":4},{"not_picked":["Ball Lightning","Compile Driver"],"picked":"Cold Snap","floor":5},{"not_picked":["Go for the Eyes","Lockon"],"picked":"Biased Cognition","floor":6},{"not_picked":["Leap","Sweeping Beam"],"picked":"Conserve Battery","floor":8},{"not_picked":["Force Field","Beam Cell"],"picked":"Conserve Battery","floor":12},{"not_picked":["Loop","Ball Lightning"],"picked":"Steam","floor":14},{"not_picked":["Amplify","All For One"],"picked":"Creative AI","floor":16},{"not_picked":["Redo","Beam Cell","Compile Driver+1"],"picked":"SKIP","floor":18},{"not_picked":["Skim","Cold Snap"],"picked":"Go for the Eyes+1","floor":19},{"not_picked":["Coolheaded","Thunder Strike"],"picked":"Ball Lightning+1","floor":20},{"not_picked":["Static Discharge","Go for the Eyes"],"picked":"White Noise","floor":21},{"not_picked":["Gash","Barrage+1"],"picked":"Chill","floor":22},{"not_picked":["Steam Power","Redo"],"picked":"Ball Lightning+1","floor":25},{"not_picked":["Compile Driver","Coolheaded"],"picked":"Auto Shields","floor":27},{"not_picked":["Ball Lightning","Auto Shields"],"picked":"Conserve Battery","floor":29},{"not_picked":["Conserve Battery+1","Ball Lightning"],"picked":"BootSequence+1","floor":31},{"not_picked":["Rainbow","Electrodynamics"],"picked":"Seek","floor":33},{"not_picked":["Leap+1","Consume"],"picked":"Double Energy","floor":35},{"not_picked":["Hologram","Skim","Redo"],"picked":"SKIP","floor":36},{"not_picked":["Hologram+1","Reinforced Body"],"picked":"Auto Shields+1","floor":37},{"not_picked":["Fusion+1","Conserve Battery","Rip and Tear"],"picked":"SKIP","floor":38},{"not_picked":["Ball Lightning+1","Auto Shields+1","Coolheaded"],"picked":"Singing Bowl","floor":41},{"not_picked":["Compile Driver","Rainbow","Loop"],"picked":"Singing Bowl","floor":44},{"not_picked":["BootSequence","Darkness"],"picked":"Capacitor+1","floor":45},{"not_picked":["Steam Power","Scrape+1","Sweeping Beam+1"],"picked":"Singing Bowl","floor":46}],"player_experience":61979,"relics_obtained":[{"floor":6,"key":"Kunai"},{"floor":9,"key":"Bottled Flame"},{"floor":12,"key":"Darkstone Periapt"},{"floor":25,"key":"Bottled Lightning"},{"floor":26,"key":"Regal Pillow"},{"floor":41,"key":"Singing Bowl"},{"floor":43,"key":"Happy Flower"},{"floor":45,"key":"Bag of Preparation"}],"event_choices":[{"damage_healed":0,"gold_gain":0,"player_choice":"Take Damage","damage_taken":20,"relics_obtained":["Golden Idol"],"max_hp_gain":0,"max_hp_loss":0,"event_name":"Golden Idol","floor":2,"gold_loss":0},{"damage_healed":0,"gold_gain":75,"player_choice":"Gather Gold","damage_taken":11,"max_hp_gain":0,"max_hp_loss":0,"event_name":"World of Goop","floor":13,"gold_loss":0},{"damage_healed":0,"gold_gain":0,"player_choice":"Gave Idol","damage_taken":0,"relics_obtained":["Bloody Idol"],"max_hp_gain":0,"max_hp_loss":0,"event_name":"Forgotten Altar","floor":28,"relics_lost":["Golden Idol"],"gold_loss":0},{"damage_healed":0,"gold_gain":0,"player_choice":"Became a vampire","damage_taken":0,"max_hp_gain":0,"max_hp_loss":25,"event_name":"Vampires","floor":30,"gold_loss":0,"cards_obtained":["Bite","Bite","Bite","Bite","Bite"]},{"damage_healed":0,"gold_gain":0,"player_choice":"Embrace Madness","damage_taken":7,"max_hp_gain":0,"max_hp_loss":0,"event_name":"Winding Halls","floor":42,"gold_loss":0,"cards_obtained":["Madness","Madness"]},{"cards_removed":["Bite"],"damage_healed":0,"gold_gain":0,"player_choice":"Removed Attack","damage_taken":0,"max_hp_gain":0,"max_hp_loss":0,"event_name":"Falling","floor":47,"gold_loss":0},{"damage_healed":0,"gold_gain":100,"player_choice":"Pray","damage_taken":0,"max_hp_gain":0,"max_hp_loss":0,"event_name":"Golden Shrine","floor":48,"gold_loss":0}],"is_beta":false,"boss_relics":[{"not_picked":["Black Star","Lizard Tail"],"picked":"FrozenCore"},{"not_picked":["Snecko Eye","Nuclear Battery"],"picked":"Empty Cage"}],"items_purged_floors":[39],"is_endless":false,"potions_floor_spawned":[5,8,12,14,19,20,22,29,36,38,45],"ascension_level":0}