{"gold_per_floor":[115,135,135,155,174,174,99,99,99,99,113,113,113,141,141,141],"floor_reached":16,"playtime":886,"items_purged":["Strike_G"],"score":115,"play_id":"d651e0ab-0f07-429b-a30f-85aa351f6ee5","local_time":"20180715142150","is_ascension_mode":true,"campfire_choices":[{"data":"Adrenaline","floor":6,"key":"SMITH"},{"data":"Well Laid Plans","floor":8,"key":"SMITH"},{"data":"Prepared","floor":10,"key":"SMITH"},{"data":"Backstab","floor":12,"key":"SMITH"},{"data":"Cloak And Dagger","floor":15,"key":"SMITH"}],"neow_cost":"NONE","seed_source_timestamp":1205632409107,"circlet_count":0,"master_deck":["Defend_G","Defend_G","Defend_G","Defend_G","Defend_G","Strike_G","Strike_G","Strike_G","Strike_G+1","Survivor+1","Neutralize+1","Adrenaline+1","Acrobatics","Well Laid Plans+1","Prepared+1","Backstab+1","Cloak And Dagger+1"],"relics":["Ring of the Snake","Omamori","Darkstone Periapt"],"potions_floor_usage":[14],"damage_taken":[{"damage":5,"enemies":"Cultist","floor":1,"turns":4},{"damage":2,"enemies":"Jaw Worm","floor":2,"turns":4},{"damage":0,"enemies":"Small Slimes","floor":4,"turns":3},{"damage":0,"enemies":"Looter","floor":5,"turns":3},{"damage":1,"enemies":"Red Slaver","floor":11,"turns":3},{"damage":4,"enemies":"Gremlin Nob","floor":14,"turns":3},{"damage":49,"enemies":"Hexaghost","floor":16,"turns":14}],"seed_played":"3066270498196294940","potions_obtained":[{"floor":4,"key":"Explosive Potion"},{"floor":5,"key":"SpeedPotion"},{"floor":14,"key":"Weak Potion"}],"is_trial":false,"path_per_floor":["M","M","?","M","M","R","$","R","T","R","M","R","?","E","R"],"character_chosen":"THE_SILENT","items_purchased":[],"campfire_rested":0,"item_purchase_floors":[],"current_hp_per_floor":[65,63,49,49,49,49,49,49,49,49,48,48,48,44,44,0],"gold":141,"neow_bonus":"ONE_RANDOM_RARE_CARD","is_prod":false,"is_daily":false,"chose_seed":false,"campfire_upgraded":5,"win_rate":0,"timestamp":1531657310,"path_taken":["M","?","?","M","M","R","$","R","T","R","M","R","?","E","R","BOSS"],"build_version":"2018-07-13","purchased_purges":1,"victory":false,"max_hp_per_floor":[70,70,70,70,70,70,70,70,70,70,70,70,70,70,70,70],"card_choices":[{"not_picked":["Setup","Eviscerate"],"picked":"Acrobatics","floor":1},{"not_picked":["PiercingWail","Catalyst"],"picked":"Well Laid Plans","floor":2},{"not_picked":["Dodge and Roll","Quick Slash"],"picked":"Prepared","floor":4},{"not_picked":["Malaise","Setup"],"picked":"Backstab","floor":5},{"not_picked":["Dodge and Roll","Poisoned Stab","Quick Slash"],"picked":"SKIP","floor":11},{"not_picked":["Distraction","Caltrops"],"picked":"Cloak And Dagger","floor":14}],"player_experience":256445,"relics_obtained":[{"floor":9,"key":"Omamori"},{"floor":14,"key":"Darkstone Periapt"}],"event_choices":[{"event_name":"Shining Light","player_choice":"Entered Light","floor":3,"damage_taken":0},{"event_name":"Upgrade Shrine","player_choice":"Upgraded","floor":13,"damage_taken":0}],"boss_relics":[],"items_purged_floors":[7],"is_endless":false,"potions_floor_spawned":[4,5,14],"killed_by":"Hexaghost","ascension_level":3}