{"gold_per_floor":[117,133,151,169,182,182,216,216,241,241,251,266,283,303,303,408,408,333,333,333,333,333,333,333,333,333,333,333,333,333,258,258,258,258,258,258,183,183,183,183,183,183,183,183,183,183,183,183,183,183],"floor_reached":51,"playtime":2898,"items_purged":["Strike_R"],"score":955,"play_id":"bcb752a0-26b3-40f3-b0bb-ef1759314a10","local_time":"20190212232702","is_ascension_mode":true,"campfire_choices":[{"data":"Uppercut","floor":6,"key":"SMITH"},{"data":"Barricade","floor":8,"key":"SMITH"},{"data":"True Grit","floor":10,"key":"SMITH"},{"data":"Rage","floor":15,"key":"SMITH"},{"data":"Sentinel","floor":24,"key":"SMITH"},{"data":"Shrug It Off","floor":30,"key":"SMITH"},{"data":"Impervious","floor":32,"key":"SMITH"},{"data":"Double Tap","floor":40,"key":"SMITH"},{"data":"Madness","floor":42,"key":"SMITH"},{"data":"Madness","floor":46,"key":"SMITH"},{"data":"Ghostly Armor","floor":49,"key":"SMITH"}],"neow_cost":"NONE","seed_source_timestamp":451977686700281,"circlet_count":0,"master_deck":["Strike_R","Defend_R","Defend_R","Bash","Uppercut+1","Twin Strike","True Grit+1","Barricade+1","Shrug It Off+1","Rage+1","Sentinel+1","Impervious+1","Cleave","Spot Weakness","Reaper","Double Tap+1","Bludgeon+1","Wild Strike+1","Havoc+1","Madness+1","Madness+1","Heavy Blade+1","Ghostly Armor+1","Ghostly Armor+1","Entrench+1"],"relics":["Burning Blood","Red Skull","Pocketwatch","Oddly Smooth Stone","Ectoplasm","Juzu Bracelet","Happy Flower","Lantern","Bag of Preparation","Astrolabe","Anchor","Sundial"],"potions_floor_usage":[7,7,16,23,25,27,50,50,50],"damage_taken":[{"damage":15,"enemies":"Cultist","floor":1,"turns":5},{"damage":3,"enemies":"2 Louse","floor":2,"turns":3},{"damage":0,"enemies":"Small Slimes","floor":3,"turns":3},{"damage":20,"enemies":"3 Louse","floor":4,"turns":3},{"damage":17,"enemies":"Large Slime","floor":5,"turns":8},{"damage":26,"enemies":"Lagavulin","floor":7,"turns":6},{"damage":8,"enemies":"Gremlin Gang","floor":11,"turns":5},{"damage":0,"enemies":"2 Fungi Beasts","floor":12,"turns":2},{"damage":1,"enemies":"Looter","floor":13,"turns":2},{"damage":4,"enemies":"Large Slime","floor":14,"turns":6},{"damage":0,"enemies":"Hexaghost","floor":16,"turns":8},{"damage":16,"enemies":"2 Thieves","floor":18,"turns":5},{"damage":0,"enemies":"Shell Parasite","floor":19,"turns":6},{"damage":25,"enemies":"Sentry and Sphere","floor":21,"turns":8},{"damage":2,"enemies":"Centurion and Healer","floor":22,"turns":7},{"damage":6,"enemies":"Book of Stabbing","floor":23,"turns":6},{"damage":24,"enemies":"Gremlin Leader","floor":25,"turns":6},{"damage":0,"enemies":"Book of Stabbing","floor":27,"turns":7},{"damage":0,"enemies":"Snecko","floor":28,"turns":8},{"damage":0,"enemies":"Snake Plant","floor":29,"turns":5},{"damage":0,"enemies":"Champ","floor":33,"turns":14},{"damage":23,"enemies":"3 Shapes","floor":35,"turns":5},{"damage":8,"enemies":"3 Darklings","floor":39,"turns":7},{"damage":12,"enemies":"Jaw Worm Horde","floor":41,"turns":5},{"damage":0,"enemies":"Maw","floor":45,"turns":7},{"damage":0,"enemies":"Sphere and 2 Shapes","floor":47,"turns":6},{"damage":0,"enemies":"Nemesis","floor":48,"turns":15},{"damage":28,"enemies":"Awakened One","floor":50,"turns":14}],"seed_played":"8560130234126275362","potions_obtained":[{"floor":3,"key":"Poison Potion"},{"floor":5,"key":"Poison Potion"},{"floor":7,"key":"PowerPotion"},{"floor":14,"key":"Weak Potion"},{"floor":16,"key":"SpeedPotion"},{"floor":18,"key":"Swift Potion"},{"floor":23,"key":"Ancient Potion"},{"floor":33,"key":"Ancient Potion"},{"floor":39,"key":"Dexterity Potion"}],"is_trial":false,"path_per_floor":["M","M","M","M","M","R","E","R","T","R","M","M","M","M","R","B",null,"M","M","?","M","M","E","R","E","T","E","M","M","R","?","R","B",null,"M","?","$","?","M","R","M","R","T","?","M","R","M","E","R","B",null],"character_chosen":"IRONCLAD","items_purchased":[],"campfire_rested":0,"item_purchase_floors":[],"current_hp_per_floor":[71,74,80,66,55,55,35,35,35,35,33,39,44,46,46,52,80,70,76,61,42,46,46,46,49,49,65,77,85,85,85,85,85,85,82,82,82,71,69,69,72,72,72,72,85,85,85,85,85,78],"gold":183,"neow_bonus":"RANDOM_COMMON_RELIC","is_prod":false,"is_daily":false,"chose_seed":false,"campfire_upgraded":11,"win_rate":0,"timestamp":1549981622,"path_taken":["M","M","M","M","M","R","E","R","T","R","M","M","M","M","R","BOSS","M","?","?","M","M","E","R","E","T","E","M","M","R","?","R","BOSS","M","?","$","?","M","R","M","R","T","?","M","R","M","E","R","BOSS"],"build_version":"2019-01-23","purchased_purges":1,"victory":true,"max_hp_per_floor":[80,80,80,80,80,80,80,80,80,80,80,80,80,80,80,80,80,80,80,85,85,85,85,85,85,85,85,85,85,85,85,85,85,85,85,85,85,85,85,85,85,85,85,85,85,85,85,85,85,85],"card_choices":[{"not_picked":["Armaments","Wild Strike"],"picked":"Uppercut","floor":1},{"not_picked":["Cleave","Thunderclap","Iron Wave"],"picked":"SKIP","floor":2},{"not_picked":["Dropkick","Rupture"],"picked":"Twin Strike","floor":3},{"not_picked":["Bloodletting","Wild Strike"],"picked":"True Grit","floor":4},{"not_picked":["Headbutt","Twin Strike","Heavy Blade"],"picked":"SKIP","floor":5},{"not_picked":["Dropkick","Shrug It Off"],"picked":"Barricade","floor":7},{"not_picked":["Cleave","Thunderclap"],"picked":"Shrug It Off","floor":11},{"not_picked":["Second Wind","Blood for Blood"],"picked":"Rage","floor":12},{"not_picked":["Headbutt","Fire Breathing"],"picked":"Sentinel","floor":13},{"not_picked":["Sword Boomerang","Clash","Combust"],"picked":"SKIP","floor":14},{"not_picked":["Brutality","Offering"],"picked":"Impervious","floor":16},{"not_picked":["Iron Wave","Combust"],"picked":"Cleave","floor":18},{"not_picked":["Thunderclap","Cleave+1"],"picked":"Spot Weakness","floor":19},{"not_picked":["Rampage","Bloodletting","Thunderclap"],"picked":"SKIP","floor":21},{"not_picked":["Anger","True Grit+1","Clothesline"],"picked":"SKIP","floor":22},{"not_picked":["Feed","Metallicize"],"picked":"Reaper","floor":23},{"not_picked":["Iron Wave+1","True Grit","Headbutt+1"],"picked":"SKIP","floor":25},{"not_picked":["Burning Pact","Heavy Blade","Dropkick"],"picked":"SKIP","floor":27},{"not_picked":["Clash","Wild Strike","Second Wind"],"picked":"SKIP","floor":28},{"not_picked":["Sever Soul","True Grit","Iron Wave+1"],"picked":"SKIP","floor":29},{"not_picked":["Reaper","Exhume"],"picked":"Double Tap","floor":33},{"not_picked":["Dropkick+1","Sword Boomerang+1","Shrug It Off"],"picked":"SKIP","floor":35},{"not_picked":["Rupture","Havoc","Twin Strike+1"],"picked":"SKIP","floor":39},{"not_picked":["Perfected Strike","Clothesline+1"],"picked":"Heavy Blade+1","floor":41},{"not_picked":["Cleave+1","Heavy Blade+1"],"picked":"Ghostly Armor+1","floor":45},{"not_picked":["Clothesline+1","Perfected Strike+1"],"picked":"Ghostly Armor","floor":47},{"not_picked":["Cleave","Headbutt"],"picked":"Entrench+1","floor":48}],"player_experience":221002,"relics_obtained":[{"floor":7,"key":"Pocketwatch"},{"floor":9,"key":"Oddly Smooth Stone"},{"floor":23,"key":"Juzu Bracelet"},{"floor":25,"key":"Happy Flower"},{"floor":26,"key":"Lantern"},{"floor":27,"key":"Bag of Preparation"},{"floor":43,"key":"Anchor"},{"floor":48,"key":"Sundial"}],"event_choices":[{"damage_healed":0,"gold_gain":0,"player_choice":"Shed Blood","damage_taken":20,"max_hp_gain":5,"max_hp_loss":0,"event_name":"Forgotten Altar","floor":20,"gold_loss":0},{"cards_removed":["Strike_R"],"damage_healed":0,"gold_gain":0,"player_choice":"Gave Gold","damage_taken":0,"max_hp_gain":0,"max_hp_loss":0,"event_name":"Beggar","floor":31,"gold_loss":75},{"damage_healed":0,"gold_gain":0,"player_choice":"Ignored","damage_taken":0,"max_hp_gain":0,"max_hp_loss":0,"event_name":"Tomb of Lord Red Mask","floor":36,"gold_loss":0},{"damage_healed":0,"gold_gain":0,"player_choice":"Embrace Madness","damage_taken":11,"max_hp_gain":0,"max_hp_loss":0,"event_name":"Winding Halls","floor":38,"gold_loss":0,"cards_obtained":["Madness","Madness"]},{"cards_removed":["Defend_R"],"damage_healed":0,"gold_gain":0,"player_choice":"Purged","damage_taken":0,"max_hp_gain":0,"max_hp_loss":0,"event_name":"Purifier","floor":44,"gold_loss":0}],"is_beta":false,"boss_relics":[{"not_picked":["Lizard Tail","Coffee Dripper"],"picked":"Ectoplasm"},{"not_picked":["Snecko Eye","Runic Dome"],"picked":"Astrolabe"}],"items_purged_floors":[37],"is_endless":false,"potions_floor_spawned":[3,5,7,14,16,18,22,23,33,39,47],"ascension_level":2}