{"gold_per_floor":[110,128,78,10,28,28,43,65,65,65,65,20,39,103,103,205,205,220,236,187,102,115,127,127,79,79,113,123,157,157,169,169,269,269,283,283,61,75,91,147,165,165,238,119,119,131,131],"floor_reached":47,"playtime":3837,"items_purged":[],"score":492,"play_id":"9a1eb762-df60-481b-9f60-4f1f958d2305","local_time":"20190621152135","is_ascension_mode":false,"campfire_choices":[{"data":"Haku:QueenOfRose","floor":6,"key":"SMITH"},{"data":"Haku:Void","floor":11,"key":"SMITH"},{"data":"Haku:CrossUp","floor":15,"key":"SMITH"},{"data":"Haku:Hotaru","floor":24,"key":"SMITH"},{"data":"Haku:TheTyrant","floor":30,"key":"SMITH"},{"floor":32,"key":"REST"},{"data":"Haku:PassiveMeter","floor":45,"key":"SMITH"}],"neow_cost":"NONE","seed_source_timestamp":999688348922851,"circlet_count":0,"master_deck":["Haku:Strike","Haku:Blocking","Haku:Blocking","Haku:Blocking","Haku:Blocking","Haku:Guren+1","Haku:Sweep+1","Haku:ClashAssault","Haku:CrusadeSeraphim","Haku:Hotaru+1","Haku:QueenOfRose+1","Haku:Yukikaze","Haku:Void+1","Haku:BlitzAttack","Haku:CrossUp+1","Haku:Yanagi+1","Haku:Mugen","Haku:CrystalWall+1","Haku:Grab+1","Haku:CrystalWall+1","Haku:Tsubaki+1","Haku:AwakeningTheChaos+1","Haku:ClawGrip+1","Haku:TheTyrant+1","Haku:ExceedAccel+1","Haku:GuardThrust","Haku:SmartSteer+1","Haku:WhiteVoid+1","Haku:Walpurgisnacht+1","Haku:NegativeEdge+1","Haku:AirGrab+1","Haku:PassiveMeter+1","Haku:Hotaru+1"],"relics":["Haku:Susanoo","Odd Mushroom","Ornamental Fan","Matryoshka","Molten Egg 2","Empty Cage","Dead Branch","Lantern","Dodecahedron","Whetstone","Red Mask","Busted Crown","Tiny Chest","Regal Pillow","Bottled Lightning"],"potions_floor_usage":[16,29,33,41],"damage_taken":[{"damage":6,"enemies":"Cultist","floor":1,"turns":4},{"damage":6,"enemies":"Jaw Worm","floor":2,"turns":2},{"damage":3,"enemies":"2 Louse","floor":5,"turns":2},{"damage":10,"enemies":"Looter","floor":7,"turns":2},{"damage":14,"enemies":"The Mushroom Lair","floor":8,"turns":4},{"damage":8,"enemies":"2 Fungi Beasts","floor":13,"turns":3},{"damage":14,"enemies":"Gremlin Nob","floor":14,"turns":5},{"damage":10,"enemies":"Hexaghost","floor":16,"turns":8},{"damage":8,"enemies":"Shell Parasite","floor":18,"turns":5},{"damage":16,"enemies":"3 Byrds","floor":19,"turns":5},{"damage":0,"enemies":"Sentry and Sphere","floor":22,"turns":3},{"damage":13,"enemies":"Centurion and Healer","floor":23,"turns":6},{"damage":18,"enemies":"Slavers","floor":27,"turns":5},{"damage":7,"enemies":"Snake Plant","floor":28,"turns":4},{"damage":0,"enemies":"Masked Bandits","floor":29,"turns":3},{"damage":14,"enemies":"3 Cultists","floor":31,"turns":5},{"damage":13,"enemies":"Collector","floor":33,"turns":4},{"damage":3,"enemies":"3 Darklings","floor":35,"turns":3},{"damage":0,"enemies":"Orb Walker","floor":38,"turns":1},{"damage":2,"enemies":"3 Darklings","floor":39,"turns":4},{"damage":16,"enemies":"Nemesis","floor":40,"turns":5},{"damage":6,"enemies":"4 Shapes","floor":41,"turns":7},{"damage":0,"enemies":"Maw","floor":46,"turns":1},{"damage":60,"enemies":"Reptomancer","floor":47,"turns":2}],"seed_played":"1023367479346949606","potions_obtained":[{"floor":5,"key":"Regen Potion"},{"floor":7,"key":"SneckoOil"},{"floor":23,"key":"Haku:HalfPowerPotion"},{"floor":27,"key":"Explosive Potion"},{"floor":28,"key":"Swift Potion"},{"floor":29,"key":"Dexterity Potion"},{"floor":31,"key":"Haku:QuarterPowerPotion"},{"floor":38,"key":"Block Potion"},{"floor":46,"key":"SpeedPotion"}],"is_trial":false,"path_per_floor":["M","M","?","$","M","R","M","?","T","T","R","$","M","?","R","B",null,"M","M","$","?","M","M","R","$","T","E","M","?","R","M","R","B",null,"M","?","$","M","M","E","M","?","T","$","R","M","E"],"character_chosen":"HAKUMEN","items_purchased":["Haku:Hotaru","Haku:BlitzAttack","Haku:CrystalWall+1","Haku:ClawGrip+1","Haku:Walpurgisnacht+1","Haku:NegativeEdge+1","Haku:PassiveMeter","Haku:Hotaru+1"],"campfire_rested":1,"item_purchase_floors":[4,12,20,25,37,37,44,44],"current_hp_per_floor":[77,71,71,71,68,68,58,44,44,44,44,44,36,22,22,27,83,75,59,59,59,59,46,46,46,46,28,21,21,21,7,31,18,83,80,80,80,80,78,62,56,56,56,56,56,56,0],"gold":131,"neow_bonus":"TEN_PERCENT_HP_BONUS","is_prod":false,"is_daily":false,"chose_seed":false,"campfire_upgraded":6,"win_rate":0.0,"timestamp":1561144895,"path_taken":["M","?","?","$","M","R","M","?","T","?","R","$","M","?","R","BOSS","M","M","$","?","M","M","R","$","T","E","M","?","R","M","R","BOSS","M","?","$","M","M","E","?","?","T","$","R","?","E"],"build_version":"2019-01-23","purchased_purges":0,"victory":false,"max_hp_per_floor":[83,83,83,83,83,83,83,83,83,83,83,83,83,83,83,83,83,83,83,83,83,83,83,83,83,83,83,83,83,83,83,83,83,83,83,83,83,83,83,83,83,83,83,83,83,83,83],"card_choices":[{"not_picked":["Haku:FuzzyJump","Haku:Zantetsu"],"picked":"Haku:ClashAssault","floor":1},{"not_picked":["Haku:DeadAngle","Haku:Sweep"],"picked":"Haku:CrusadeSeraphim","floor":2},{"not_picked":["Haku:InstantBlock","Haku:Shippu"],"picked":"Haku:QueenOfRose","floor":5},{"not_picked":["Haku:PlasticNight","Haku:AlphaCounter"],"picked":"Haku:Yukikaze","floor":7},{"not_picked":["Haku:BlackAndWhite","Haku:GodFist"],"picked":"Haku:Void","floor":8},{"not_picked":["Haku:CrusadeSeraphim","Haku:Void"],"picked":"Haku:CrossUp","floor":13},{"not_picked":["Haku:BlackAndWhite","Haku:EndGazer"],"picked":"Haku:Yanagi","floor":14},{"not_picked":["Haku:ChildishMemories","Haku:SixHeroes"],"picked":"Haku:Mugen","floor":16},{"not_picked":["Haku:Zantetsu+1","Haku:Divide+1"],"picked":"Haku:CrystalWall+1","floor":18},{"not_picked":["Haku:Void+1","Haku:DeadAngle"],"picked":"Haku:Grab+1","floor":19},{"not_picked":["Haku:EndGazer","Haku:Guren+1"],"picked":"Haku:Tsubaki+1","floor":22},{"not_picked":["Haku:Kishuu+1","Haku:ExceedAccel+1"],"picked":"Haku:AwakeningTheChaos+1","floor":23},{"not_picked":["Haku:Grab+1","Haku:Barrier"],"picked":"Haku:TheTyrant","floor":27},{"not_picked":["Haku:Void","Haku:Enma+1"],"picked":"Haku:ExceedAccel+1","floor":28},{"not_picked":["Haku:AirGrab+1","Haku:Barrier"],"picked":"Haku:GuardThrust","floor":29},{"not_picked":["Haku:QueenOfRose","Haku:NegativeEdge+1"],"picked":"Haku:SmartSteer+1","floor":31},{"not_picked":["Haku:ScienceFiction","Haku:Mugen"],"picked":"Haku:WhiteVoid","floor":33},{"not_picked":["Haku:Void+1"],"picked":"SKIP","floor":35},{"not_picked":[],"picked":"Haku:AirGrab+1","floor":38},{"not_picked":["Haku:PlasticNight+1"],"picked":"SKIP","floor":39},{"not_picked":["Haku:AwakeningTheChaos+1"],"picked":"SKIP","floor":40},{"not_picked":["Haku:AwakeningTheChaos+1"],"picked":"SKIP","floor":40},{"not_picked":["Haku:AirGrab+1"],"picked":"SKIP","floor":41},{"not_picked":["Haku:EndGazer"],"picked":"SKIP","floor":46}],"player_experience":507268,"relics_obtained":[{"floor":8,"key":"Odd Mushroom"},{"floor":9,"key":"Ornamental Fan"},{"floor":10,"key":"Matryoshka"},{"floor":14,"key":"Molten Egg 2"},{"floor":26,"key":"Lantern"},{"floor":26,"key":"Dodecahedron"},{"floor":27,"key":"Whetstone"},{"floor":29,"key":"Red Mask"},{"floor":40,"key":"Tiny Chest"},{"floor":43,"key":"Regal Pillow"},{"floor":43,"key":"Bottled Lightning"}],"event_choices":[{"cards_removed":["Haku:Strike"],"damage_healed":0,"gold_gain":0,"player_choice":"Card Removal","damage_taken":0,"max_hp_gain":0,"max_hp_loss":0,"event_name":"The Cleric","floor":3,"gold_loss":50},{"damage_healed":0,"gold_gain":0,"player_choice":"Fought Mushrooms","damage_taken":0,"max_hp_gain":0,"max_hp_loss":0,"event_name":"Mushrooms","floor":8,"gold_loss":0},{"damage_healed":0,"gold_gain":30,"player_choice":"Searched \u00272\u0027 times","damage_taken":0,"max_hp_gain":0,"max_hp_loss":0,"event_name":"Dead Adventurer","floor":14,"gold_loss":0},{"damage_healed":0,"gold_gain":0,"player_choice":"Obtained Relic","damage_taken":0,"relics_obtained":["Dead Branch"],"max_hp_gain":0,"max_hp_loss":0,"event_name":"Addict","floor":21,"gold_loss":85},{"damage_healed":0,"gold_gain":0,"player_choice":"Fought Bandits","damage_taken":0,"max_hp_gain":0,"max_hp_loss":0,"event_name":"Masked Bandits","floor":29,"gold_loss":0},{"damage_healed":0,"gold_gain":0,"player_choice":"Forge","damage_taken":0,"max_hp_gain":0,"max_hp_loss":0,"event_name":"Accursed Blacksmith","floor":36,"gold_loss":0,"cards_upgraded":["Haku:WhiteVoid"]},{"damage_healed":0,"gold_gain":0,"player_choice":"Bought 0 Potions","damage_taken":0,"max_hp_gain":0,"max_hp_loss":0,"event_name":"The Woman in Blue","floor":42,"gold_loss":0}],"is_beta":false,"boss_relics":[{"not_picked":["Velvet Choker","Runic Pyramid"],"picked":"Empty Cage"},{"not_picked":["Pandora\u0027s Box","Lizard Tail"],"picked":"Busted Crown"}],"items_purged_floors":[],"is_endless":false,"potions_floor_spawned":[5,7,23,27,28,29,31,38,39,46],"killed_by":"Reptomancer","ascension_level":0}