{"gold_per_floor":[115,133,133,133,148,148,175,145,172,190,205,222,222,234,234,234],"floor_reached":16,"playtime":1409,"items_purged":[],"score":104,"play_id":"eeb2df5a-d2a4-422c-8b15-c5520bbc5228","local_time":"20190910152609","is_ascension_mode":false,"campfire_choices":[{"data":"Perseverance","floor":6,"key":"SMITH"},{"data":"Consecrate","floor":13,"key":"SMITH"},{"data":"1","floor":15,"key":"LIFT"}],"neow_cost":"NONE","seed_source_timestamp":247042422892574,"circlet_count":0,"master_deck":["Strike_P","Strike_P","Strike_P","Strike_P","Defend_P+1","Defend_P+1","Defend_P+1","Defend_P","Eruption","Vigilance+1","Perseverance+1","CutThroughFate","EmptyBody","Devotion","WindmillStrike","Fasting","Consecrate","Consecrate+1","Sanctity"],"relics":["PureWater","NeowsBlessing","Bronze Scales","Girya","War Paint"],"potions_floor_usage":[11,16],"damage_taken":[{"damage":0,"enemies":"2 Louse","floor":1,"turns":1},{"damage":0,"enemies":"Small Slimes","floor":2,"turns":1},{"damage":0,"enemies":"Cultist","floor":5,"turns":1},{"damage":22,"enemies":"Gremlin Nob","floor":7,"turns":4},{"damage":2,"enemies":"Looter","floor":8,"turns":4},{"damage":6,"enemies":"2 Fungi Beasts","floor":10,"turns":5},{"damage":0,"enemies":"Blue Slaver","floor":11,"turns":4},{"damage":0,"enemies":"3 Louse","floor":12,"turns":4},{"damage":0,"enemies":"Large Slime","floor":14,"turns":5},{"damage":24,"enemies":"The Guardian","floor":16,"turns":9}],"seed_played":"1619277870110649957","potions_obtained":[{"floor":1,"key":"GamblersBrew"},{"floor":10,"key":"Energy Potion"},{"floor":11,"key":"Poison Potion"}],"is_trial":false,"path_per_floor":["M","M","?","?","M","R","E","M","T","M","M","M","R","M","R","B"],"character_chosen":"WATCHER","items_purchased":[],"campfire_rested":0,"item_purchase_floors":[],"current_hp_per_floor":[65,65,52,52,52,52,30,28,28,22,22,22,22,22,22,0],"gold":234,"neow_bonus":"THREE_ENEMY_KILL","is_prod":false,"is_daily":false,"chose_seed":false,"campfire_upgraded":2,"win_rate":0.0,"timestamp":1568143569,"path_taken":["M","M","?","?","M","R","E","?","T","M","M","M","R","M","R","BOSS"],"build_version":"2019-09-09v2","purchased_purges":0,"victory":false,"max_hp_per_floor":[65,65,65,65,65,65,65,65,65,65,65,65,65,65,65,65],"card_choices":[{"not_picked":["Weave","CarveReality"],"picked":"Perseverance","floor":1},{"not_picked":["FlyingSleeves","BowlingBash"],"picked":"CutThroughFate","floor":2},{"not_picked":["Halt","ClearTheMind"],"picked":"EmptyBody","floor":5},{"not_picked":["ThirdEye","Weave"],"picked":"Devotion","floor":7},{"not_picked":["SandsOfTime","EmptyBody"],"picked":"WindmillStrike","floor":8},{"not_picked":["FollowUp","Brilliance"],"picked":"Fasting","floor":10},{"not_picked":["Tantrum","ThirdEye"],"picked":"Consecrate","floor":11},{"not_picked":["EmptyMind","FollowUp"],"picked":"Consecrate","floor":12},{"not_picked":["CrushJoints","CleanseEvil"],"picked":"Sanctity","floor":14}],"player_experience":172207,"relics_obtained":[{"floor":7,"key":"Girya"},{"floor":9,"key":"War Paint"}],"event_choices":[{"damage_healed":0,"gold_gain":0,"player_choice":"Entered Light","damage_taken":13,"max_hp_gain":0,"max_hp_loss":0,"event_name":"Shining Light","floor":3,"gold_loss":0,"cards_upgraded":["Defend_P","Defend_P"]},{"damage_healed":0,"gold_gain":0,"player_choice":"Gave Potion","damage_taken":0,"relics_obtained":["Bronze Scales"],"max_hp_gain":0,"max_hp_loss":0,"event_name":"WeMeetAgain","floor":4,"gold_loss":0}],"is_beta":true,"boss_relics":[],"items_purged_floors":[],"is_endless":false,"potions_floor_spawned":[1,10,11],"killed_by":"The Guardian","ascension_level":0}