{"gold_per_floor":[112,124,141,158,158,158,218,218,218,218,234,234,249,259,259,259],"floor_reached":16,"playtime":554,"items_purged":[],"score":109,"play_id":"54e49c47-acbc-4ddf-9d25-2da80259f7df","local_time":"20190206203223","is_ascension_mode":true,"campfire_choices":[{"data":"Entrench","floor":6,"key":"SMITH"},{"data":"Flame Barrier","floor":8,"key":"SMITH"},{"data":"Bash","floor":10,"key":"SMITH"},{"data":"Body Slam","floor":12,"key":"SMITH"},{"data":"Twin Strike","floor":15,"key":"SMITH"}],"neow_cost":"NONE","seed_source_timestamp":816963039028929,"circlet_count":0,"master_deck":["Strike_R","Strike_R","Strike_R","Strike_R","Strike_R","Defend_R","Defend_R","Defend_R","Defend_R","Bash+1","Heavy Blade","Entrench+1","Twin Strike+1","Hemokinesis+1","Flame Barrier+1","Body Slam+1","Twin Strike","Intimidate"],"relics":["Burning Blood","Tiny Chest","Boot"],"potions_floor_usage":[4],"damage_taken":[{"damage":5,"enemies":"Jaw Worm","floor":1,"turns":4},{"damage":1,"enemies":"Cultist","floor":2,"turns":3},{"damage":7,"enemies":"Small Slimes","floor":3,"turns":6},{"damage":3,"enemies":"3 Louse","floor":4,"turns":3},{"damage":38,"enemies":"Lagavulin","floor":7,"turns":8},{"damage":13,"enemies":"Exordium Wildlife","floor":11,"turns":6},{"damage":0,"enemies":"Large Slime","floor":13,"turns":5},{"damage":9,"enemies":"3 Louse","floor":14,"turns":4},{"damage":44,"enemies":"Hexaghost","floor":16,"turns":11}],"seed_played":"-5637579760275774714","potions_obtained":[{"floor":0,"key":"LiquidBronze"},{"floor":0,"key":"Poison Potion"},{"floor":0,"key":"Dexterity Potion"},{"floor":1,"key":"Block Potion"},{"floor":4,"key":"Dexterity Potion"},{"floor":13,"key":"Weak Potion"}],"is_trial":false,"path_per_floor":["M","M","M","M","?","R","E","R","T","R","M","R","M","M","R","B"],"character_chosen":"IRONCLAD","items_purchased":[],"campfire_rested":0,"item_purchase_floors":[],"current_hp_per_floor":[80,80,79,80,80,80,48,48,48,48,41,41,47,44,44,0],"gold":259,"neow_bonus":"THREE_SMALL_POTIONS","is_prod":false,"is_daily":false,"chose_seed":false,"campfire_upgraded":5,"win_rate":0,"timestamp":1549452743,"path_taken":["M","M","M","M","?","R","E","R","T","R","?","R","M","M","R","BOSS"],"build_version":"2019-01-23","purchased_purges":0,"victory":false,"max_hp_per_floor":[80,80,80,80,80,80,80,80,80,80,80,80,80,80,80,80],"card_choices":[{"not_picked":["Feel No Pain","Cleave"],"picked":"Heavy Blade","floor":1},{"not_picked":["Uppercut","Twin Strike"],"picked":"Entrench","floor":2},{"not_picked":["Entrench","Searing Blow"],"picked":"Twin Strike","floor":3},{"not_picked":["Cleave","Anger"],"picked":"Hemokinesis","floor":4},{"not_picked":["Offering","Rampage"],"picked":"Flame Barrier","floor":7},{"not_picked":["Feel No Pain","Rupture"],"picked":"Body Slam","floor":11},{"not_picked":["Burning Pact","Second Wind"],"picked":"Twin Strike","floor":13},{"not_picked":["Havoc","Body Slam"],"picked":"Intimidate","floor":14}],"player_experience":179037,"relics_obtained":[{"floor":7,"key":"Tiny Chest"},{"floor":9,"key":"Boot"}],"event_choices":[{"damage_healed":0,"gold_gain":0,"player_choice":"Forge","damage_taken":0,"max_hp_gain":0,"max_hp_loss":0,"event_name":"Accursed Blacksmith","floor":5,"gold_loss":0,"cards_upgraded":["Hemokinesis"]}],"is_beta":false,"boss_relics":[],"items_purged_floors":[],"is_endless":false,"potions_floor_spawned":[1,4,13],"killed_by":"Hexaghost","ascension_level":1}