{"gold_per_floor":[114,19,30,205,155,155,217,217,289,71,90,90,103,116,116,116],"floor_reached":16,"playtime":618,"items_purged":["Vigilance"],"score":90,"play_id":"75e235c1-8446-4981-9065-62e48bed1177","local_time":"20190910231506","is_ascension_mode":false,"campfire_choices":[{"data":"ThirdEye","floor":6,"key":"SMITH"},{"data":"EmptyBody","floor":8,"key":"SMITH"},{"data":"ClearTheMind","floor":12,"key":"SMITH"},{"data":"FollowUp","floor":15,"key":"SMITH"}],"neow_cost":"NONE","seed_source_timestamp":275972326316426,"circlet_count":0,"master_deck":["Strike_P","Strike_P","Strike_P","Strike_P","Defend_P","Defend_P","Defend_P","Defend_P","Eruption","EmptyBody+1","ThirdEye+1","Fasting","FollowUp+1","Halt","ClearTheMind+1"],"relics":["PureWater","NeowsBlessing","Mummified Hand","Eternal Feather","Bag of Preparation"],"potions_floor_usage":[14,16,16,16],"damage_taken":[{"damage":0,"enemies":"Small Slimes","floor":1,"turns":1},{"damage":0,"enemies":"Jaw Worm","floor":3,"turns":1},{"damage":0,"enemies":"3 Sentries","floor":7,"turns":2},{"damage":2,"enemies":"2 Louse","floor":11,"turns":3},{"damage":6,"enemies":"Gremlin Gang","floor":13,"turns":7},{"damage":0,"enemies":"Blue Slaver","floor":14,"turns":4},{"damage":69,"enemies":"Hexaghost","floor":16,"turns":11}],"seed_played":"4620150554391999514","potions_obtained":[{"floor":1,"key":"GamblersBrew"},{"floor":7,"key":"Block Potion"},{"floor":13,"key":"GamblersBrew"},{"floor":14,"key":"Block Potion"}],"is_trial":false,"path_per_floor":["M","$","M","?","?","R","?","R","T","$","M","R","M","M","R","B"],"character_chosen":"WATCHER","items_purchased":["ThirdEye","Fasting","Bag of Preparation"],"campfire_rested":0,"item_purchase_floors":[2,2,10],"current_hp_per_floor":[65,65,65,65,65,65,65,65,65,65,63,65,59,59,65,0],"gold":116,"neow_bonus":"THREE_ENEMY_KILL","is_prod":false,"is_daily":false,"chose_seed":false,"campfire_upgraded":4,"win_rate":0.0,"timestamp":1568171706,"path_taken":["M","$","M","?","?","R","?","R","T","?","M","R","M","?","R","BOSS"],"build_version":"2019-09-10","purchased_purges":1,"victory":false,"max_hp_per_floor":[65,65,65,65,65,65,65,65,65,65,65,65,65,65,65,65],"card_choices":[{"not_picked":["Prostrate","PathToVictory"],"picked":"EmptyBody","floor":1},{"not_picked":["Protect","Prostrate"],"picked":"FollowUp","floor":3},{"not_picked":["ClearTheMind","CleanseEvil"],"picked":"Halt","floor":7},{"not_picked":["Fasting","Protect"],"picked":"ClearTheMind","floor":11},{"not_picked":["Protect","EmptyFist","ThirdEye"],"picked":"SKIP","floor":13},{"not_picked":["SandsOfTime","ThirdEye","CrushJoints"],"picked":"SKIP","floor":14}],"player_experience":173627,"relics_obtained":[{"floor":7,"key":"Mummified Hand"},{"floor":9,"key":"Eternal Feather"}],"event_choices":[{"damage_healed":0,"gold_gain":175,"player_choice":"AGREE","damage_taken":0,"max_hp_gain":0,"max_hp_loss":0,"event_name":"Liars Game","floor":4,"gold_loss":0,"cards_obtained":["Doubt"]},{"cards_removed":["Doubt"],"damage_healed":0,"gold_gain":0,"player_choice":"Card Removal","damage_taken":0,"max_hp_gain":0,"max_hp_loss":0,"event_name":"The Cleric","floor":5,"gold_loss":50},{"damage_healed":0,"gold_gain":0,"player_choice":"Searched \u00271\u0027 times","damage_taken":0,"max_hp_gain":0,"max_hp_loss":0,"event_name":"Dead Adventurer","floor":7,"gold_loss":0}],"is_beta":true,"boss_relics":[],"items_purged_floors":[10],"is_endless":false,"potions_floor_spawned":[1,7,13,14],"killed_by":"Hexaghost","ascension_level":0}