{"path_per_floor":["M","$","M","?","M","R","?","?","T","M","?","R","M","M","R"],"character_chosen":"DEFECT","items_purchased":["Dark Shackles"],"gold_per_floor":[118,24,34,34,47,47,111,111,135,152,152,152,164,174,174,174],"floor_reached":16,"campfire_rested":1,"playtime":664,"item_purchase_floors":[2],"current_hp_per_floor":[64,64,64,56,56,60,41,24,24,24,24,30,29,23,54,0],"items_purged":[],"gold":174,"score":92,"play_id":"bee41149-c3fb-4234-aee4-866e414abe3b","local_time":"20180519154158","is_prod":false,"is_daily":false,"chose_seed":false,"is_ascension_mode":false,"campfire_upgraded":2,"timestamp":1526762518,"campfire_choices":[{"data":"Zap","floor":6,"key":"SMITH"},{"data":"Dualcast","floor":12,"key":"SMITH"},{"floor":15,"key":"REST"}],"path_taken":["M","$","M","?","?","R","?","?","T","M","?","R","M","M","R","BOSS"],"build_version":"2018-05-18","seed_source_timestamp":250937550058576,"purchased_purges":0,"victory":false,"master_deck":["Strike_B","Strike_B","Strike_B","Strike_B","Defend_B","Defend_B","Defend_B","Defend_B","Zap+1","Dualcast+1","Scrape","Dark Shackles+1","FTL+1","Steam Power","Steam Power","Normality","Axe Kick","Axe Kick"],"max_hp_per_floor":[75,75,75,85,85,85,85,85,85,85,85,85,85,85,85,85],"relics":["Eternal Feather","Pear","Blue Candle","Vajra","Pen Nib"],"card_choices":[{"not_picked":["Turbo","Force Field"],"picked":"Scrape","floor":1},{"not_picked":["Recycle","Beam Cell"],"picked":"FTL","floor":3},{"not_picked":["Sweeping Beam","Blizzard","Hologram"],"picked":"SKIP","floor":5},{"not_picked":["Hologram","Streamline"],"picked":"Steam Power","floor":7},{"not_picked":["Hologram","Lockon"],"picked":"Steam Power","floor":10},{"not_picked":["Thunder Strike","Barrage"],"picked":"Axe Kick","floor":13},{"not_picked":["Hologram","Ball Lightning"],"picked":"Axe Kick","floor":14}],"player_experience":153306,"potions_floor_usage":[7,13],"damage_taken":[{"damage":11,"enemies":"Jaw Worm","floor":1,"turns":3},{"damage":0,"enemies":"Cultist","floor":3,"turns":3},{"damage":0,"enemies":"Small Slimes","floor":5,"turns":2},{"damage":19,"enemies":"Lagavulin Event","floor":7,"turns":5},{"damage":0,"enemies":"Exordium Wildlife","floor":10,"turns":2},{"damage":1,"enemies":"2 Fungi Beasts","floor":13,"turns":3},{"damage":6,"enemies":"Looter","floor":14,"turns":2},{"damage":55,"enemies":"The Guardian","floor":16,"turns":11}],"relics_obtained":[{"floor":7,"key":"Blue Candle"},{"floor":9,"key":"Vajra"}],"event_choices":[{"event_name":"Scrap Ooze","player_choice":"success","floor":4,"damage_taken":18},{"event_name":"Dead Adventurer","player_choice":"Searched \u00271\u0027 times","floor":7,"damage_taken":0},{"event_name":"Shining Light","player_choice":"Entered Light","floor":8,"damage_taken":0},{"event_name":"Accursed Blacksmith","player_choice":"Rummage","floor":11,"damage_taken":0}],"boss_relics":[],"items_purged_floors":[],"potions_floor_spawned":[5,10],"seed_played":"-6855711135078359650","killed_by":"The Guardian","ascension_level":0,"potions_obtained":[{"floor":5,"key":"Strength Potion"},{"floor":10,"key":"Block Potion"}],"is_trial":false}