{"path_per_floor":["M","?","?","M","$","R","E","M","T","R","M","M","R","E","R","B",null,"M","M","?","?","M","R","M","R","T","R","M","M","$","M","R","B",null,"M","$","M","$","?","R","M","M","T","R","?","M","M","?","R"],"character_chosen":"DEFECT","items_purchased":["Self Repair","DataDisk","Storm","Defragment","Ball Lightning","Defragment"],"gold_per_floor":[109,109,284,296,139,139,171,182,182,182,201,217,217,248,248,347,347,357,297,257,257,275,275,286,286,286,286,298,315,83,95,95,191,191,207,80,96,24,24,24,37,48,48,48,96,114,125,125,125,125],"floor_reached":50,"campfire_rested":1,"playtime":5327,"item_purchase_floors":[5,30,30,36,36,38],"current_hp_per_floor":[73,58,58,58,58,58,63,73,73,73,75,75,75,75,75,38,77,79,81,81,56,56,56,54,54,54,54,58,60,60,60,60,60,60,62,62,59,59,51,51,49,51,51,51,53,44,50,50,50,0],"items_purged":["Doubt"],"gold":125,"score":479,"play_id":"f655813c-7a61-4a30-bed2-dec41d9d3db3","local_time":"20180610172158","is_prod":false,"is_daily":false,"chose_seed":false,"is_ascension_mode":false,"campfire_upgraded":10,"win_rate":0,"timestamp":1528644118,"campfire_choices":[{"data":"Self Repair","floor":6,"key":"SMITH"},{"data":"Double Energy","floor":10,"key":"SMITH"},{"data":"Genetic Algorithm","floor":13,"key":"SMITH"},{"data":"White Noise","floor":15,"key":"SMITH"},{"data":"Zap","floor":23,"key":"SMITH"},{"data":"Dualcast","floor":25,"key":"SMITH"},{"data":"Bite","floor":27,"key":"SMITH"},{"data":"Storm","floor":32,"key":"SMITH"},{"data":"Hello World","floor":40,"key":"SMITH"},{"data":"Defragment","floor":44,"key":"SMITH"},{"floor":49,"key":"REST"}],"path_taken":["M","?","?","M","$","R","E","?","T","R","M","M","R","E","R","BOSS","M","M","?","?","M","R","M","R","T","R","M","M","$","M","R","BOSS","M","$","M","$","?","R","M","M","T","R","?","M","M","?","R","BOSS"],"build_version":"2018-06-08","seed_source_timestamp":17158161561399,"purchased_purges":1,"victory":false,"master_deck":["Defend_B+1","Defend_B+1","Defend_B+1","Defend_B+1","Zap+1","Dualcast+1","Conserve Battery+1","Glacier+1","Self Repair+1","Double Energy+1","White Noise+1","Genetic Algorithm+1","Echo Form+1","Bite+1","Bite+1","Bite+1","Bite+1","Bite+1","Ball Lightning+1","Conserve Battery+1","Storm+1","Sweeping Beam+1","Reboot+1","Defragment+1","Ball Lightning+1","Hello World+1","Defragment+1","Madness+1","Madness+1","Coolheaded+1","Regret","Ball Lightning+1","Double Energy+1"],"max_hp_per_floor":[75,75,75,75,75,75,75,75,75,75,75,75,75,77,77,77,77,79,81,81,56,56,56,56,56,56,56,58,60,60,60,60,60,60,62,62,62,62,62,62,62,64,64,64,64,64,66,66,66,66],"relics":["Cracked Core","Vajra","Meat on the Bone","Art of War","Singing Bowl","Busted Crown","Pantograph","DataDisk","Cursed Key","Centennial Puzzle","Gambling Chip","Mark of the Bloom"],"card_choices":[{"not_picked":["Cold Snap","Loop"],"picked":"Conserve Battery","floor":1},{"not_picked":["Steam","Redo"],"picked":"Glacier","floor":4},{"not_picked":["Streamline","Chill"],"picked":"Double Energy","floor":7},{"not_picked":["Hologram","Lockon","Cold Snap"],"picked":"SKIP","floor":8},{"not_picked":["Steam","Rip and Tear"],"picked":"White Noise","floor":11},{"not_picked":["Gash","Darkness"],"picked":"Genetic Algorithm","floor":12},{"not_picked":["Barrage","Redo","Loop"],"picked":"Singing Bowl","floor":14},{"not_picked":["Core Surge","Seek"],"picked":"Echo Form","floor":16},{"not_picked":["Blizzard"],"picked":"Singing Bowl","floor":18},{"not_picked":["Scrape"],"picked":"Singing Bowl","floor":19},{"not_picked":[],"picked":"Ball Lightning+1","floor":22},{"not_picked":[],"picked":"Conserve Battery","floor":24},{"not_picked":["Hologram"],"picked":"Singing Bowl","floor":28},{"not_picked":["Cold Snap"],"picked":"Singing Bowl","floor":29},{"not_picked":[],"picked":"Sweeping Beam+1","floor":31},{"not_picked":[],"picked":"Reboot","floor":33},{"not_picked":["Turbo"],"picked":"Singing Bowl","floor":35},{"not_picked":[],"picked":"Hello World","floor":37},{"not_picked":[],"picked":"Coolheaded+1","floor":41},{"not_picked":["Stack"],"picked":"Singing Bowl","floor":42},{"not_picked":[],"picked":"Ball Lightning","floor":45},{"not_picked":[],"picked":"Double Energy+1","floor":46},{"not_picked":["Go for the Eyes+1"],"picked":"Singing Bowl","floor":47}],"player_experience":168264,"potions_floor_usage":[14,14,16,22,22,50,50,50],"damage_taken":[{"damage":2,"enemies":"Small Slimes","floor":1,"turns":3},{"damage":0,"enemies":"Cultist","floor":4,"turns":3},{"damage":5,"enemies":"Lagavulin","floor":7,"turns":8},{"damage":0,"enemies":"Jaw Worm","floor":8,"turns":3},{"damage":0,"enemies":"2 Fungi Beasts","floor":11,"turns":4},{"damage":5,"enemies":"Large Slime","floor":12,"turns":5},{"damage":12,"enemies":"Gremlin Nob","floor":14,"turns":5},{"damage":59,"enemies":"The Guardian","floor":16,"turns":13},{"damage":7,"enemies":"Shell Parasite","floor":18,"turns":11},{"damage":2,"enemies":"2 Thieves","floor":19,"turns":4},{"damage":26,"enemies":"Centurion and Healer","floor":22,"turns":9},{"damage":13,"enemies":"Slaver and Parasite","floor":24,"turns":8},{"damage":0,"enemies":"Snecko","floor":28,"turns":7},{"damage":0,"enemies":"Centurion and Healer","floor":29,"turns":7},{"damage":8,"enemies":"Snake Plant","floor":31,"turns":4},{"damage":40,"enemies":"Automaton","floor":33,"turns":11},{"damage":15,"enemies":"3 Darklings","floor":35,"turns":4},{"damage":12,"enemies":"3 Shapes","floor":37,"turns":4},{"damage":21,"enemies":"Sphere and 2 Shapes","floor":41,"turns":4},{"damage":23,"enemies":"Maw","floor":42,"turns":7},{"damage":24,"floor":45,"turns":3},{"damage":11,"enemies":"Flame Bruiser 2 Orb","floor":46,"turns":3},{"damage":0,"enemies":"Sphere and 2 Shapes","floor":47,"turns":3},{"damage":51,"enemies":"Time Eater","floor":50,"turns":5}],"relics_obtained":[{"floor":7,"key":"Meat on the Bone"},{"floor":9,"key":"Art of War"},{"floor":14,"key":"Singing Bowl"},{"floor":26,"key":"Pantograph"},{"floor":43,"key":"Centennial Puzzle"},{"floor":45,"key":"Gambling Chip"}],"event_choices":[{"event_name":"Shining Light","player_choice":"Entered Light","floor":2,"damage_taken":0},{"event_name":"Liars Game","player_choice":"agreed","floor":3,"damage_taken":0},{"event_name":"The Woman in Blue","player_choice":"Bought 3 Potions","floor":20,"damage_taken":0},{"event_name":"Vampires","player_choice":"Became a vampire","floor":21,"damage_taken":0},{"event_name":"Winding Halls","player_choice":"Embrace Madness","floor":39,"damage_taken":0},{"event_name":"Mysterious Sphere","player_choice":"Fight","floor":45,"damage_taken":0},{"event_name":"MindBloom","player_choice":"Upgrade","floor":48,"damage_taken":0}],"boss_relics":[{"not_picked":["Philosopher\u0027s Stone","Astrolabe"],"picked":"Busted Crown"},{"not_picked":["Orrery","Calling Bell"],"picked":"Cursed Key"}],"items_purged_floors":[5],"potions_floor_spawned":[7,12,14,22,24,29,33,42,46,47],"seed_played":"4110255996728069197","killed_by":"Time Eater","ascension_level":0,"potions_obtained":[{"floor":7,"key":"SteroidPotion"},{"floor":12,"key":"SkillPotion"},{"floor":14,"key":"Strength Potion"},{"floor":20,"key":"Swift Potion"},{"floor":20,"key":"FearPotion"},{"floor":20,"key":"PowerPotion"},{"floor":22,"key":"Strength Potion"},{"floor":24,"key":"Dexterity Potion"}],"is_trial":false}