{"gold_per_floor":[123,145,170,195,207,246,258,299,311,31,48,68,85,140,140,140],"floor_reached":16,"playtime":791,"items_purged":[],"score":148,"play_id":"577c25d6-ce20-45bc-9d35-70ef48be7d98","local_time":"20190706150830","is_ascension_mode":true,"campfire_choices":[{"floor":7,"key":"REST"},{"floor":15,"key":"REST"}],"neow_cost":"NONE","seed_source_timestamp":21835349448581,"circlet_count":0,"master_deck":["Strike_R","Strike_R","Strike_R","Strike_R","Strike_R","Defend_R","Defend_R","Defend_R","Defend_R","Bash","Rupture","Heavy Blade","Uppercut","Anger","Armaments","Ghostly Armor","Wild Strike","Sever Soul","Combust","Pommel Strike","Power Through","Bloodletting"],"relics":["Burning Blood","MawBank","Kunai","Gambling Chip","Prayer Wheel","Ginger","Dead Branch","The Courier"],"potions_floor_usage":[8,12,13],"damage_taken":[{"damage":8,"enemies":"Jaw Worm","floor":1,"turns":5},{"damage":11,"enemies":"Cultist","floor":2,"turns":4},{"damage":16,"enemies":"2 Louse","floor":3,"turns":3},{"damage":16,"enemies":"2 Fungi Beasts","floor":4,"turns":5},{"damage":38,"enemies":"Lagavulin","floor":6,"turns":7},{"damage":25,"enemies":"3 Sentries","floor":8,"turns":10},{"damage":16,"enemies":"Exordium Wildlife","floor":11,"turns":7},{"damage":3,"enemies":"Looter","floor":12,"turns":4},{"damage":6,"enemies":"2 Fungi Beasts","floor":13,"turns":3},{"damage":27,"enemies":"3 Sentries","floor":14,"turns":5},{"damage":38,"enemies":"Hexaghost","floor":16,"turns":9}],"seed_played":"-6642880958617628601","potions_obtained":[{"floor":1,"key":"Explosive Potion"},{"floor":2,"key":"Block Potion"},{"floor":11,"key":"Weak Potion"},{"floor":12,"key":"BloodPotion"}],"is_trial":false,"path_per_floor":["M","M","M","M","?","E","R","E","T","$","M","M","M","?","R","B"],"character_chosen":"IRONCLAD","items_purchased":["Dead Branch"],"campfire_rested":2,"item_purchase_floors":[10],"current_hp_per_floor":[70,65,55,45,45,13,37,18,18,18,8,11,31,10,34,0],"gold":140,"neow_bonus":"RANDOM_COMMON_RELIC","is_prod":false,"is_daily":false,"chose_seed":false,"campfire_upgraded":0,"win_rate":0,"timestamp":1562440110,"path_taken":["M","M","M","M","?","E","R","E","T","$","?","M","M","?","R","BOSS"],"build_version":"2019-07-05","purchased_purges":0,"victory":false,"max_hp_per_floor":[80,80,80,80,80,80,80,80,80,80,80,80,80,80,80,80],"card_choices":[{"not_picked":["Entrench","Sentinel"],"picked":"Rupture","floor":1},{"not_picked":["Twin Strike","Battle Trance"],"picked":"Heavy Blade","floor":2},{"not_picked":["Evolve","Perfected Strike"],"picked":"Uppercut","floor":3},{"not_picked":["Rampage","Heavy Blade"],"picked":"Anger","floor":4},{"not_picked":["Rampage","Battle Trance"],"picked":"Armaments","floor":6},{"not_picked":["Clash","Headbutt"],"picked":"Ghostly Armor","floor":8},{"not_picked":["Twin Strike","Warcry"],"picked":"Wild Strike","floor":11},{"not_picked":["Entrench","Iron Wave"],"picked":"Sever Soul","floor":11},{"not_picked":["Iron Wave","Pommel Strike"],"picked":"Combust","floor":12},{"not_picked":["Heavy Blade","Pommel Strike","Berserk"],"picked":"SKIP","floor":12},{"not_picked":["Heavy Blade","Berserk"],"picked":"Pommel Strike","floor":12},{"not_picked":["Armaments","Thunderclap"],"picked":"Power Through","floor":13},{"not_picked":["Cleave","Anger"],"picked":"Bloodletting","floor":13}],"player_experience":259765,"relics_obtained":[{"floor":6,"key":"Gambling Chip"},{"floor":8,"key":"Prayer Wheel"},{"floor":9,"key":"Ginger"},{"floor":14,"key":"The Courier"}],"event_choices":[{"damage_healed":0,"gold_gain":0,"player_choice":"Gave Potion","damage_taken":0,"relics_obtained":["Kunai"],"max_hp_gain":0,"max_hp_loss":0,"event_name":"WeMeetAgain","floor":5,"gold_loss":0},{"damage_healed":0,"gold_gain":30,"player_choice":"Searched \u00273\u0027 times","damage_taken":0,"max_hp_gain":0,"max_hp_loss":0,"event_name":"Dead Adventurer","floor":14,"gold_loss":0}],"is_beta":false,"boss_relics":[],"items_purged_floors":[],"is_endless":false,"potions_floor_spawned":[1,2,11,12],"killed_by":"Hexaghost","ascension_level":6}