{"gold_per_floor":[109,133,35,54,54,67,67,79,103,115,152,164,194,224,236,352,364,394,331,359,371,30,57,69,69,69,101,101,101,116,134,134,236,236,246,246,121,23,23,23,36,62,85,114,166,166,0,29,29,29],"floor_reached":51,"playtime":4654,"items_purged":["Doubt","Strike_B","Defend_B"],"score":773,"play_id":"94bd2ff8-a801-4b31-af79-f28a1f63e608","local_time":"20181201105325","is_ascension_mode":false,"campfire_choices":[{"data":"Zap","floor":7,"key":"SMITH"},{"data":"Conserve Battery","floor":10,"key":"SMITH"},{"data":"Coolheaded","floor":15,"key":"SMITH"},{"floor":28,"key":"REST"},{"data":"Creative AI","floor":32,"key":"SMITH"},{"data":"Echo Form","floor":40,"key":"SMITH"},{"data":"Madness","floor":49,"key":"SMITH"}],"neow_cost":"CURSE","seed_source_timestamp":1333476372273913,"circlet_count":0,"master_deck":["Strike_B","Defend_B","Zap+1","Dualcast","Heatsinks","Coolheaded+1","Conserve Battery+1","Conserve Battery","Storm","Storm","Tempest","Creative AI+1","Conserve Battery","Ball Lightning","Self Repair+1","Turbo","Undo","Capacitor+1","Echo Form+1","Conserve Battery+1","Amplify","Echo Form","Storm","Madness+1","Madness","Reboot"],"relics":["Cracked Core","Bird Faced Urn","Art of War","MawBank","Potion Belt","Black Star","Medical Kit","Question Card","Bottled Tornado","Prayer Wheel","Centennial Puzzle","Blood Vial","Nuclear Battery","Juzu Bracelet","Anchor","PreservedInsect","Shuriken","Molten Egg 2","Dead Branch","Red Mask","Strawberry","Oddly Smooth Stone"],"potions_floor_usage":[4,8,23,27,27,30,31,39,39,44,45,45],"damage_taken":[{"damage":0,"enemies":"Cultist","floor":1,"turns":3},{"damage":0,"enemies":"2 Louse","floor":4,"turns":1},{"damage":8,"enemies":"Small Slimes","floor":6,"turns":4},{"damage":4,"enemies":"Exordium Thugs","floor":8,"turns":5},{"damage":22,"enemies":"3 Sentries","floor":11,"turns":8},{"damage":0,"enemies":"Exordium Wildlife","floor":13,"turns":4},{"damage":0,"enemies":"2 Fungi Beasts","floor":14,"turns":3},{"damage":58,"enemies":"Hexaghost","floor":16,"turns":11},{"damage":17,"enemies":"Spheric Guardian","floor":18,"turns":4},{"damage":5,"enemies":"Shell Parasite","floor":20,"turns":6},{"damage":52,"enemies":"Gremlin Leader","floor":23,"turns":4},{"damage":3,"enemies":"Centurion and Healer","floor":24,"turns":4},{"damage":44,"enemies":"Slavers","floor":27,"turns":4},{"damage":10,"enemies":"3 Cultists","floor":30,"turns":5},{"damage":10,"enemies":"Cultist and Chosen","floor":31,"turns":6},{"damage":25,"enemies":"Automaton","floor":33,"turns":6},{"damage":21,"enemies":"3 Shapes","floor":35,"turns":4},{"damage":0,"enemies":"3 Darklings","floor":39,"turns":2},{"damage":15,"enemies":"Maw","floor":41,"turns":4},{"damage":19,"enemies":"Nemesis","floor":42,"turns":5},{"damage":0,"enemies":"Giant Head","floor":44,"turns":4},{"damage":27,"enemies":"2 Orb Walkers","floor":45,"turns":3},{"damage":2,"enemies":"Reptomancer","floor":48,"turns":3},{"damage":10,"enemies":"Donu and Deca","floor":50,"turns":3}],"seed_played":"6489247586770720343","potions_obtained":[{"floor":1,"key":"Explosive Potion"},{"floor":4,"key":"SkillPotion"},{"floor":8,"key":"SpeedPotion"},{"floor":16,"key":"Fire Potion"},{"floor":23,"key":"Block Potion"},{"floor":30,"key":"Poison Potion"},{"floor":42,"key":"Energy Potion"},{"floor":44,"key":"SpeedPotion"}],"is_trial":false,"path_per_floor":["M","T","$","M","?","M","R","M","T","R","E","?","M","M","R","B",null,"M","?","M","T","$","E","M","?","T","E","R","?","M","M","R","B",null,"M","?","$","$","M","R","M","E","T","E","?","?","?","E","R","B",null],"character_chosen":"DEFECT","items_purchased":["Coolheaded","Medical Kit","PowerPotion","EntropicBrew"],"campfire_rested":1,"item_purchase_floors":[3,22,22,38],"current_hp_per_floor":[75,75,75,75,80,74,74,72,72,72,54,47,49,53,53,1,80,67,67,76,76,76,44,55,55,55,37,61,61,80,80,80,80,80,69,69,69,69,80,80,80,80,80,80,69,59,59,86,86,87],"gold":29,"neow_bonus":"ONE_RARE_RELIC","is_prod":false,"is_daily":false,"chose_seed":false,"campfire_upgraded":6,"win_rate":0,"timestamp":1543683205,"path_taken":["M","?","$","M","?","M","R","M","T","R","E","?","M","M","R","BOSS","M","?","M","?","$","E","M","?","T","E","R","?","M","M","R","BOSS","M","?","?","$","M","R","?","E","T","E","?","?","?","E","R","BOSS"],"build_version":"2018-11-15","purchased_purges":3,"victory":true,"max_hp_per_floor":[75,75,75,75,80,80,80,80,80,80,80,80,80,80,80,80,80,80,80,80,80,80,80,80,80,80,80,80,80,80,80,80,80,80,80,80,80,80,80,80,80,80,80,80,80,80,80,87,87,87],"card_choices":[{"not_picked":["Chaos","Hologram"],"picked":"Heatsinks","floor":1},{"not_picked":["Melter","Ball Lightning"],"picked":"Conserve Battery","floor":4},{"not_picked":["Consume","Skim"],"picked":"Conserve Battery","floor":6},{"not_picked":["Rebound","Gash"],"picked":"Storm","floor":8},{"not_picked":["Sunder","Rebound"],"picked":"Ball Lightning","floor":11},{"not_picked":["Steam","Chill"],"picked":"Storm","floor":13},{"not_picked":["Reinforced Body","Stack"],"picked":"Tempest","floor":14},{"not_picked":["Multi-Cast","Biased Cognition"],"picked":"Creative AI","floor":16},{"not_picked":["Chill","FTL"],"picked":"Conserve Battery","floor":18},{"not_picked":["Barrage","Recycle","Sweeping Beam+1"],"picked":"SKIP","floor":20},{"not_picked":["BootSequence","Cold Snap"],"picked":"Ball Lightning","floor":23},{"not_picked":["Redo","FTL","Leap"],"picked":"Self Repair+1","floor":24},{"not_picked":["Skim","Beam Cell+1","Reinforced Body+1","Hyperbeam"],"picked":"SKIP","floor":27},{"not_picked":["Hologram","Stack","Gash","Steam"],"picked":"SKIP","floor":30},{"not_picked":["Leap","Go for the Eyes","Genetic Algorithm","Steam"],"picked":"SKIP","floor":30},{"not_picked":["Rebound","Stack","Gash"],"picked":"Capacitor+1","floor":31},{"not_picked":["Stack","Rip and Tear","Go for the Eyes","Redo"],"picked":"SKIP","floor":31},{"not_picked":["Electrodynamics","Creative AI","Multi-Cast"],"picked":"Echo Form","floor":33},{"not_picked":["Go for the Eyes","Darkness","Streamline"],"picked":"Conserve Battery+1","floor":35},{"not_picked":["Barrage+1","Chill","Rip and Tear+1","Steam"],"picked":"SKIP","floor":35},{"not_picked":["Melter","Go for the Eyes+1","Double Energy+1","Reprogram"],"picked":"SKIP","floor":41},{"not_picked":["Recycle+1","Go for the Eyes","Conserve Battery","Ball Lightning"],"picked":"SKIP","floor":41},{"not_picked":["Coolheaded","FTL","Leap"],"picked":"Amplify","floor":42},{"not_picked":["Defragment","Turbo","Go for the Eyes+1"],"picked":"Echo Form","floor":44},{"not_picked":["Redo+1","Skim","Steam"],"picked":"Storm","floor":45},{"not_picked":["Go for the Eyes+1","Turbo+1","Compile Driver+1"],"picked":"Reboot","floor":48}],"player_experience":317062,"relics_obtained":[{"floor":2,"key":"Art of War"},{"floor":9,"key":"MawBank"},{"floor":11,"key":"Potion Belt"},{"floor":23,"key":"Question Card"},{"floor":23,"key":"Bottled Tornado"},{"floor":26,"key":"Prayer Wheel"},{"floor":27,"key":"Centennial Puzzle"},{"floor":27,"key":"Blood Vial"},{"floor":42,"key":"Juzu Bracelet"},{"floor":42,"key":"Anchor"},{"floor":43,"key":"PreservedInsect"},{"floor":44,"key":"Shuriken"},{"floor":44,"key":"Molten Egg 2"},{"floor":45,"key":"Dead Branch"},{"floor":48,"key":"Strawberry"},{"floor":48,"key":"Oddly Smooth Stone"}],"event_choices":[{"damage_healed":0,"gold_gain":0,"player_choice":"Donut","damage_taken":0,"max_hp_gain":5,"max_hp_loss":0,"event_name":"Big Fish","floor":5,"gold_loss":0},{"cards_removed":["Defend_B"],"damage_healed":0,"gold_gain":0,"player_choice":"Card Removal","damage_taken":7,"max_hp_gain":0,"max_hp_loss":0,"event_name":"Golden Wing","floor":12,"gold_loss":0},{"cards_removed":["Strike_B"],"damage_healed":0,"gold_gain":0,"player_choice":"Gave Gold","damage_taken":0,"max_hp_gain":0,"max_hp_loss":0,"event_name":"Beggar","floor":19,"gold_loss":75},{"damage_healed":0,"gold_gain":0,"cards_transformed":["Strike_B","Defend_B"],"player_choice":"Became Test Subject","damage_taken":0,"max_hp_gain":0,"max_hp_loss":0,"event_name":"Drug Dealer","floor":25,"gold_loss":0,"cards_obtained":["Turbo","Undo"]},{"damage_healed":0,"gold_gain":0,"player_choice":"Ignored","damage_taken":0,"max_hp_gain":0,"max_hp_loss":0,"event_name":"Ghosts","floor":29,"gold_loss":0},{"cards_removed":["Ball Lightning"],"damage_healed":0,"gold_gain":0,"player_choice":"Removed Attack","damage_taken":0,"max_hp_gain":0,"max_hp_loss":0,"event_name":"Falling","floor":36,"gold_loss":0},{"damage_healed":0,"gold_gain":0,"player_choice":"Fight","damage_taken":0,"max_hp_gain":0,"max_hp_loss":0,"event_name":"Mysterious Sphere","floor":45,"gold_loss":0},{"damage_healed":0,"gold_gain":0,"player_choice":"Embrace Madness","damage_taken":10,"max_hp_gain":0,"max_hp_loss":0,"event_name":"Winding Halls","floor":46,"gold_loss":0,"cards_obtained":["Madness","Madness"]},{"damage_healed":0,"gold_gain":0,"player_choice":"Paid","damage_taken":0,"relics_obtained":["Red Mask"],"max_hp_gain":0,"max_hp_loss":0,"event_name":"Tomb of Lord Red Mask","floor":47,"gold_loss":166}],"is_beta":true,"boss_relics":[{"not_picked":["Eternal Feather","Coffee Dripper"],"picked":"Black Star"},{"not_picked":["Sozu","Philosopher\u0027s Stone"],"picked":"Nuclear Battery"}],"items_purged_floors":[3,22,37],"is_endless":false,"potions_floor_spawned":[1,4,8,16,23,30,42,44],"ascension_level":0}