{"path_per_floor":["M","?","?","?","$","R","M","R","T","M","M","M","E","M","R","B",null,"M","M","$","?","M","R","M","?","T","$","R","E","M","M","R"],"character_chosen":"THE_SILENT","items_purchased":["Tingsha","Tools of the Trade"],"gold_per_floor":[111,111,111,111,36,36,46,46,46,62,73,89,121,137,137,232,232,246,257,28,28,40,40,59,59,59,4,4,36,51,66,66,66],"floor_reached":33,"campfire_rested":2,"playtime":1728,"current_hp_per_floor":[70,70,63,63,63,63,63,63,63,63,63,59,57,53,53,22,70,45,28,28,51,30,51,38,38,38,38,38,22,22,12,33,0],"items_purged":["Strike_G"],"gold":66,"score":269,"play_id":"45fdc1a9-6b10-4976-9909-c127dc1bf598","local_time":"20180513082206","is_prod":false,"is_daily":false,"chose_seed":false,"is_ascension_mode":false,"campfire_upgraded":4,"timestamp":1526217726,"path_taken":["M","?","?","?","$","R","M","R","T","M","M","M","E","M","R","BOSS","M","M","$","?","M","R","?","?","T","?","R","E","M","M","R","BOSS"],"build_version":"2018-05-10","seed_source_timestamp":387936290753715,"purchased_purges":1,"victory":false,"master_deck":["Defend_G","Defend_G","Defend_G","Defend_G","Defend_G","Strike_G","Strike_G","Strike_G","Strike_G","Survivor","Neutralize+1","Underhanded Strike+1","Prepared+1","Eviscerate+1","All Out Attack","Underhanded Strike","Heel Hook","Adrenaline+1","Decay","Decay","Writhe","Cloak And Dagger","Venomology","Prepared","Blade Dance+1","Tools of the Trade","Cloak And Dagger","Accuracy","Outmaneuver+1"],"max_hp_per_floor":[70,70,70,70,70,70,70,70,70,70,70,70,70,70,70,70,70,70,70,70,70,70,70,70,70,70,70,70,70,70,70,70,70],"relics":["Ring of the Snake","Pen Nib","Prayer Wheel","Ancient Tea Set","Calling Bell","Vajra","The Courier","Dead Branch","Tingsha","Thread and Needle","Unceasing Top"],"card_choices":[{"not_picked":["Poisoned Stab","Terror"],"picked":"Underhanded Strike","floor":1},{"not_picked":["Underhanded Strike","Deflect"],"picked":"Prepared","floor":7},{"not_picked":["Backflip","Noxious Fumes"],"picked":"Eviscerate","floor":10},{"not_picked":["Escape Plan","Terror"],"picked":"All Out Attack","floor":11},{"not_picked":["Sucker Punch","Acrobatics"],"picked":"Underhanded Strike","floor":12},{"not_picked":["Die Die Die","Slice"],"picked":"Heel Hook","floor":14},{"not_picked":["Corpse Explosion","After Image"],"picked":"Adrenaline","floor":16},{"not_picked":["Bouncing Flask","Dagger Spray"],"picked":"Cloak And Dagger","floor":18},{"not_picked":["Dodge and Roll","Backflip"],"picked":"Venomology","floor":19},{"not_picked":["Dodge and Roll","All Out Attack"],"picked":"Prepared","floor":22},{"not_picked":["Poisoned Stab","Flying Knee"],"picked":"Blade Dance","floor":26},{"not_picked":["Flechettes","Reflex"],"picked":"Cloak And Dagger","floor":29},{"not_picked":["Underhanded Strike","Deadly Poison"],"picked":"Accuracy","floor":30},{"not_picked":["Quick Slash","Cloak And Dagger"],"picked":"Outmaneuver","floor":31}],"player_experience":148671,"potions_floor_usage":[13,16,16,16,30,31,31,31,31,31,33,33],"damage_taken":[{"damage":0,"enemies":"Jaw Worm","floor":1,"turns":5},{"damage":0,"enemies":"Cultist","floor":7,"turns":3},{"damage":0,"enemies":"Small Slimes","floor":10,"turns":2},{"damage":0,"enemies":"2 Fungi Beasts","floor":11,"turns":2},{"damage":4,"enemies":"Gremlin Gang","floor":12,"turns":5},{"damage":2,"enemies":"Gremlin Nob","floor":13,"turns":4},{"damage":4,"enemies":"Red Slaver","floor":14,"turns":2},{"damage":46,"enemies":"Slime Boss","floor":16,"turns":12},{"damage":25,"enemies":"Shell Parasite","floor":18,"turns":7},{"damage":17,"enemies":"Spheric Guardian","floor":19,"turns":4},{"damage":21,"enemies":"Snake Plant","floor":22,"turns":5},{"damage":13,"enemies":"Sentry and Sphere","floor":24,"turns":4},{"damage":16,"enemies":"Book of Stabbing","floor":29,"turns":4},{"damage":0,"enemies":"Centurion and Healer","floor":30,"turns":3},{"damage":10,"enemies":"Snake Plant","floor":31,"turns":5},{"damage":59,"enemies":"Automaton","floor":33,"turns":10}],"event_choices":[{"event_name":"Accursed Blacksmith","player_choice":"Rummage","floor":2,"damage_taken":0},{"event_name":"Golden Wing","player_choice":"Card Removal","floor":3,"damage_taken":0},{"event_name":"The Lab","player_choice":"Got Potions","floor":4,"damage_taken":0},{"event_name":"The Library","player_choice":"Heal","floor":21,"damage_taken":0},{"event_name":"Beggar","player_choice":"Ignored","floor":25,"damage_taken":0}],"boss_relics":[{"not_picked":["Sozu","Snecko Eye"],"picked":"Calling Bell"}],"potions_floor_spawned":[10,11,22,24],"seed_played":"6249200702151058002","killed_by":"Automaton","ascension_level":0,"is_trial":false}