{"path_per_floor":["M","?","?","$","M","R","M","M","T","E","M","?","R","?","R","B",null,"M","?","$","M","M","E","R","E","T","E","?","E","M","$","R","B",null,"M","?","?","$","M","E","M","T","T","E","M","M","R","E","R","B"],"character_chosen":"THE_SILENT","items_purchased":["Mind Blast","Dagger Throw","Deep Breath","Dagger Throw","Sucker Punch","Bane","Poisoned Stab","Blade Dance","Dodge and Roll","Backstab","Setup","Bag of Marbles"],"gold_per_floor":[114,114,114,14,29,29,44,59,59,89,104,104,104,104,104,204,204,219,219,96,111,126,156,156,186,261,321,321,351,366,18,18,118,118,133,133,133,13,28,58,73,98,123,153,168,183,183,213,213,213],"floor_reached":51,"campfire_rested":0,"playtime":817,"item_purchase_floors":[4,20,20,31,31,31,31,31,31,31,31,38],"current_hp_per_floor":[70,70,70,70,70,70,70,70,70,70,70,70,70,63,63,48,70,70,57,57,57,57,57,57,57,57,57,57,57,59,59,59,61,75,60,60,50,50,52,54,56,56,56,58,60,62,62,64,64,66],"items_purged":[],"gold":213,"score":1563,"play_id":"3cea6dec-8c0f-466d-9d77-696be84f056b","local_time":"20180519214058","daily_mods":["Insanity","Elite Swarm","Hoarder"],"is_prod":false,"is_daily":true,"chose_seed":false,"is_ascension_mode":false,"campfire_upgraded":4,"timestamp":1526758858,"campfire_choices":[{"data":"Mind Blast","floor":6,"key":"SMITH"},{"data":"Mind Blast","floor":13,"key":"SMITH"},{"data":"Backstab","floor":15,"key":"SMITH"},{"data":"Backstab","floor":24,"key":"SMITH"},{"data":"1","floor":32,"key":"LIFT"},{"data":"2","floor":47,"key":"LIFT"},{"data":"3","floor":49,"key":"LIFT"}],"path_taken":["M","?","?","$","M","R","M","M","T","E","M","?","R","?","R","BOSS","M","?","$","?","M","E","R","E","T","E","?","E","?","$","R","BOSS","M","?","?","$","M","E","M","?","T","E","M","?","R","E","R","BOSS"],"build_version":"2018-05-18","seed_source_timestamp":14051257600878,"purchased_purges":0,"victory":true,"master_deck":["PiercingWail","Dagger Throw","Die Die Die","Defend_G","Deadly Poison","Distraction","Corpse Explosion","Escape Plan","Flechettes","Dodge and Roll","Envenom","Choke","Acrobatics","Concentrate","Predator","Phantasmal Killer","Masterful Stab","Acrobatics","Bullet Time","Dagger Spray","Finisher","Venomology","Eviscerate","Corpse Explosion","Venomology","Poisoned Stab","Underhanded Strike","Backflip","Envenom","Venomology","Burst","Storm of Steel","Endless Agony","Die Die Die","Bane","Quick Slash","Terror","Underhanded Strike","Quick Slash","Concentrate","Catalyst","A Thousand Cuts","Outmaneuver","Outmaneuver","PiercingWail","Dodge and Roll","Slice","Doppelganger","Acrobatics","A Thousand Cuts","Quick Slash","Quick Slash","Quick Slash","Jack Of All Trades","Jack Of All Trades","Jack Of All Trades","Mind Blast+1","Mind Blast+1","Mind Blast+1","Backstab+1","Backstab","Backstab","Endless Agony","Endless Agony","Endless Agony","Flying Knee","Flying Knee","Flying Knee","Venomology","Venomology","Venomology","Setup","Setup","Setup","Glass Knife","Glass Knife","Glass Knife","Blur","Blur","Blur","Dagger Throw","Dagger Throw","Dagger Throw","Deep Breath","Deep Breath","Deep Breath","Prepared","Prepared","Prepared","Backstab","Backstab+1","Adrenaline","Adrenaline","Adrenaline","Doppelganger","Doppelganger","Doppelganger","Die Die Die","Die Die Die","Die Die Die","After Image","After Image","After Image","Backflip+1","Backflip+1","Backflip+1","Dagger Throw","Dagger Throw","Dagger Throw","Sucker Punch","Sucker Punch","Sucker Punch","Bane","Bane","Bane","Poisoned Stab","Poisoned Stab","Poisoned Stab","Blade Dance","Blade Dance","Blade Dance","Dodge and Roll","Dodge and Roll","Dodge and Roll","Backstab","Backstab","Backstab","Setup","Setup","Setup","Grand Finale","Grand Finale","Grand Finale","Deflect+1","Deflect+1","Deflect+1","Jack Of All Trades","Jack Of All Trades","Jack Of All Trades","Transmutation","Transmutation","Transmutation","Bandage Up","Bandage Up","Bandage Up","Backflip","Backflip","Backflip","Die Die Die","Die Die Die","Die Die Die","Dodge and Roll","Dodge and Roll","Dodge and Roll","Writhe","Writhe","Writhe","Adrenaline","Adrenaline","Adrenaline","Acrobatics+1","Acrobatics+1","Acrobatics+1","Cloak And Dagger+1","Cloak And Dagger+1","Cloak And Dagger+1","Adrenaline","Adrenaline","Adrenaline"],"max_hp_per_floor":[70,70,70,70,70,70,70,70,70,70,70,70,70,70,70,70,70,70,75,75,75,75,75,75,75,75,75,75,75,75,75,75,75,75,75,75,75,75,75,75,75,75,75,75,75,75,75,75,75,75],"relics":["Ring of the Snake","Ginger","Bag of Preparation","Omamori","Cursed Key","Art of War","Girya","The Courier","Tiny Chest","Blood Vial","Black Star","Bag of Marbles","Anchor","Regal Pillow","Happy Flower","Pen Nib","Ornamental Fan","Ninja Scroll","Juzu Bracelet","Vajra"],"card_choices":[{"not_picked":["Deadly Poison","Malaise"],"picked":"Quick Slash","floor":1},{"not_picked":["Eviscerate","Crippling Poison"],"picked":"Backstab","floor":5},{"not_picked":["Setup","Flechettes"],"picked":"Endless Agony","floor":7},{"not_picked":["Dodge and Roll","Expertise"],"picked":"Flying Knee","floor":8},{"not_picked":["Tools of the Trade","Night Terror"],"picked":"Venomology","floor":10},{"not_picked":["Sucker Punch","Dagger Throw","Setup"],"picked":"SKIP","floor":11},{"not_picked":["Sucker Punch","Dagger Throw"],"picked":"Setup","floor":11},{"not_picked":["Storm of Steel","Corpse Explosion"],"picked":"Glass Knife","floor":16},{"not_picked":["Catalyst","Acrobatics+1"],"picked":"Blur","floor":18},{"not_picked":["Accuracy+1","PiercingWail"],"picked":"Prepared","floor":21},{"not_picked":["Dodge and Roll","Leg Sweep"],"picked":"Backstab","floor":22},{"not_picked":["A Thousand Cuts","Venomology"],"picked":"Adrenaline","floor":23},{"not_picked":["Burst","Venomology"],"picked":"Doppelganger","floor":25},{"not_picked":["A Thousand Cuts","Storm of Steel"],"picked":"Die Die Die","floor":27},{"not_picked":["Wraith Form v2","Storm of Steel"],"picked":"After Image","floor":29},{"not_picked":["Malaise+1","Flying Knee"],"picked":"Backflip+1","floor":30},{"not_picked":["Night Terror","Burst"],"picked":"Grand Finale","floor":33},{"not_picked":["Escape Plan+1","Flying Knee+1"],"picked":"Deflect+1","floor":35},{"not_picked":["Flash of Steel","Magnetism"],"picked":"Jack Of All Trades","floor":37},{"not_picked":["Master of Strategy","Swift Strike"],"picked":"Transmutation","floor":37},{"not_picked":["Dark Shackles","Apotheosis"],"picked":"Bandage Up","floor":37},{"not_picked":["Deflect+1","Bouncing Flask+1"],"picked":"Backflip","floor":39},{"not_picked":["Wraith Form v2","Envenom"],"picked":"Die Die Die","floor":40},{"not_picked":["Deadly Poison+1","Escape Plan"],"picked":"Dodge and Roll","floor":41},{"not_picked":["Unload","After Image"],"picked":"Adrenaline","floor":44},{"not_picked":["Bane+1","Sucker Punch"],"picked":"Acrobatics+1","floor":45},{"not_picked":["Dagger Spray","Backflip"],"picked":"Cloak And Dagger+1","floor":46},{"not_picked":["Unload","Storm of Steel"],"picked":"Adrenaline","floor":48}],"player_experience":82624,"potions_floor_usage":[50],"damage_taken":[{"damage":0,"enemies":"Jaw Worm","floor":1,"turns":1},{"damage":0,"enemies":"Cultist","floor":5,"turns":2},{"damage":0,"enemies":"2 Louse","floor":7,"turns":1},{"damage":0,"enemies":"Looter","floor":8,"turns":1},{"damage":0,"enemies":"Gremlin Nob","floor":10,"turns":1},{"damage":0,"enemies":"Large Slime","floor":11,"turns":1},{"damage":15,"enemies":"The Guardian","floor":16,"turns":3},{"damage":0,"enemies":"3 Byrds","floor":18,"turns":1},{"damage":0,"enemies":"Shell Parasite","floor":21,"turns":1},{"damage":0,"enemies":"Cultist and Chosen","floor":22,"turns":1},{"damage":0,"enemies":"Book of Stabbing","floor":23,"turns":1},{"damage":0,"enemies":"Slavers","floor":25,"turns":1},{"damage":0,"enemies":"Book of Stabbing","floor":27,"turns":1},{"damage":0,"enemies":"Gremlin Leader","floor":29,"turns":1},{"damage":0,"enemies":"Centurion and Healer","floor":30,"turns":1},{"damage":0,"enemies":"Collector","floor":33,"turns":1},{"damage":15,"enemies":"3 Shapes","floor":35,"turns":1},{"damage":0,"enemies":"3 Darklings","floor":39,"turns":1},{"damage":0,"enemies":"Giant Head","floor":40,"turns":1},{"damage":0,"enemies":"Spire Growth","floor":41,"turns":1},{"damage":0,"enemies":"2 Orb Walkers","floor":44,"turns":1},{"damage":0,"enemies":"Maw","floor":45,"turns":1},{"damage":0,"enemies":"Flame Bruiser 2 Orb","floor":46,"turns":1},{"damage":0,"enemies":"Giant Head","floor":48,"turns":1},{"damage":0,"enemies":"Donu and Deca","floor":50,"turns":2}],"relics_obtained":[{"floor":9,"key":"Ginger"},{"floor":10,"key":"Bag of Preparation"},{"floor":23,"key":"Art of War"},{"floor":25,"key":"Girya"},{"floor":26,"key":"The Courier"},{"floor":27,"key":"Tiny Chest"},{"floor":29,"key":"Blood Vial"},{"floor":40,"key":"Anchor"},{"floor":40,"key":"Regal Pillow"},{"floor":42,"key":"Happy Flower"},{"floor":43,"key":"Pen Nib"},{"floor":44,"key":"Ornamental Fan"},{"floor":44,"key":"Ninja Scroll"},{"floor":48,"key":"Juzu Bracelet"},{"floor":48,"key":"Vajra"}],"event_choices":[{"event_name":"Match and Keep!","player_choice":"1 cards matched","floor":2,"damage_taken":0},{"event_name":"The Cleric","player_choice":"Leave","floor":3,"damage_taken":0},{"event_name":"Living Wall","player_choice":"Grow","floor":12,"damage_taken":0},{"event_name":"Scrap Ooze","player_choice":"success","floor":14,"damage_taken":7},{"event_name":"Forgotten Altar","player_choice":"Shed Blood","floor":19,"damage_taken":0},{"event_name":"Addict","player_choice":"Ignored","floor":28,"damage_taken":0},{"event_name":"Purifier","player_choice":"One Purge","floor":36,"damage_taken":0},{"event_name":"SensoryStone","player_choice":"Memory 3","floor":37,"damage_taken":0}],"boss_relics":[{"not_picked":["Orrery","Runic Pyramid"],"picked":"Cursed Key"},{"not_picked":["Runic Dome","Philosopher\u0027s Stone"],"picked":"Black Star"}],"items_purged_floors":[],"potions_floor_spawned":[5,8,16,21,23,25,27,35,39,41,46],"seed_played":"6445733851031675108","ascension_level":0,"potions_obtained":[{"floor":5,"key":"Strength Potion"},{"floor":8,"key":"Strength Potion"},{"floor":23,"key":"GhostInAJar"}],"is_trial":false}