{"path_per_floor":["M","$","M","M","M","R","?","R","T","?","?","M","M","M","R","B",null,"M","$","T","M","$","R","M","M","T","R","M","M","?","?","R","B",null,"M","M","$","?","M","R","M","M","T","?","M","R","$","M","R","B"],"character_chosen":"THE_SILENT","items_purchased":["Paper Crane","Footwork","Dexterity Potion"],"gold_per_floor":[114,39,51,64,82,82,82,82,105,135,210,221,234,251,251,348,348,368,26,26,42,9,9,27,41,41,41,58,70,103,26,26,123,123,141,141,16,16,30,30,46,65,90,90,100,100,51,61,61,61],"floor_reached":51,"campfire_rested":4,"playtime":4437,"item_purchase_floors":[19,22,47],"current_hp_per_floor":[70,70,70,67,63,63,63,63,63,63,52,51,51,51,51,17,70,64,64,64,64,64,64,57,53,53,53,37,37,37,37,58,7,70,55,52,52,52,27,48,34,29,29,29,20,41,41,28,49,25],"items_purged":["Strike_G","Defend_G","Strike_G"],"gold":61,"score":595,"play_id":"fcbb6d16-2d81-4e1d-a732-cfe6f0f2dacd","local_time":"20180519195757","is_prod":false,"is_daily":false,"chose_seed":false,"is_ascension_mode":false,"campfire_upgraded":5,"timestamp":1526752677,"campfire_choices":[{"data":"Malaise","floor":6,"key":"SMITH"},{"data":"Dagger Spray","floor":8,"key":"SMITH"},{"data":"Malaise","floor":15,"key":"SMITH"},{"data":"Footwork","floor":23,"key":"SMITH"},{"data":"Sucker Punch","floor":27,"key":"SMITH"},{"floor":32,"key":"REST"},{"floor":40,"key":"REST"},{"floor":46,"key":"REST"},{"floor":49,"key":"REST"}],"path_taken":["M","$","M","M","M","R","?","R","T","?","?","M","M","M","R","BOSS","M","$","?","M","$","R","M","M","T","R","M","M","?","?","R","BOSS","M","?","$","?","M","R","M","M","T","?","M","R","?","M","R","BOSS"],"build_version":"2018-05-18","seed_source_timestamp":4249367918595,"purchased_purges":3,"victory":true,"master_deck":["Defend_G","Defend_G","Defend_G","Strike_G","Survivor","Neutralize","Dagger Spray+1","Sucker Punch+1","Malaise+1","Dagger Spray+1","Malaise+1","Quick Slash","Venomology","Heel Hook+1","Footwork+1","Quick Slash","Well Laid Plans","J.A.X.","Flechettes+1","Dash+1","Die Die Die+1","Flying Knee","Die Die Die+1","Crippling Poison","Terror","Predator","Predator"],"max_hp_per_floor":[70,70,70,70,70,70,70,70,70,70,70,70,70,70,70,70,70,70,70,70,70,70,70,70,70,70,70,70,70,70,70,70,70,70,70,70,70,70,70,70,70,70,70,70,70,70,70,70,70,70],"relics":["Ring of the Snake","Omamori","Philosopher\u0027s Stone","Paper Crane","Happy Flower","Mummified Hand","Red Mask","Astrolabe","Potion Belt"],"card_choices":[{"not_picked":["Quick Slash","Heel Hook"],"picked":"Dagger Spray","floor":1},{"not_picked":["Terror","Heel Hook"],"picked":"Sucker Punch","floor":3},{"not_picked":["Sucker Punch","Skewer"],"picked":"Malaise","floor":4},{"not_picked":["Dagger Throw","Riddle With Holes"],"picked":"Dagger Spray","floor":5},{"not_picked":["Underhanded Strike","Flying Knee"],"picked":"Malaise","floor":12},{"not_picked":["Deadly Poison","Slice"],"picked":"Quick Slash","floor":13},{"not_picked":["Dagger Throw","Acrobatics","Blade Dance"],"picked":"SKIP","floor":14},{"not_picked":["Corpse Explosion","Tactician"],"picked":"Venomology","floor":16},{"not_picked":["Quick Slash","Poisoned Stab+1"],"picked":"Heel Hook+1","floor":18},{"not_picked":["Calculated Gamble","Underhanded Strike","Flying Knee"],"picked":"SKIP","floor":21},{"not_picked":["Backstab+1","Masterful Stab","Storm of Steel"],"picked":"SKIP","floor":24},{"not_picked":["Dagger Spray","Bane"],"picked":"Quick Slash","floor":25},{"not_picked":["Distraction","Deadly Poison+1"],"picked":"Well Laid Plans","floor":28},{"not_picked":["Underhanded Strike","Poisoned Stab","Dodge and Roll"],"picked":"SKIP","floor":29},{"not_picked":["Deadly Poison+1","Endless Agony+1"],"picked":"Flying Knee","floor":35},{"not_picked":["Backflip","Riddle With Holes+1","Deflect+1"],"picked":"SKIP","floor":36},{"not_picked":["Predator","Reflex+1"],"picked":"Crippling Poison","floor":39},{"not_picked":["Crippling Poison","Slice+1"],"picked":"Terror","floor":41},{"not_picked":["Poisoned Stab","Choke+1","Bane"],"picked":"SKIP","floor":42},{"not_picked":["Outmaneuver+1","Poisoned Stab+1"],"picked":"Predator","floor":45},{"not_picked":["Outmaneuver","Quick Slash"],"picked":"Predator","floor":48}],"player_experience":77050,"potions_floor_usage":[18,21,25,25,33,33,39,39,41,42,45,50,50,50],"damage_taken":[{"damage":0,"enemies":"2 Louse","floor":1,"turns":3},{"damage":0,"enemies":"Cultist","floor":3,"turns":3},{"damage":3,"enemies":"Small Slimes","floor":4,"turns":4},{"damage":4,"enemies":"Exordium Thugs","floor":5,"turns":7},{"damage":1,"enemies":"Red Slaver","floor":12,"turns":4},{"damage":0,"enemies":"Blue Slaver","floor":13,"turns":3},{"damage":0,"enemies":"2 Fungi Beasts","floor":14,"turns":4},{"damage":34,"enemies":"Hexaghost","floor":16,"turns":18},{"damage":9,"enemies":"Chosen","floor":18,"turns":8},{"damage":0,"enemies":"3 Byrds","floor":21,"turns":4},{"damage":7,"enemies":"Snecko","floor":24,"turns":7},{"damage":4,"enemies":"Chosen and Byrds","floor":25,"turns":8},{"damage":16,"enemies":"Sentry and Sphere","floor":28,"turns":5},{"damage":0,"enemies":"Snecko","floor":29,"turns":8},{"damage":0,"enemies":"Masked Bandits","floor":30,"turns":2},{"damage":51,"enemies":"Collector","floor":33,"turns":13},{"damage":15,"enemies":"Flame Bruiser 1 Orb","floor":35,"turns":7},{"damage":3,"enemies":"3 Darklings","floor":36,"turns":3},{"damage":25,"enemies":"Sphere and 2 Shapes","floor":39,"turns":5},{"damage":14,"enemies":"Maw","floor":41,"turns":8},{"damage":5,"enemies":"Flame Bruiser 2 Orb","floor":42,"turns":4},{"damage":9,"enemies":"3 Darklings","floor":45,"turns":5},{"damage":13,"enemies":"Maw","floor":48,"turns":8},{"damage":24,"enemies":"Awakened One","floor":50,"turns":18}],"relics_obtained":[{"floor":9,"key":"Omamori"},{"floor":20,"key":"Happy Flower"},{"floor":26,"key":"Mummified Hand"},{"floor":30,"key":"Red Mask"},{"floor":43,"key":"Potion Belt"}],"event_choices":[{"event_name":"Accursed Blacksmith","player_choice":"Forge","floor":7,"damage_taken":0},{"event_name":"Dead Adventurer","player_choice":"Searched \u00272\u0027 times","floor":10,"damage_taken":0},{"event_name":"World of Goop","player_choice":"Gather Gold","floor":11,"damage_taken":0},{"event_name":"Masked Bandits","player_choice":"Fought over 70 gold","floor":30,"damage_taken":0},{"event_name":"Drug Dealer","player_choice":"Got JAXXED","floor":31,"damage_taken":0},{"event_name":"Duplicator","player_choice":"One dupe","floor":38,"damage_taken":0},{"event_name":"Mysterious Sphere","player_choice":"Ignore","floor":44,"damage_taken":0}],"boss_relics":[{"not_picked":["Snecko Eye","Runic Dome"],"picked":"Philosopher\u0027s Stone"},{"not_picked":["Lizard Tail","White Beast Statue"],"picked":"Astrolabe"}],"items_purged_floors":[2,19,37],"potions_floor_spawned":[12,14,16,21,28,30,35,39],"seed_played":"5171158983294104736","ascension_level":0,"potions_obtained":[{"floor":21,"key":"FairyPotion"},{"floor":39,"key":"AttackPotion"}],"is_trial":false}