{"path_per_floor":["M","?","?","M","M","R","E","R","T","M","E","T","$","M","R"],"character_chosen":"IRONCLAD","items_purchased":["Cleave"],"gold_per_floor":[109,109,109,124,136,136,162,162,162,172,204,204,106,124,124,124],"floor_reached":16,"campfire_rested":1,"playtime":541,"item_purchase_floors":[13],"current_hp_per_floor":[80,80,73,79,80,80,47,47,47,49,22,22,22,12,36,0],"items_purged":["Strike_R"],"gold":124,"score":132,"play_id":"54bebde1-553a-497b-b4d6-9647a982f191","local_time":"20180609204546","is_prod":false,"is_daily":false,"chose_seed":false,"is_ascension_mode":true,"campfire_upgraded":2,"win_rate":0,"timestamp":1528569946,"campfire_choices":[{"data":"Bash","floor":6,"key":"SMITH"},{"data":"Thunderclap","floor":8,"key":"SMITH"},{"floor":15,"key":"REST"}],"path_taken":["M","?","?","M","?","R","E","R","T","M","E","?","$","M","R","BOSS"],"build_version":"2018-06-08","seed_source_timestamp":1952705274069,"purchased_purges":1,"victory":false,"master_deck":["Strike_R","Strike_R","Strike_R","Defend_R","Defend_R","Defend_R","Defend_R","Bash+1","Armaments+1","Thunderclap+1","Perfected Strike","Perfected Strike","Cleave","True Grit+1"],"max_hp_per_floor":[80,80,80,80,80,80,80,80,80,80,80,80,80,80,80,80],"relics":["Burning Blood","NeowsBlessing","Blood Vial","Toxic Egg 2","Question Card","Matryoshka"],"card_choices":[{"not_picked":["Sentinel","Body Slam"],"picked":"Armaments","floor":1},{"not_picked":["Heavy Blade","Dropkick","Power Through"],"picked":"SKIP","floor":4},{"not_picked":["Rage","Second Wind"],"picked":"Thunderclap","floor":5},{"not_picked":["Berserk","Havoc","Pommel Strike"],"picked":"SKIP","floor":7},{"not_picked":["Corruption","Spot Weakness+1"],"picked":"Perfected Strike","floor":10},{"not_picked":["Shrug It Off+1","Combust"],"picked":"Perfected Strike","floor":11},{"not_picked":["Dual Wield+1","Cleave","Bludgeon"],"picked":"True Grit+1","floor":14}],"player_experience":151610,"potions_floor_usage":[11,16],"damage_taken":[{"damage":0,"enemies":"Small Slimes","floor":1,"turns":1},{"damage":0,"enemies":"Cultist","floor":4,"turns":1},{"damage":0,"enemies":"Jaw Worm","floor":5,"turns":1},{"damage":39,"enemies":"Gremlin Nob","floor":7,"turns":5},{"damage":6,"enemies":"Looter","floor":10,"turns":4},{"damage":35,"enemies":"Lagavulin","floor":11,"turns":5},{"damage":18,"enemies":"Gremlin Gang","floor":14,"turns":4},{"damage":39,"enemies":"The Guardian","floor":16,"turns":8}],"relics_obtained":[{"floor":7,"key":"Blood Vial"},{"floor":9,"key":"Toxic Egg 2"},{"floor":11,"key":"Question Card"},{"floor":12,"key":"Matryoshka"}],"event_choices":[{"event_name":"Accursed Blacksmith","player_choice":"Forge","floor":2,"damage_taken":0},{"event_name":"Golden Wing","player_choice":"Card Removal","floor":3,"damage_taken":0}],"boss_relics":[],"items_purged_floors":[13],"potions_floor_spawned":[5,7,14],"seed_played":"6375067618977463676","killed_by":"The Guardian","ascension_level":4,"potions_obtained":[{"floor":5,"key":"LiquidBronze"},{"floor":7,"key":"SkillPotion"},{"floor":14,"key":"AttackPotion"}],"is_trial":false}