{"gold_per_floor":[114,114,74,91,16,16,44,64,88,114,114,14,29,29,29,132,132,115,125,125,125,136,136],"floor_reached":23,"playtime":970,"items_purged":["Strike_R","Strike_R"],"score":239,"play_id":"de8c53f2-f63a-4398-a46d-72a308d1f7ca","local_time":"20190614205936","is_ascension_mode":true,"campfire_choices":[{"data":"Shrug It Off","floor":6,"key":"SMITH"},{"data":"Clothesline","floor":11,"key":"SMITH"},{"data":"Wild Strike","floor":15,"key":"SMITH"}],"neow_cost":"NONE","seed_source_timestamp":16465740482292,"circlet_count":0,"master_deck":["Strike_R","Strike_R","Defend_R","Defend_R","Defend_R","Defend_R","Bash+1","Evolve","Shrug It Off+1","Clothesline+1","Combust","Wild Strike+1","Power Through","Pommel Strike+1","Havoc","Headbutt+1"],"relics":["Black Blood","Regal Pillow","Lantern","Bottled Lightning","Ornamental Fan"],"potions_floor_usage":[7,7,7,10,16,22,23],"damage_taken":[{"damage":5,"enemies":"Small Slimes","floor":1,"turns":3},{"damage":9,"enemies":"2 Louse","floor":4,"turns":3},{"damage":24,"enemies":"Gremlin Nob","floor":7,"turns":4},{"damage":0,"enemies":"Cultist","floor":8,"turns":4},{"damage":17,"enemies":"3 Sentries","floor":10,"turns":6},{"damage":1,"enemies":"Looter","floor":13,"turns":3},{"damage":32,"enemies":"The Guardian","floor":16,"turns":12},{"damage":28,"enemies":"2 Thieves","floor":18,"turns":4},{"damage":8,"enemies":"Chosen","floor":19,"turns":6},{"damage":25,"enemies":"Centurion and Healer","floor":22,"turns":10},{"damage":51,"enemies":"Book of Stabbing","floor":23,"turns":5}],"seed_played":"3683349046928598261","potions_obtained":[{"floor":3,"key":"Strength Potion"},{"floor":3,"key":"SteroidPotion"},{"floor":3,"key":"EntropicBrew"},{"floor":16,"key":"Dexterity Potion"},{"floor":19,"key":"BloodPotion"}],"is_trial":false,"path_per_floor":["M","?","?","M","$","R","E","M","T","E","R","$","M","?","R","B",null,"M","M","?","T","M","E"],"character_chosen":"IRONCLAD","items_purchased":[],"campfire_rested":0,"item_purchase_floors":[],"current_hp_per_floor":[80,85,85,82,82,82,64,70,70,59,59,59,64,64,64,38,85,67,69,53,53,47,0],"gold":136,"neow_bonus":"UPGRADE_CARD","is_prod":false,"is_daily":false,"chose_seed":false,"campfire_upgraded":3,"win_rate":0,"timestamp":1560560376,"path_taken":["M","?","?","M","$","R","E","?","T","E","R","$","M","?","R","BOSS","M","M","?","?","?","E"],"build_version":"2019-01-23","purchased_purges":2,"victory":false,"max_hp_per_floor":[80,85,85,85,85,85,85,85,85,85,85,85,85,85,85,85,85,85,85,90,90,90,90],"card_choices":[{"not_picked":["Clash","Pummel"],"picked":"Evolve","floor":1},{"not_picked":["Pommel Strike","Warcry"],"picked":"Shrug It Off","floor":4},{"not_picked":["Bludgeon","Carnage"],"picked":"Clothesline","floor":7},{"not_picked":["Bloodletting","True Grit"],"picked":"Combust","floor":8},{"not_picked":["Pummel","Perfected Strike"],"picked":"Wild Strike","floor":10},{"not_picked":["Thunderclap","Flex"],"picked":"Power Through","floor":13},{"not_picked":["Hemokinesis","Power Through"],"picked":"Pommel Strike+1","floor":18},{"not_picked":["Pommel Strike","Second Wind"],"picked":"Havoc","floor":19},{"not_picked":["Evolve","Rampage"],"picked":"Headbutt+1","floor":22}],"player_experience":153952,"relics_obtained":[{"floor":7,"key":"Regal Pillow"},{"floor":9,"key":"Lantern"},{"floor":10,"key":"Bottled Lightning"},{"floor":21,"key":"Ornamental Fan"}],"event_choices":[{"damage_healed":0,"gold_gain":0,"player_choice":"Donut","damage_taken":0,"max_hp_gain":5,"max_hp_loss":0,"event_name":"Big Fish","floor":2,"gold_loss":0},{"damage_healed":0,"gold_gain":0,"player_choice":"Bought 3 Potions","damage_taken":0,"max_hp_gain":0,"max_hp_loss":0,"event_name":"The Woman in Blue","floor":3,"gold_loss":0},{"cards_removed":["Strike_R"],"damage_healed":0,"gold_gain":0,"player_choice":"Forget","damage_taken":0,"max_hp_gain":0,"max_hp_loss":0,"event_name":"Living Wall","floor":14,"gold_loss":0},{"damage_healed":0,"gold_gain":0,"player_choice":"Shed Blood","damage_taken":21,"max_hp_gain":5,"max_hp_loss":0,"event_name":"Forgotten Altar","floor":20,"gold_loss":0}],"is_beta":false,"boss_relics":[{"not_picked":["Tiny House","Runic Pyramid"],"picked":"Black Blood"}],"items_purged_floors":[5,12],"is_endless":false,"potions_floor_spawned":[4,16,19],"killed_by":"Book of Stabbing","ascension_level":4}