{"gold_per_floor":[109,124,199,51,51,89,89,112,135,174,199,238,262,287,287,407,407,427,427,289,312,327,327,327],"floor_reached":24,"playtime":725,"items_purged":[],"score":243,"play_id":"94221684-a8ad-4a43-9926-3d9e58ad15d3","local_time":"20181129111816","is_ascension_mode":false,"campfire_choices":[{"data":"Zap","floor":7,"key":"SMITH"},{"floor":15,"key":"REST"},{"data":"White Noise","floor":23,"key":"SMITH"}],"neow_cost":"NONE","seed_source_timestamp":1166103529065641,"circlet_count":0,"master_deck":["Strike_B+1","Strike_B+1","Strike_B","Defend_B+1","Defend_B","Defend_B+1","Zap+1","Dualcast","BootSequence","BootSequence","Gash","Ball Lightning","Compile Driver","White Noise+1","Lockon","Undo","Gash","Seek","Go for the Eyes"],"relics":["Cracked Core","NeowsBlessing","Bag of Preparation","Golden Idol","War Paint","Orichalcum","DataDisk","Whetstone","Empty Cage","Mummified Hand"],"potions_floor_usage":[11,12,12,16],"damage_taken":[{"damage":0,"enemies":"Cultist","floor":1,"turns":1},{"damage":0,"enemies":"Small Slimes","floor":2,"turns":1},{"damage":0,"enemies":"Gremlin Nob","floor":6,"turns":1},{"damage":0,"enemies":"2 Louse","floor":8,"turns":2},{"damage":12,"enemies":"Lagavulin","floor":10,"turns":5},{"damage":0,"enemies":"Large Slime","floor":11,"turns":3},{"damage":8,"enemies":"Gremlin Nob","floor":12,"turns":3},{"damage":0,"enemies":"Gremlin Gang","floor":13,"turns":4},{"damage":0,"enemies":"Lots of Slimes","floor":14,"turns":3},{"damage":20,"enemies":"Slime Boss","floor":16,"turns":9},{"damage":11,"enemies":"3 Byrds","floor":18,"turns":4},{"damage":7,"enemies":"2 Thieves","floor":21,"turns":4},{"damage":11,"enemies":"Centurion and Healer","floor":22,"turns":7},{"damage":32,"enemies":"Book of Stabbing","floor":24,"turns":5}],"seed_played":"-1138809483116184450","potions_obtained":[{"floor":1,"key":"SteroidPotion"},{"floor":8,"key":"Dexterity Potion"},{"floor":10,"key":"Fire Potion"},{"floor":11,"key":"SneckoOil"}],"is_trial":false,"path_per_floor":["M","M","?","$","?","E","R","M","T","E","M","E","M","M","R","B",null,"M","?","?","M","M","R","E"],"character_chosen":"DEFECT","items_purchased":["Bag of Preparation"],"campfire_rested":1,"item_purchase_floors":[4],"current_hp_per_floor":[75,75,64,64,46,46,46,46,46,34,34,26,26,26,48,28,75,64,50,50,43,32,32,0],"gold":327,"neow_bonus":"THREE_ENEMY_KILL","is_prod":false,"is_daily":false,"chose_seed":false,"campfire_upgraded":2,"win_rate":0,"timestamp":1543511896,"path_taken":["M","?","?","$","?","E","R","M","T","E","M","E","M","M","R","BOSS","M","?","?","?","?","R","E"],"build_version":"2018-11-15","purchased_purges":0,"victory":false,"max_hp_per_floor":[75,75,75,75,75,75,75,75,75,75,75,75,75,75,75,75,75,75,80,80,80,80,80,80],"card_choices":[{"not_picked":["Fusion","Loop"],"picked":"BootSequence","floor":1},{"not_picked":["Fusion","Coolheaded"],"picked":"BootSequence","floor":2},{"not_picked":["Streamline","Reinforced Body"],"picked":"Gash","floor":6},{"not_picked":["Cold Snap","Reinforced Body"],"picked":"Ball Lightning","floor":8},{"not_picked":["Cold Snap","Stack"],"picked":"Compile Driver","floor":10},{"not_picked":["Streamline","Reboot"],"picked":"White Noise","floor":11},{"not_picked":["Ball Lightning","Barrage"],"picked":"Lockon","floor":12},{"not_picked":["Leap","Fusion"],"picked":"Undo","floor":13},{"not_picked":["Go for the Eyes","Sunder"],"picked":"Gash","floor":14},{"not_picked":["Hyperbeam","Reboot"],"picked":"Seek","floor":16},{"not_picked":["Fusion","Undo+1","Redo"],"picked":"SKIP","floor":18},{"not_picked":["Coolheaded","Stack"],"picked":"Go for the Eyes","floor":21},{"not_picked":["Sweeping Beam","Beam Cell","Steam+1"],"picked":"SKIP","floor":22}],"player_experience":284659,"relics_obtained":[{"floor":6,"key":"War Paint"},{"floor":9,"key":"Orichalcum"},{"floor":10,"key":"DataDisk"},{"floor":12,"key":"Whetstone"}],"event_choices":[{"damage_healed":0,"gold_gain":75,"player_choice":"Gather Gold","damage_taken":11,"max_hp_gain":0,"max_hp_loss":0,"event_name":"World of Goop","floor":3,"gold_loss":0},{"damage_healed":0,"gold_gain":0,"player_choice":"Take Damage","damage_taken":18,"relics_obtained":["Golden Idol"],"max_hp_gain":0,"max_hp_loss":0,"event_name":"Golden Idol","floor":5,"gold_loss":0},{"damage_healed":0,"gold_gain":0,"player_choice":"Shed Blood","damage_taken":19,"max_hp_gain":5,"max_hp_loss":0,"event_name":"Forgotten Altar","floor":19,"gold_loss":0},{"damage_healed":0,"gold_gain":0,"player_choice":"Paid Gold","damage_taken":0,"relics_obtained":["Mummified Hand"],"max_hp_gain":0,"max_hp_loss":0,"event_name":"WeMeetAgain","floor":20,"gold_loss":138}],"is_beta":true,"boss_relics":[{"not_picked":["Fusion Hammer","Snecko Eye"],"picked":"Empty Cage"}],"items_purged_floors":[],"is_endless":false,"potions_floor_spawned":[1,8,10,11],"killed_by":"Book of Stabbing","ascension_level":0}