{"gold_per_floor":[112,37,37,37,47,47,63,75,75,75,75,99,119,198,198,323,323,343,77,102,117,117,117,141,162,210,224,224,76,99,122,122,251,251,269,269,87,87],"floor_reached":38,"playtime":3729,"items_purged":["Strike_R","Normality","Decay"],"score":368,"play_id":"cdb6491e-32c3-4d0d-8cc6-380305ee2175","local_time":"20190128164442","is_ascension_mode":false,"campfire_choices":[{"floor":6,"key":"REST"},{"floor":15,"key":"REST"},{"floor":23,"key":"REST"},{"floor":28,"key":"REST"},{"floor":32,"key":"REST"}],"neow_cost":"NONE","seed_source_timestamp":22501185725218,"circlet_count":0,"master_deck":["Strike_R+1","Strike_R","Strike_R","Strike_R+1","Defend_R","Defend_R","Defend_R+1","Defend_R","Bash","Berserk","Pommel Strike","Twin Strike","Armaments","Clothesline","Injury","Demon Form+1","Rampage","Inflame+1","Berserk+1","Clumsy","Iron Wave+1","Flash of Steel","Infernal Blade","Sever Soul","Hemokinesis+1","Ghostly Armor+1","Cleave","Battle Trance","Infernal Blade","Barricade+1","Rupture+1","Reaper","Anger"],"relics":["Burning Blood","Frozen Egg 2","Golden Idol","Bottled Lightning","Calling Bell","Red Skull","Ornamental Fan","Calipers","MutagenicStrength","Regal Pillow","Strawberry","Black Star"],"potions_floor_usage":[16],"damage_taken":[{"damage":15,"enemies":"2 Louse","floor":1,"turns":3},{"damage":3,"enemies":"Jaw Worm","floor":5,"turns":3},{"damage":1,"enemies":"Cultist","floor":7,"turns":3},{"damage":4,"enemies":"Blue Slaver","floor":8,"turns":4},{"damage":10,"enemies":"Looter","floor":12,"turns":3},{"damage":1,"enemies":"Exordium Wildlife","floor":13,"turns":3},{"damage":30,"enemies":"3 Sentries","floor":14,"turns":8},{"damage":67,"enemies":"Hexaghost","floor":16,"turns":8},{"damage":64,"enemies":"3 Byrds","floor":18,"turns":7},{"damage":2,"enemies":"Chosen","floor":20,"turns":3},{"damage":14,"enemies":"3 Cultists","floor":21,"turns":5},{"damage":16,"enemies":"Snake Plant","floor":25,"turns":4},{"damage":29,"enemies":"Centurion and Healer","floor":27,"turns":5},{"damage":13,"enemies":"Snecko","floor":30,"turns":5},{"damage":21,"enemies":"Snake Plant","floor":31,"turns":4},{"damage":57,"enemies":"Champ","floor":33,"turns":11},{"damage":85,"enemies":"3 Darklings","floor":35,"turns":8},{"damage":25,"enemies":"Orb Walker","floor":38,"turns":3}],"seed_played":"-6841988715964515680","potions_obtained":[{"floor":1,"key":"Weak Potion"},{"floor":12,"key":"AttackPotion"},{"floor":14,"key":"BloodPotion"},{"floor":18,"key":"SteroidPotion"},{"floor":31,"key":"PowerPotion"},{"floor":35,"key":"EssenceOfSteel"}],"is_trial":false,"path_per_floor":["M","$","?","?","M","R","M","M","T","?","$","M","M","?","R","B",null,"M","$","M","M","?","R","T","M","T","M","R","$","M","M","R","B",null,"M","?","$","M"],"character_chosen":"IRONCLAD","items_purchased":["Ancient Potion","Flash of Steel","Cleave","Reaper","Anger"],"campfire_rested":5,"item_purchase_floors":[19,19,29,37,37],"current_hp_per_floor":[71,71,71,55,58,80,80,80,80,80,80,76,80,56,80,27,80,22,22,26,18,18,42,42,32,39,16,57,57,50,35,76,25,87,8,8,8,0],"gold":87,"neow_bonus":"ONE_RANDOM_RARE_CARD","is_prod":false,"is_daily":false,"chose_seed":false,"campfire_upgraded":0,"win_rate":0.0,"timestamp":1548661482,"path_taken":["M","$","?","?","M","R","M","M","T","?","?","?","M","?","R","BOSS","M","$","M","M","?","R","?","M","T","?","R","$","M","M","R","BOSS","M","?","$","M"],"build_version":"2019-01-23","purchased_purges":3,"victory":false,"max_hp_per_floor":[80,80,80,80,80,80,80,80,80,80,80,80,80,80,80,80,80,80,80,80,80,80,80,80,80,87,87,87,87,87,87,87,87,87,87,87,87,87],"card_choices":[{"not_picked":["Clothesline","Searing Blow"],"picked":"Pommel Strike","floor":1},{"not_picked":["Clothesline","Shrug It Off"],"picked":"Twin Strike","floor":5},{"not_picked":["Headbutt","Inflame"],"picked":"Armaments","floor":7},{"not_picked":["Battle Trance","Infernal Blade"],"picked":"Clothesline","floor":8},{"not_picked":["Entrench","Clothesline"],"picked":"Demon Form+1","floor":12},{"not_picked":["Shrug It Off","Entrench"],"picked":"Rampage","floor":13},{"not_picked":["Clash","Shrug It Off"],"picked":"Inflame+1","floor":14},{"not_picked":["Fiend Fire","Impervious"],"picked":"Berserk+1","floor":16},{"not_picked":["Body Slam","Headbutt+1"],"picked":"Iron Wave+1","floor":18},{"not_picked":["Thunderclap","Blood for Blood"],"picked":"Infernal Blade","floor":20},{"not_picked":["Barricade+1","Clothesline"],"picked":"Sever Soul","floor":21},{"not_picked":["Clash+1","Feel No Pain+1"],"picked":"Hemokinesis+1","floor":25},{"not_picked":["Flame Barrier","Pommel Strike"],"picked":"Ghostly Armor+1","floor":27},{"not_picked":["Twin Strike","Dark Embrace+1"],"picked":"Battle Trance","floor":30},{"not_picked":["Intimidate","Iron Wave"],"picked":"Infernal Blade","floor":31},{"not_picked":["Fiend Fire","Juggernaut+1"],"picked":"Barricade+1","floor":33},{"not_picked":["Uppercut","Clothesline+1"],"picked":"Rupture+1","floor":35}],"player_experience":1476,"relics_obtained":[{"floor":9,"key":"Frozen Egg 2"},{"floor":14,"key":"Bottled Lightning"},{"floor":17,"key":"Red Skull"},{"floor":17,"key":"Ornamental Fan"},{"floor":17,"key":"Calipers"},{"floor":24,"key":"Regal Pillow"},{"floor":26,"key":"Strawberry"}],"event_choices":[{"damage_healed":0,"gold_gain":0,"player_choice":"Grow","damage_taken":0,"max_hp_gain":0,"max_hp_loss":0,"event_name":"Living Wall","floor":3,"gold_loss":0,"cards_upgraded":["Strike_R"]},{"damage_healed":0,"gold_gain":0,"player_choice":"Entered Light","damage_taken":16,"max_hp_gain":0,"max_hp_loss":0,"event_name":"Shining Light","floor":4,"gold_loss":0,"cards_upgraded":["Defend_R","Strike_R"]},{"damage_healed":0,"gold_gain":0,"player_choice":"Take Wound","damage_taken":0,"relics_obtained":["Golden Idol"],"max_hp_gain":0,"max_hp_loss":0,"event_name":"Golden Idol","floor":10,"gold_loss":0,"cards_obtained":["Injury"]},{"damage_healed":0,"gold_gain":0,"player_choice":"Searched \u00271\u0027 times","damage_taken":0,"max_hp_gain":0,"max_hp_loss":0,"event_name":"Dead Adventurer","floor":14,"gold_loss":0},{"damage_healed":0,"gold_gain":0,"player_choice":"Inject Mutagens","damage_taken":0,"relics_obtained":["MutagenicStrength"],"max_hp_gain":0,"max_hp_loss":0,"event_name":"Drug Dealer","floor":22,"gold_loss":0},{"damage_healed":0,"gold_gain":0,"player_choice":"Ignored","damage_taken":0,"max_hp_gain":0,"max_hp_loss":0,"event_name":"Tomb of Lord Red Mask","floor":36,"gold_loss":0}],"is_beta":false,"boss_relics":[{"not_picked":["Eternal Feather","Coffee Dripper"],"picked":"Calling Bell"},{"not_picked":["Snecko Eye","White Beast Statue"],"picked":"Black Star"}],"items_purged_floors":[2,19,29],"is_endless":false,"potions_floor_spawned":[1,12,14,18,31,33,35],"killed_by":"Orb Walker","ascension_level":0}