{"gold_per_floor":[117,117,117,133,58,58,158,170,196,206,206,236,236,251,251,251],"floor_reached":16,"playtime":525,"items_purged":["Strike_R"],"score":110,"play_id":"3e3436cf-cdde-453d-bc47-08cd99476733","local_time":"20190603230825","is_ascension_mode":true,"campfire_choices":[{"data":"Anger","floor":6,"key":"SMITH"},{"data":"Demon Form","floor":11,"key":"SMITH"},{"data":"Juggernaut","floor":13,"key":"SMITH"},{"floor":15,"key":"REST"}],"neow_cost":"NONE","seed_source_timestamp":11237855388527,"circlet_count":0,"master_deck":["Strike_R","Strike_R","Strike_R","Strike_R","Defend_R","Defend_R","Defend_R","Defend_R","Bash","Juggernaut+1","Shockwave","Regret","Anger+1","Demon Form+1","Bludgeon","Armaments"],"relics":["Burning Blood","Du-Vu Doll","Strawberry","Boot"],"potions_floor_usage":[12],"damage_taken":[{"damage":10,"enemies":"2 Louse","floor":1,"turns":3},{"damage":9,"enemies":"Jaw Worm","floor":4,"turns":5},{"damage":16,"enemies":"Small Slimes","floor":8,"turns":3},{"damage":31,"enemies":"Exordium Thugs","floor":10,"turns":5},{"damage":23,"enemies":"Lagavulin","floor":12,"turns":5},{"damage":15,"enemies":"Large Slime","floor":14,"turns":5},{"damage":39,"enemies":"Hexaghost","floor":16,"turns":4}],"seed_played":"-2350497583178788679","potions_obtained":[{"floor":8,"key":"LiquidBronze"},{"floor":12,"key":"Ancient Potion"},{"floor":14,"key":"FearPotion"}],"is_trial":false,"path_per_floor":["M","?","?","M","$","R","?","M","T","M","R","E","R","M","R","B"],"character_chosen":"IRONCLAD","items_purchased":[],"campfire_rested":1,"item_purchase_floors":[],"current_hp_per_floor":[76,76,76,73,73,73,73,63,63,38,38,21,21,12,38,0],"gold":251,"neow_bonus":"ONE_RANDOM_RARE_CARD","is_prod":false,"is_daily":false,"chose_seed":false,"campfire_upgraded":3,"win_rate":0,"timestamp":1559617705,"path_taken":["M","?","?","M","?","R","?","M","T","M","R","E","R","M","R","BOSS"],"build_version":"2019-01-23","purchased_purges":1,"victory":false,"max_hp_per_floor":[80,80,87,87,87,87,87,87,87,87,87,87,87,87,87,87],"card_choices":[{"not_picked":["Havoc","Rampage"],"picked":"Shockwave","floor":1},{"not_picked":["Pommel Strike","Warcry"],"picked":"Anger","floor":4},{"not_picked":["Warcry","Second Wind"],"picked":"Demon Form","floor":8},{"not_picked":["Flex","Headbutt","Anger"],"picked":"SKIP","floor":10},{"not_picked":["Rage","Entrench"],"picked":"Bludgeon","floor":12},{"not_picked":["Carnage","Wild Strike"],"picked":"Armaments","floor":14}],"player_experience":89593,"relics_obtained":[{"floor":12,"key":"Boot"}],"event_choices":[{"damage_healed":0,"gold_gain":0,"player_choice":"Box","damage_taken":0,"relics_obtained":["Du-Vu Doll"],"max_hp_gain":0,"max_hp_loss":0,"event_name":"Big Fish","floor":2,"gold_loss":0,"cards_obtained":["Regret"]},{"damage_healed":0,"gold_gain":0,"player_choice":"Success","damage_taken":7,"relics_obtained":["Strawberry"],"max_hp_gain":0,"max_hp_loss":0,"event_name":"Scrap Ooze","floor":3,"gold_loss":0},{"damage_healed":0,"gold_gain":100,"player_choice":"Pray","damage_taken":0,"max_hp_gain":0,"max_hp_loss":0,"event_name":"Golden Shrine","floor":7,"gold_loss":0}],"is_beta":false,"boss_relics":[],"items_purged_floors":[5],"is_endless":false,"potions_floor_spawned":[8,12,14],"killed_by":"Hexaghost","ascension_level":2}