{"gold_per_floor":[109,109,128,403,417,433,443,458,458,458,470,484,496,135,135,236,236,254,254,57,76,76,76,1,1,1,1,12,46,56,74,74,177,177,187,187,198,198,198,198,215,233,281,281,296,296],"floor_reached":46,"playtime":1607,"items_purged":["Regret"],"score":438,"play_id":"e0829126-276a-4558-a3c9-a5b87943fde8","local_time":"20181130124417","is_ascension_mode":false,"campfire_choices":[{"floor":15,"key":"REST"},{"data":"Apotheosis","floor":23,"key":"SMITH"},{"data":"White Noise","floor":25,"key":"SMITH"},{"data":"Creative AI","floor":27,"key":"SMITH"},{"floor":32,"key":"REST"},{"data":"Reboot","floor":40,"key":"SMITH"},{"floor":44,"key":"REST"}],"neow_cost":"TEN_PERCENT_HP_LOSS","seed_source_timestamp":1256783791557821,"circlet_count":0,"master_deck":["Strike_B","Defend_B","Zap","Dualcast","Conserve Battery","Melter","Self Repair","Melter","Leap","Rebound","Skim","Beam Cell","Reboot+1","Creative AI","Ball Lightning","Creative AI+1","Force Field","Apotheosis+1","White Noise+1","Conserve Battery+1","Force Field+1","Sunder+1","Sweeping Beam+1","Electrodynamics","Beam Cell+1","Madness","Madness","Rebound+1","Coolheaded+1"],"relics":["Cracked Core","Bottled Lightning","Bag of Marbles","DataDisk","Nuclear Battery","Molten Egg 2","Omamori","Philosopher\u0027s Stone","Happy Flower"],"potions_floor_usage":[8,11,16,29,29,29,42,45],"damage_taken":[{"damage":7,"enemies":"Small Slimes","floor":1,"turns":3},{"damage":0,"enemies":"Cultist","floor":3,"turns":3},{"damage":11,"enemies":"Jaw Worm","floor":5,"turns":2},{"damage":17,"enemies":"Large Slime","floor":6,"turns":5},{"damage":13,"enemies":"3 Louse","floor":7,"turns":3},{"damage":0,"enemies":"Exordium Wildlife","floor":8,"turns":1},{"damage":0,"enemies":"Blue Slaver","floor":11,"turns":1},{"damage":12,"enemies":"Looter","floor":12,"turns":3},{"damage":2,"enemies":"3 Louse","floor":13,"turns":2},{"damage":35,"enemies":"Slime Boss","floor":16,"turns":10},{"damage":3,"enemies":"Chosen","floor":18,"turns":4},{"damage":18,"enemies":"2 Thieves","floor":21,"turns":3},{"damage":9,"enemies":"Snake Plant","floor":28,"turns":3},{"damage":45,"enemies":"Slavers","floor":29,"turns":5},{"damage":0,"enemies":"Sentry and Sphere","floor":30,"turns":3},{"damage":11,"enemies":"Shelled Parasite and Fungi","floor":31,"turns":3},{"damage":27,"enemies":"Collector","floor":33,"turns":7},{"damage":21,"enemies":"Orb Walker","floor":35,"turns":4},{"damage":19,"enemies":"3 Darklings","floor":37,"turns":3},{"damage":20,"enemies":"Sphere and 2 Shapes","floor":41,"turns":3},{"damage":13,"enemies":"Transient","floor":42,"turns":5},{"damage":14,"enemies":"Spire Growth","floor":45,"turns":5},{"damage":41,"enemies":"Nemesis","floor":46,"turns":4}],"seed_played":"6704489633845254429","potions_obtained":[{"floor":1,"key":"EssenceOfSteel"},{"floor":6,"key":"Explosive Potion"},{"floor":7,"key":"EssenceOfSteel"},{"floor":8,"key":"AttackPotion"},{"floor":12,"key":"Ancient Potion"},{"floor":16,"key":"Fruit Juice"},{"floor":28,"key":"PowerPotion"},{"floor":33,"key":"FearPotion"},{"floor":37,"key":"Strength Potion"},{"floor":41,"key":"SpeedPotion"},{"floor":42,"key":"Ancient Potion"}],"is_trial":false,"path_per_floor":["M","?","M","?","M","M","M","M","T","T","M","M","M","$","R","B",null,"M","?","$","M","?","R","?","R","T","R","M","E","M","M","R","B",null,"M","?","M","?","T","R","M","M","T","R","M","E"],"character_chosen":"DEFECT","items_purchased":["Reboot","DataDisk","Apotheosis"],"campfire_rested":3,"item_purchase_floors":[14,14,20],"current_hp_per_floor":[61,61,61,61,50,40,34,34,34,34,41,36,41,41,61,38,73,73,73,73,65,65,65,65,65,65,65,56,21,31,20,41,24,73,62,53,44,44,44,44,24,18,18,39,32,0],"gold":296,"neow_bonus":"REMOVE_TWO","is_prod":false,"is_daily":false,"chose_seed":false,"campfire_upgraded":4,"win_rate":0,"timestamp":1543603457,"path_taken":["M","?","?","?","?","M","M","?","T","?","M","M","M","$","R","BOSS","M","?","$","M","?","R","?","R","T","R","M","E","M","?","R","BOSS","M","?","M","?","?","R","M","M","T","R","M","E"],"build_version":"2018-11-15","purchased_purges":1,"victory":false,"max_hp_per_floor":[68,68,68,68,68,68,68,68,68,68,68,68,68,68,68,73,73,73,73,73,73,73,73,73,73,73,73,73,73,73,73,73,73,73,73,73,73,73,73,73,73,73,73,73,73,73],"card_choices":[{"not_picked":["FTL","Coolheaded"],"picked":"Conserve Battery","floor":1},{"not_picked":["Streamline","Defragment"],"picked":"Melter","floor":3},{"not_picked":["Chill","Stack"],"picked":"Self Repair","floor":5},{"not_picked":["Stack","Rebound"],"picked":"Melter","floor":6},{"not_picked":["Doom and Gloom","Gash","Genetic Algorithm"],"picked":"SKIP","floor":7},{"not_picked":["Coolheaded","Stack"],"picked":"Leap","floor":8},{"not_picked":["Stack","Leap"],"picked":"Rebound","floor":11},{"not_picked":["Storm","Multi-Cast"],"picked":"Skim","floor":12},{"not_picked":["Rebound","Cold Snap"],"picked":"Beam Cell","floor":13},{"not_picked":["Machine Learning","Electrodynamics"],"picked":"Creative AI","floor":16},{"not_picked":["Hologram","Glacier"],"picked":"Ball Lightning","floor":18},{"not_picked":["Doom and Gloom","FTL"],"picked":"White Noise","floor":21},{"not_picked":["Chill","Turbo"],"picked":"Conserve Battery+1","floor":28},{"not_picked":["Hologram+1","Stack"],"picked":"Force Field+1","floor":29},{"not_picked":["Reinforced Body+1","Turbo+1"],"picked":"Sunder+1","floor":30},{"not_picked":["Redo","Chaos"],"picked":"Sweeping Beam+1","floor":31},{"not_picked":["Buffer","Seek"],"picked":"Electrodynamics","floor":33},{"not_picked":["Coolheaded+1","Recycle"],"picked":"Beam Cell+1","floor":35},{"not_picked":["Hologram","Scrape+1"],"picked":"Rebound+1","floor":37},{"not_picked":["Leap","Sweeping Beam+1","Rip and Tear+1"],"picked":"SKIP","floor":41},{"not_picked":["Force Field","Conserve Battery"],"picked":"Coolheaded+1","floor":42},{"not_picked":["Gash+1","Stack","Conserve Battery"],"picked":"SKIP","floor":45}],"player_experience":306836,"relics_obtained":[{"floor":9,"key":"Bottled Lightning"},{"floor":10,"key":"Bag of Marbles"},{"floor":26,"key":"Molten Egg 2"},{"floor":29,"key":"Omamori"},{"floor":43,"key":"Happy Flower"}],"event_choices":[{"cards_removed":["Defend_B"],"damage_healed":0,"gold_gain":0,"player_choice":"Offered Basic","damage_taken":0,"max_hp_gain":0,"max_hp_loss":0,"event_name":"Bonfire Elementals","floor":2,"gold_loss":0},{"damage_healed":0,"gold_gain":275,"player_choice":"Desecrate","damage_taken":0,"max_hp_gain":0,"max_hp_loss":0,"event_name":"Golden Shrine","floor":4,"gold_loss":0,"cards_obtained":["Regret"]},{"damage_healed":0,"gold_gain":0,"cards_transformed":["Strike_B","Defend_B"],"player_choice":"Became Test Subject","damage_taken":0,"max_hp_gain":0,"max_hp_loss":0,"event_name":"Drug Dealer","floor":19,"gold_loss":0,"cards_obtained":["Creative AI","Force Field"]},{"damage_healed":0,"gold_gain":0,"player_choice":"Ignored","damage_taken":0,"max_hp_gain":0,"max_hp_loss":0,"event_name":"Ghosts","floor":22,"gold_loss":0},{"cards_removed":["Strike_B"],"damage_healed":0,"gold_gain":0,"player_choice":"Gave Gold","damage_taken":0,"max_hp_gain":0,"max_hp_loss":0,"event_name":"Beggar","floor":24,"gold_loss":75},{"damage_healed":0,"gold_gain":0,"player_choice":"Embrace Madness","damage_taken":9,"max_hp_gain":0,"max_hp_loss":0,"event_name":"Winding Halls","floor":36,"gold_loss":0,"cards_obtained":["Madness","Madness"]},{"damage_healed":0,"gold_gain":0,"player_choice":"Ignored","damage_taken":0,"max_hp_gain":0,"max_hp_loss":0,"event_name":"Tomb of Lord Red Mask","floor":38,"gold_loss":0}],"is_beta":true,"boss_relics":[{"not_picked":["Inserter","Sozu"],"picked":"Nuclear Battery"},{"not_picked":["Cursed Key","Tiny House"],"picked":"Philosopher\u0027s Stone"}],"items_purged_floors":[14],"is_endless":false,"potions_floor_spawned":[1,6,7,8,12,16,28,33,37,41,42],"killed_by":"Nemesis","ascension_level":0}