{"gold_per_floor":[111,127,137,107,125,125,141,13,13,13,41,55,66,89,89,184,184,197,197,209,229,241,241],"floor_reached":23,"playtime":1026,"items_purged":["Strike_G"],"score":222,"play_id":"cc411c8f-b2e8-4f4f-a43a-3201d468663a","local_time":"20190214172225","is_ascension_mode":false,"campfire_choices":[{"data":"Neutralize","floor":6,"key":"SMITH"},{"data":"Leg Sweep","floor":10,"key":"SMITH"},{"data":"Dash","floor":15,"key":"SMITH"}],"neow_cost":"NONE","seed_source_timestamp":26481917473627,"circlet_count":0,"master_deck":["Defend_G","Defend_G","Defend_G","Defend_G","Defend_G","Strike_G","Strike_G","Strike_G","Strike_G","Survivor","Neutralize+1","Poisoned Stab","Cloak And Dagger","Leg Sweep+1","Unload","Dagger Throw","Backflip","Dash+1","Footwork","Masterful Stab","Poisoned Stab","Die Die Die","Deadly Poison","Well Laid Plans","Caltrops"],"relics":["Ring of the Snake","Blood Vial","Pear","Orichalcum","Odd Mushroom","WristBlade"],"potions_floor_usage":[5,11,23],"damage_taken":[{"damage":1,"enemies":"Cultist","floor":1,"turns":4},{"damage":0,"enemies":"Small Slimes","floor":2,"turns":3},{"damage":0,"enemies":"2 Louse","floor":3,"turns":3},{"damage":0,"enemies":"Looter","floor":4,"turns":4},{"damage":0,"enemies":"Gremlin Gang","floor":5,"turns":3},{"damage":3,"enemies":"Red Slaver","floor":7,"turns":4},{"damage":9,"enemies":"3 Sentries","floor":11,"turns":12},{"damage":0,"enemies":"Blue Slaver","floor":12,"turns":3},{"damage":2,"enemies":"Looter","floor":13,"turns":3},{"damage":5,"enemies":"The Mushroom Lair","floor":14,"turns":5},{"damage":25,"enemies":"Hexaghost","floor":16,"turns":13},{"damage":2,"enemies":"Chosen","floor":18,"turns":4},{"damage":16,"enemies":"Spheric Guardian","floor":20,"turns":4},{"damage":18,"enemies":"Snake Plant","floor":21,"turns":5},{"damage":5,"enemies":"Shelled Parasite and Fungi","floor":22,"turns":7},{"damage":34,"enemies":"Slavers","floor":23,"turns":3}],"seed_played":"-8524561736355294383","potions_obtained":[{"floor":1,"key":"PowerPotion"},{"floor":3,"key":"Explosive Potion"},{"floor":5,"key":"Energy Potion"},{"floor":7,"key":"PowerPotion"},{"floor":13,"key":"GamblersBrew"},{"floor":14,"key":"Dexterity Potion"}],"is_trial":false,"path_per_floor":["M","M","M","M","M","R","M","$","T","R","E","M","M","?","R","B",null,"M","?","M","M","M","E"],"character_chosen":"THE_SILENT","items_purchased":["Backflip"],"campfire_rested":0,"item_purchase_floors":[8],"current_hp_per_floor":[69,70,70,70,70,70,67,67,77,77,70,72,72,69,69,46,80,78,63,49,33,30,0],"gold":241,"neow_bonus":"RANDOM_COMMON_RELIC","is_prod":false,"is_daily":false,"chose_seed":false,"campfire_upgraded":3,"win_rate":0,"timestamp":1550132545,"path_taken":["M","M","M","M","M","R","M","$","T","R","E","M","?","?","R","BOSS","M","?","M","M","M","E"],"build_version":"2019-01-23","purchased_purges":1,"victory":false,"max_hp_per_floor":[70,70,70,70,70,70,70,70,80,80,80,80,80,80,80,80,80,80,85,85,85,85,85],"card_choices":[{"not_picked":["Tactician","Concentrate"],"picked":"Poisoned Stab","floor":1},{"not_picked":["Endless Agony","Slice"],"picked":"Cloak And Dagger","floor":2},{"not_picked":["Skewer","Sucker Punch","Outmaneuver"],"picked":"SKIP","floor":3},{"not_picked":["Skewer","Blade Dance"],"picked":"Leg Sweep","floor":4},{"not_picked":["Quick Slash","Blade Dance"],"picked":"Unload","floor":5},{"not_picked":["Poisoned Stab","Concentrate"],"picked":"Dagger Throw","floor":7},{"not_picked":["Dagger Spray","Bane"],"picked":"Dash","floor":11},{"not_picked":["Underhanded Strike","Eviscerate"],"picked":"Footwork","floor":12},{"not_picked":["Dagger Throw","Choke"],"picked":"Masterful Stab","floor":13},{"not_picked":["Accuracy","Reflex"],"picked":"Poisoned Stab","floor":14},{"not_picked":["Doppelganger","Tools of the Trade"],"picked":"Die Die Die","floor":16},{"not_picked":["Dash+1","PiercingWail"],"picked":"Deadly Poison","floor":18},{"not_picked":["Heel Hook","Infinite Blades+1"],"picked":"Well Laid Plans","floor":20},{"not_picked":["Bane","Acrobatics","Leg Sweep"],"picked":"SKIP","floor":21},{"not_picked":["Riddle With Holes+1","Flying Knee"],"picked":"Caltrops","floor":22}],"player_experience":244161,"relics_obtained":[{"floor":9,"key":"Pear"},{"floor":11,"key":"Orichalcum"},{"floor":14,"key":"Odd Mushroom"}],"event_choices":[{"damage_healed":0,"gold_gain":0,"player_choice":"Fought Mushrooms","damage_taken":0,"max_hp_gain":0,"max_hp_loss":0,"event_name":"Mushrooms","floor":14,"gold_loss":0},{"damage_healed":0,"gold_gain":0,"player_choice":"Shed Blood","damage_taken":20,"max_hp_gain":5,"max_hp_loss":0,"event_name":"Forgotten Altar","floor":19,"gold_loss":0}],"is_beta":false,"boss_relics":[{"not_picked":["Velvet Choker","Runic Dome"],"picked":"WristBlade"}],"items_purged_floors":[8],"is_endless":false,"potions_floor_spawned":[1,3,5,7,13,14,20,22],"killed_by":"Slavers","ascension_level":0}