{"path_per_floor":["M","M","?","M","$","R","M","R","T","M","?","T","M","E","R","B",null,"M","$","?","M","M","R","M","R","T","M","$","R","M","M","R","B",null,"M","M","?","?","M","R","?","R","T","M","$","?","M","M","R","B"],"character_chosen":"THE_SILENT","items_purchased":["Escape Plan","Catalyst"],"gold_per_floor":[115,131,81,92,17,17,35,35,103,118,118,141,156,184,184,280,280,298,174,89,100,116,116,130,130,130,148,98,98,112,132,132,229,229,245,261,241,0,14,14,14,14,37,56,20,20,33,52,52,52],"floor_reached":51,"campfire_rested":0,"playtime":5024,"current_hp_per_floor":[70,70,70,70,70,70,70,70,70,70,56,56,56,41,41,16,70,59,59,59,46,51,51,41,41,41,41,41,41,41,41,41,7,70,70,70,70,70,70,70,70,70,70,70,70,70,70,70,70,70],"items_purged":["Strike_G","Normality","Injury"],"gold":52,"play_id":"1f09784f-204a-48e4-b1ff-1484c8be76f3","is_prod":false,"is_daily":false,"is_ascension_mode":false,"campfire_upgraded":3,"path_taken":["M","M","?","M","$","R","M","R","T","M","?","?","M","E","R","BOSS","M","$","?","M","M","R","M","R","T","M","$","R","M","M","R","BOSS","M","M","?","?","M","R","?","R","T","M","$","?","M","M","R","BOSS"],"build_version":"2018-01-30-BETA2","purchased_purges":4,"victory":true,"master_deck":["Defend_G","Defend_G","Survivor+1","Neutralize+1","After Image+1","Backstab+1","Quick Slash+1","PiercingWail+1","Poisoned Stab+1","Deadly Poison+1","Doppelganger+1","Backflip+1","Escape Plan+1","Deflect+1","Escape Plan+1","Prepared+1","Bouncing Flask+1","Venomology+1","Blur+1","Dodge and Roll+1","Malaise+1","Catalyst+1","Bane+1"],"max_hp_per_floor":[70,70,70,70,70,70,70,70,70,70,70,70,70,70,70,70,70,70,70,70,70,70,70,70,70,70,70,70,70,70,70,70,70,70,70,70,70,70,70,70,70,70,70,70,70,70,70,70,70,70],"relics":["Ring of the Snake","Peace Pipe","Toxic Egg 2","Whetstone","Blue Candle","Calling Bell","Vajra","Bag of Marbles","Smiling Mask","Orichalcum","Dodecahedron","Lizard Tail","Red Mask","Prayer Wheel"],"card_choices":[{"not_picked":["Dodge and Roll","Quick Slash"],"picked":"After Image"},{"not_picked":["Deadly Poison","Deflect"],"picked":"Backstab"},{"not_picked":["Adrenaline","Heel Hook"],"picked":"Quick Slash"},{"not_picked":["Dash","Riddle With Holes"],"picked":"PiercingWail"},{"not_picked":["PiercingWail","Heel Hook"],"picked":"Poisoned Stab"},{"not_picked":["Corpse Explosion","Infinite Blades"],"picked":"Deadly Poison"},{"not_picked":["After Image","Wraith Form"],"picked":"Doppelganger"},{"not_picked":["Underhanded Strike","Terror"],"picked":"Backflip"},{"not_picked":["Prepared","Bane"],"picked":"Deflect"},{"not_picked":["Outmaneuver","Underhanded Strike"],"picked":"Escape Plan"},{"not_picked":["Bane","Endless Agony"],"picked":"Prepared"},{"not_picked":["Slice","PiercingWail"],"picked":"Bouncing Flask"},{"not_picked":["Bullet Time","Burst"],"picked":"Venomology"},{"not_picked":["Skewer","Backflip"],"picked":"Blur"},{"not_picked":["Acrobatics","Sucker Punch"],"picked":"Dodge and Roll"},{"not_picked":["All Out Attack","Dagger Throw"],"picked":"Malaise"},{"not_picked":["Finisher","Glass Knife"],"picked":"Bane"}],"player_experience":47197,"potions_floor_usage":[4,7,14,16,22,31,33,33,36,39,39,44,44,47,48,48,50,50],"damage_taken":[{"damage":0,"enemies":"2 Louse","floor":1,"turns":3},{"damage":0,"enemies":"Small Slimes","floor":2,"turns":5},{"damage":0,"enemies":"Jaw Worm","floor":4,"turns":6},{"damage":0,"enemies":"Large Slime","floor":7,"turns":5},{"damage":0,"enemies":"Looter","floor":10,"turns":3},{"damage":0,"enemies":"Exordium Wildlife","floor":13,"turns":4},{"damage":15,"enemies":"Gremlin Nob","floor":14,"turns":4},{"damage":25,"enemies":"Hexaghost","floor":16,"turns":10},{"damage":11,"enemies":"Spheric Guardian","floor":18,"turns":6},{"damage":13,"enemies":"Chosen","floor":21,"turns":7},{"damage":10,"enemies":"3 Cultists","floor":22,"turns":7},{"damage":10,"enemies":"Sentry and Sphere","floor":24,"turns":5},{"damage":0,"enemies":"Centurion and Healer","floor":27,"turns":8},{"damage":0,"enemies":"Snake Plant","floor":30,"turns":3},{"damage":0,"enemies":"Slaver and Parasite","floor":31,"turns":8},{"damage":34,"enemies":"Collector","floor":33,"turns":12},{"damage":0,"enemies":"Orb Walker","floor":35,"turns":3},{"damage":0,"enemies":"3 Shapes","floor":36,"turns":5},{"damage":0,"enemies":"Maw","floor":39,"turns":8},{"damage":0,"enemies":"3 Darklings","floor":44,"turns":5},{"damage":0,"enemies":"4 Shapes","floor":47,"turns":7},{"damage":0,"enemies":"Maw","floor":48,"turns":6},{"damage":0,"enemies":"Awakened One","floor":50,"turns":21}],"event_choices":[{"event_name":"The Cleric","player_choice":"Card Removal","floor":3,"damage_taken":0},{"event_name":"Shining Light","player_choice":"Entered Light","floor":11,"damage_taken":0},{"event_name":"Addict","player_choice":"Obtained Relic","floor":20,"damage_taken":0},{"event_name":"The Woman in Blue","player_choice":"Bought 1 Potion","floor":37,"damage_taken":0},{"event_name":"Tomb of Lord Red Mask","player_choice":"Paid","floor":38,"damage_taken":0},{"event_name":"Mysterious Sphere","player_choice":"Ignore","floor":46,"damage_taken":0}],"boss_relics":[{"not_picked":["Cursed Key","Black Star"],"picked":"Calling Bell"},{"not_picked":["White Beast Statue","Eternal Feather"],"picked":"Lizard Tail"}],"potions_floor_spawned":[2,4,10,14,21,24,27,30,35,44,47],"seed_played":"-7995079663688563632","ascension_level":0,"is_trial":false}