{"gold_per_floor":[115,115,134,152,162,162,39,39,39,39,54,54,74,92,92,194,244,264,164,174,122,47,82,82,181,181,199,231,231,231,245,245,344,344,364,379,170,270,282,282],"floor_reached":40,"playtime":9220,"items_purged":["Strike_G","Defend_G","Defend_G"],"score":418,"play_id":"c1a629a1-ce49-4bff-8b48-e02033581227","local_time":"20190820155927","is_ascension_mode":false,"campfire_choices":[{"data":"Blur","floor":6.0,"key":"SMITH"},{"data":"Blade Dance","floor":8.0,"key":"SMITH"},{"data":"Cloak And Dagger","floor":12.0,"key":"SMITH"},{"data":"After Image","floor":15.0,"key":"SMITH"},{"data":"A Thousand Cuts","floor":24.0,"key":"SMITH"},{"data":"Backflip","floor":29.0,"key":"SMITH"},{"data":"Neutralize","floor":32.0,"key":"SMITH"}],"neow_cost":"NONE","seed_source_timestamp":360283873438700,"circlet_count":0,"master_deck":["Strike_G+1","Strike_G+1","Defend_G","Defend_G","Defend_G","Survivor","Neutralize+1","Cloak And Dagger+1","Blur+1","Blade Dance+1","After Image+1","Flying Knee","PiercingWail+1","A Thousand Cuts+1","Poisoned Stab","Deadly Poison","Footwork+1","Backflip+1","Decay","Slice+1","Envenom","Footwork","Backflip","Deadly Poison","Deflect+1"],"special_seed":0,"relics":["Ring of the Snake","Anchor","Tiny House","Blue Candle","Pantograph","Dead Branch","Sozu","Calipers"],"potions_floor_usage":[],"damage_taken":[{"damage":3.0,"enemies":"Jaw Worm","floor":1.0,"turns":5.0},{"damage":0.0,"enemies":"2 Louse","floor":3.0,"turns":3.0},{"damage":0.0,"enemies":"Small Slimes","floor":4.0,"turns":4.0},{"damage":1.0,"enemies":"2 Fungi Beasts","floor":5.0,"turns":5.0},{"damage":0.0,"enemies":"Looter","floor":11.0,"turns":3.0},{"damage":0.0,"enemies":"Gremlin Gang","floor":13.0,"turns":3.0},{"damage":0.0,"enemies":"Blue Slaver","floor":14.0,"turns":3.0},{"damage":44.0,"enemies":"Hexaghost","floor":16.0,"turns":18.0},{"damage":0.0,"enemies":"3 Byrds","floor":18.0,"turns":7.0},{"damage":17.0,"enemies":"Chosen","floor":20.0,"turns":6.0},{"damage":2.0,"enemies":"Gremlin Leader","floor":23.0,"turns":8.0},{"damage":0.0,"enemies":"Snecko","floor":27.0,"turns":6.0},{"damage":30.0,"enemies":"Book of Stabbing","floor":28.0,"turns":8.0},{"damage":1.0,"enemies":"Cultist and Chosen","floor":31.0,"turns":6.0},{"damage":33.0,"enemies":"Collector","floor":33.0,"turns":12.0},{"damage":19.0,"enemies":"3 Darklings","floor":35.0,"turns":6.0},{"damage":3.0,"enemies":"Orb Walker","floor":36.0,"turns":5.0},{"damage":1.0,"enemies":"Mind Bloom Boss Battle","floor":38.0,"turns":5.0},{"damage":16.0,"enemies":"3 Darklings","floor":39.0,"turns":6.0},{"damage":60,"enemies":"Reptomancer","floor":40,"turns":9}],"seed_played":"-3153794538940333503","potions_obtained":[{"floor":1.0,"key":"Explosive Potion"},{"floor":13.0,"key":"GamblersBrew"},{"floor":14.0,"key":"Poison Potion"},{"floor":16.0,"key":"Energy Potion"},{"floor":17.0,"key":"FearPotion"},{"floor":18.0,"key":"SkillPotion"}],"is_trial":false,"path_per_floor":["M","?","M","M","M","R","$","R","T","?","M","R","M","M","R","B",null,"M","$","M","$","?","E","R","?","T","M","E","R","?","M","R","B",null,"M","M","$","?","M","E"],"character_chosen":"THE_SILENT","items_purchased":["Flying Knee","Deadly Poison","Footwork","Backflip"],"campfire_rested":0,"item_purchase_floors":[7,21,37,37],"current_hp_per_floor":[67,53,53,53,52,52,52,52,52,52,52,52,52,52,52,8,75,75,75,58,58,58,56,56,56,56,56,26,26,26,25,25,17,75,56,53,53,74,58,0],"gold":282,"neow_bonus":"REMOVE_CARD","is_prod":false,"is_daily":false,"chose_seed":false,"campfire_upgraded":7,"win_rate":0,"timestamp":1566284367,"path_taken":["M","?","M","M","M","R","$","R","T","?","M","R","M","M","R","BOSS","M","$","M","$","?","E","R","?","T","M","E","R","?","M","R","BOSS","M","M","$","?","M","E"],"build_version":"2019-07-17","purchased_purges":3,"victory":false,"max_hp_per_floor":[70,70,70,70,70,70,70,70,70,70,70,70,70,70,70,70,75,75,75,75,75,75,75,75,75,75,75,75,75,75,75,75,75,75,75,75,75,75,75,75],"card_choices":[{"not_picked":["All Out Attack","Dash"],"picked":"Cloak And Dagger","floor":1.0},{"not_picked":["Dash","Deflect"],"picked":"Blur","floor":3.0},{"not_picked":["Sucker Punch","Dodge and Roll"],"picked":"Blade Dance","floor":4.0},{"not_picked":["Dodge and Roll","Deflect"],"picked":"After Image","floor":5.0},{"not_picked":["Cloak And Dagger","Quick Slash"],"picked":"PiercingWail","floor":11.0},{"not_picked":["Flying Knee","Prepared","Tools of the Trade"],"picked":"SKIP","floor":13.0},{"not_picked":["Prepared","Flying Knee","Acrobatics"],"picked":"SKIP","floor":14.0},{"not_picked":["Adrenaline","Unload"],"picked":"A Thousand Cuts","floor":16.0},{"not_picked":["Concentrate","Skewer"],"picked":"Poisoned Stab","floor":17.0},{"not_picked":["Sucker Punch","Dagger Throw","Flying Knee"],"picked":"SKIP","floor":18.0},{"not_picked":["Endless Agony","Dodge and Roll","Slice"],"picked":"SKIP","floor":20.0},{"not_picked":["Prepared+1","Escape Plan"],"picked":"Footwork+1","floor":23.0},{"not_picked":["Underhanded Strike","Bane","Dagger Throw"],"picked":"SKIP","floor":27.0},{"not_picked":["Predator","Acrobatics+1"],"picked":"Backflip","floor":28.0},{"not_picked":["Escape Plan","Doppelganger"],"picked":"Slice+1","floor":31.0},{"not_picked":["Tools of the Trade","Venomology"],"picked":"Envenom","floor":33.0},{"not_picked":["Dagger Spray","Expertise","Poisoned Stab"],"picked":"SKIP","floor":35.0},{"not_picked":["Prepared+1","Quick Slash+1","Tactician"],"picked":"SKIP","floor":36.0},{"not_picked":["Slice","Setup+1"],"picked":"Deadly Poison","floor":38.0},{"not_picked":["Acrobatics+1","Eviscerate"],"picked":"Deflect+1","floor":39.0}],"player_experience":270456,"relics_obtained":[{"floor":9.0,"key":"Anchor"},{"floor":23.0,"key":"Blue Candle"},{"floor":26.0,"key":"Pantograph"},{"floor":28.0,"key":"Dead Branch"},{"floor":38.0,"key":"Calipers"}],"event_choices":[{"damage_healed":0.0,"max_hp_gain":0.0,"max_hp_loss":0.0,"gold_gain":0.0,"event_name":"Shining Light","player_choice":"Entered Light","floor":2.0,"gold_loss":0.0,"damage_taken":14.0,"cards_upgraded":["Strike_G","Strike_G"]},{"damage_healed":0.0,"max_hp_gain":0.0,"max_hp_loss":0.0,"gold_gain":0.0,"event_name":"Liars Game","player_choice":"Ignored","floor":10.0,"gold_loss":0.0,"damage_taken":0.0},{"cards_removed":["Strike_G"],"damage_healed":0.0,"max_hp_gain":0.0,"max_hp_loss":0.0,"gold_gain":0.0,"event_name":"Beggar","player_choice":"Gave Gold","floor":22.0,"gold_loss":75.0,"damage_taken":0.0},{"damage_healed":0.0,"max_hp_gain":0.0,"max_hp_loss":0.0,"gold_gain":99.0,"event_name":"Nest","player_choice":"Stole From Cult","floor":25.0,"gold_loss":0.0,"damage_taken":0.0},{"damage_healed":0.0,"max_hp_gain":0.0,"max_hp_loss":0.0,"gold_gain":0.0,"event_name":"Forgotten Altar","player_choice":"Smashed Altar","floor":30.0,"gold_loss":0.0,"damage_taken":0.0,"cards_obtained":["Decay"]},{"damage_healed":0.0,"max_hp_gain":0.0,"max_hp_loss":0.0,"gold_gain":0.0,"event_name":"MindBloom","player_choice":"Fight","floor":38.0,"gold_loss":0.0,"damage_taken":0.0}],"is_beta":false,"boss_relics":[{"not_picked":["Fusion Hammer","Pandora\u0027s Box"],"picked":"Tiny House"},{"not_picked":["Astrolabe","Ring of the Serpent"],"picked":"Sozu"}],"items_purged_floors":[7,19,37],"is_endless":false,"potions_floor_spawned":[1,13,14,16,18,35,38],"killed_by":"Reptomancer","ascension_level":0}