{"gold_per_floor":[117,130,130,130,130,157,520,520],"floor_reached":8,"playtime":277,"items_purged":[],"score":65,"play_id":"26f7c6d6-51a8-446a-a8d6-0cef86022768","local_time":"20190201214142","is_ascension_mode":true,"campfire_choices":[],"neow_cost":"NONE","seed_source_timestamp":746350711152035,"circlet_count":0,"master_deck":["Strike_B","Strike_B","Strike_B","Defend_B","Defend_B","Defend_B","Defend_B","Zap","Dualcast","Sweeping Beam","Heatsinks","Self Repair","Rebound"],"relics":["Cracked Core","Blood Vial","Torii","Old Coin"],"potions_floor_usage":[8],"damage_taken":[{"damage":13,"enemies":"Jaw Worm","floor":1,"turns":4},{"damage":1,"enemies":"2 Louse","floor":2,"turns":2},{"damage":35,"enemies":"3 Sentries","floor":6,"turns":6},{"damage":33,"enemies":"3 Sentries","floor":7,"turns":8},{"damage":0,"enemies":"Gremlin Nob","floor":8,"turns":2}],"seed_played":"8606795148325965969","potions_obtained":[{"floor":2,"key":"FearPotion"}],"is_trial":false,"path_per_floor":["M","M","?","?","?","E","?","E"],"character_chosen":"DEFECT","items_purchased":[],"campfire_rested":0,"item_purchase_floors":[],"current_hp_per_floor":[62,63,68,68,68,35,11,13],"gold":520,"neow_bonus":"RANDOM_COMMON_RELIC","is_prod":false,"is_daily":false,"chose_seed":false,"campfire_upgraded":0,"win_rate":0,"timestamp":1549078902,"path_taken":["M","M","?","?","?","E","?","E"],"build_version":"2019-01-23","purchased_purges":0,"victory":false,"max_hp_per_floor":[75,75,80,80,80,80,80,80],"card_choices":[{"not_picked":["Streamline","Steam"],"picked":"Sweeping Beam","floor":1},{"not_picked":["Streamline","Stack"],"picked":"Heatsinks","floor":2},{"not_picked":["Turbo","Ball Lightning"],"picked":"Self Repair","floor":6},{"not_picked":["Barrage","Hologram"],"picked":"Rebound","floor":7}],"player_experience":420738,"relics_obtained":[{"floor":6,"key":"Torii"},{"floor":7,"key":"Old Coin"}],"event_choices":[{"damage_healed":0,"gold_gain":0,"player_choice":"Donut","damage_taken":0,"max_hp_gain":5,"max_hp_loss":0,"event_name":"Big Fish","floor":3,"gold_loss":0},{"cards_removed":["Strike_B"],"damage_healed":0,"gold_gain":0,"player_choice":"Forget","damage_taken":0,"max_hp_gain":0,"max_hp_loss":0,"event_name":"Living Wall","floor":4,"gold_loss":0},{"damage_healed":0,"gold_gain":0,"player_choice":"Ignored","damage_taken":0,"max_hp_gain":0,"max_hp_loss":0,"event_name":"Liars Game","floor":5,"gold_loss":0},{"damage_healed":0,"gold_gain":30,"player_choice":"Searched \u00272\u0027 times","damage_taken":0,"max_hp_gain":0,"max_hp_loss":0,"event_name":"Dead Adventurer","floor":7,"gold_loss":0}],"is_beta":true,"boss_relics":[],"items_purged_floors":[],"is_endless":false,"potions_floor_spawned":[2],"killed_by":"Gremlin Nob","ascension_level":4}