{"gold_per_floor":[114,114,126,144,69,103,54,54,54,64,64,77,26,26],"floor_reached":14,"playtime":477,"items_purged":["Strike_R"],"score":122,"play_id":"119104af-a608-4318-a274-35aaee1baefb","local_time":"20190720090957","is_ascension_mode":true,"campfire_choices":[{"floor":8,"key":"REST"}],"neow_cost":"NONE","seed_source_timestamp":1159673009495,"circlet_count":0,"master_deck":["Strike_R","Strike_R","Defend_R","Defend_R","Defend_R","Defend_R","Bash","Pommel Strike","Battle Trance","Spot Weakness","Shockwave","Impervious","Cleave"],"relics":["Burning Blood","Mercury Hourglass","Potion Belt"],"potions_floor_usage":[6,10,12,14],"damage_taken":[{"damage":12,"enemies":"Small Slimes","floor":1,"turns":4},{"damage":10,"enemies":"Cultist","floor":3,"turns":5},{"damage":3,"enemies":"2 Louse","floor":4,"turns":3},{"damage":50,"enemies":"Lagavulin","floor":6,"turns":7},{"damage":23,"enemies":"Large Slime","floor":10,"turns":6},{"damage":11,"enemies":"Exordium Thugs","floor":12,"turns":4},{"damage":30,"enemies":"3 Sentries","floor":14,"turns":3}],"seed_played":"2605981764320365179","potions_obtained":[{"floor":3,"key":"Poison Potion"},{"floor":10,"key":"Block Potion"},{"floor":12,"key":"GamblersBrew"}],"is_trial":false,"path_per_floor":["M","?","M","M","$","E","$","R","T","M","$","M","$","E"],"character_chosen":"IRONCLAD","items_purchased":["Explosive Potion","Block Potion"],"campfire_rested":1,"item_purchase_floors":[7,13],"current_hp_per_floor":[66,66,62,65,65,21,21,45,45,28,28,23,23,0],"gold":26,"neow_bonus":"REMOVE_CARD","is_prod":false,"is_daily":false,"chose_seed":false,"campfire_upgraded":0,"win_rate":0,"timestamp":1563628197,"path_taken":["M","?","M","M","$","E","$","R","T","M","?","?","$","E"],"build_version":"2019-07-17","purchased_purges":1,"victory":false,"max_hp_per_floor":[80,80,80,80,80,80,80,80,80,80,80,80,80,80],"card_choices":[{"not_picked":["Sever Soul","Bloodletting"],"picked":"Pommel Strike","floor":1},{"not_picked":["Havoc","Armaments"],"picked":"Spot Weakness","floor":3},{"not_picked":["Clash","Warcry"],"picked":"Shockwave","floor":4},{"not_picked":["Wild Strike","Twin Strike"],"picked":"Impervious","floor":6},{"not_picked":["Shockwave","Power Through"],"picked":"Cleave","floor":10},{"not_picked":["Entrench","Clash","Cleave"],"picked":"SKIP","floor":12}],"player_experience":303764,"relics_obtained":[{"floor":6,"key":"Mercury Hourglass"},{"floor":9,"key":"Potion Belt"}],"event_choices":[{"damage_healed":0,"gold_gain":0,"cards_transformed":["Strike_R"],"player_choice":"Transformed","damage_taken":0,"max_hp_gain":0,"max_hp_loss":0,"event_name":"Transmorgrifier","floor":2,"gold_loss":0,"cards_obtained":["Battle Trance"]}],"is_beta":false,"boss_relics":[],"items_purged_floors":[5],"is_endless":false,"potions_floor_spawned":[3,10,12],"killed_by":"3 Sentries","ascension_level":7}