{"gold_per_floor":[113,113,124,141,14,69,34,47,70,80,80,113,131,131],"floor_reached":14,"playtime":655,"items_purged":[],"score":102,"play_id":"793386f5-01dc-4537-b6db-50b41e6548b4","local_time":"20190909201650","is_ascension_mode":false,"campfire_choices":[{"data":"Nirvana","floor":11,"key":"SMITH"}],"neow_cost":"NONE","seed_source_timestamp":2857331448300,"circlet_count":0,"master_deck":["Strike_P","Strike_P","Strike_P","Strike_P","Defend_P","Defend_P","Defend_P","Defend_P","Eruption+1","Vigilance","PathToVictory","CarveReality","Sanctity","FearNoEvil","ForeignInfluence","FlyingSleeves","Nirvana+1","FollowUp","Perseverance"],"relics":["PureWater","Tiny Chest","Anchor","Lantern"],"potions_floor_usage":[],"damage_taken":[{"damage":10,"enemies":"2 Louse","floor":1,"turns":3},{"damage":0,"enemies":"Cultist","floor":3,"turns":2},{"damage":9,"enemies":"Jaw Worm","floor":4,"turns":5},{"damage":38,"enemies":"Lagavulin","floor":6,"turns":8},{"damage":0,"enemies":"Large Slime","floor":8,"turns":2},{"damage":0,"enemies":"2 Fungi Beasts","floor":10,"turns":2},{"damage":9,"enemies":"3 Sentries","floor":12,"turns":4},{"damage":16,"enemies":"Red Slaver","floor":13,"turns":2},{"damage":6,"enemies":"Gremlin Gang","floor":14,"turns":2}],"seed_played":"7432337488653800860","potions_obtained":[{"floor":4,"key":"SpeedPotion"},{"floor":6,"key":"Block Potion"},{"floor":10,"key":"StancePotion"}],"is_trial":false,"path_per_floor":["M","?","M","M","$","E","?","M","T","M","R","E","M","M"],"character_chosen":"WATCHER","items_purchased":["FearNoEvil","Weak Potion"],"campfire_rested":0,"item_purchase_floors":[5,5],"current_hp_per_floor":[61,61,61,52,52,14,31,31,31,31,31,22,6,0],"gold":131,"neow_bonus":"TEN_PERCENT_HP_BONUS","is_prod":false,"is_daily":false,"chose_seed":false,"campfire_upgraded":1,"win_rate":0.0,"timestamp":1568074610,"path_taken":["M","?","?","M","?","E","?","M","T","M","R","E","?","M"],"build_version":"2019-09-09v2","purchased_purges":0,"victory":false,"max_hp_per_floor":[71,71,71,71,71,71,71,71,71,71,71,71,71,71],"card_choices":[{"not_picked":["Weave","Crescendo"],"picked":"PathToVictory","floor":1},{"not_picked":["InnerPeace","SandsOfTime"],"picked":"CarveReality","floor":3},{"not_picked":["ClearTheMind","Halt"],"picked":"Sanctity","floor":4},{"not_picked":["ThirdEye","WreathOfFlame"],"picked":"ForeignInfluence","floor":6},{"not_picked":["Consecrate","Crescendo"],"picked":"FlyingSleeves","floor":8},{"not_picked":["ClearTheMind","BowlingBash"],"picked":"Nirvana","floor":10},{"not_picked":["CarveReality","Halt"],"picked":"FollowUp","floor":12},{"not_picked":["SandsOfTime","CrushJoints"],"picked":"Perseverance","floor":13}],"player_experience":363557,"relics_obtained":[{"floor":6,"key":"Tiny Chest"},{"floor":9,"key":"Anchor"},{"floor":12,"key":"Lantern"}],"event_choices":[{"damage_healed":0,"gold_gain":0,"player_choice":"Upgraded","damage_taken":0,"max_hp_gain":0,"max_hp_loss":0,"event_name":"Upgrade Shrine","floor":2,"gold_loss":0,"cards_upgraded":["Eruption"]},{"damage_healed":17,"gold_gain":0,"player_choice":"Healed","damage_taken":0,"max_hp_gain":0,"max_hp_loss":0,"event_name":"The Cleric","floor":7,"gold_loss":35}],"is_beta":true,"boss_relics":[],"items_purged_floors":[],"is_endless":false,"potions_floor_spawned":[4,6,10],"killed_by":"Gremlin Gang","ascension_level":0}