{"gold_per_floor":[119,139,89,103,103,103,119,137,215,215,228,257,277,295,295,390,390,408,144,163,175,175,175,105,105,105,105,105,121,140,55,55,150,150,169,269,49,68,68,68,101,401,401,401,419,435,435,144,144,144],"floor_reached":51,"playtime":1953,"items_purged":["Defend_B","Defend_B","Strike_B"],"score":754,"play_id":"5c2d05f4-98ad-477d-9391-878fa200f8ea","local_time":"20190910221226","is_ascension_mode":false,"campfire_choices":[{"data":"Zap","floor":6,"key":"SMITH"},{"data":"Dualcast","floor":10,"key":"SMITH"},{"data":"Conserve Battery","floor":15,"key":"SMITH"},{"data":"Redo","floor":23,"key":"SMITH"},{"data":"Defragment","floor":25,"key":"SMITH"},{"data":"Lockon","floor":27,"key":"SMITH"},{"data":"White Noise","floor":32,"key":"SMITH"},{"data":"Madness","floor":40,"key":"SMITH"},{"floor":44,"key":"DIG"},{"floor":49,"key":"DIG"}],"neow_cost":"NONE","seed_source_timestamp":0,"circlet_count":0,"master_deck":["Defend_B+1","Zap+1","Dualcast+1","Cold Snap","Ball Lightning","Gash","Ball Lightning","Lockon+1","Leap","Conserve Battery+1","All For One","Redo+1","Core Surge","Defragment+1","FTL","Glacier","White Noise+1","All For One","Hologram+1","Gash+1","Madness","Madness+1","Go for the Eyes+1","Redo+1","Steam","Heatsinks"],"special_seed":0,"relics":["Cracked Core","Mercury Hourglass","Nunchaku","Nuclear Battery","Membership Card","Blood Vial","War Paint","Empty Cage","Bird Faced Urn","Mummified Hand","Toy Ornithopter","Shovel","Dead Branch","Medical Kit","Pocketwatch","Mango"],"potions_floor_usage":[12,16,20,35,50,50],"damage_taken":[{"damage":0.0,"enemies":"Small Slimes","floor":1.0,"turns":2.0},{"damage":4,"enemies":"Jaw Worm","floor":2,"turns":4},{"damage":0,"enemies":"Cultist","floor":4,"turns":3},{"damage":0,"enemies":"Looter","floor":7,"turns":3},{"damage":0,"enemies":"Blue Slaver","floor":8,"turns":2},{"damage":2,"enemies":"2 Fungi Beasts","floor":11,"turns":2},{"damage":11,"enemies":"Lagavulin","floor":12,"turns":3},{"damage":1,"enemies":"3 Louse","floor":13,"turns":2},{"damage":0,"enemies":"Large Slime","floor":14,"turns":3},{"damage":7,"enemies":"The Guardian","floor":16,"turns":8},{"damage":8,"enemies":"Chosen","floor":18,"turns":4},{"damage":0,"enemies":"2 Thieves","floor":20,"turns":2},{"damage":0,"enemies":"Snecko","floor":21,"turns":4},{"damage":3,"enemies":"Centurion and Healer","floor":29,"turns":3},{"damage":10,"enemies":"Shelled Parasite and Fungi","floor":30,"turns":3},{"damage":20,"enemies":"Collector","floor":33,"turns":8},{"damage":0,"enemies":"3 Shapes","floor":35,"turns":4},{"damage":0,"enemies":"Mind Bloom Boss Battle","floor":36,"turns":3},{"damage":0,"enemies":"Orb Walker","floor":38,"turns":3},{"damage":14,"enemies":"Nemesis","floor":41,"turns":5},{"damage":6,"enemies":"3 Darklings","floor":45,"turns":4},{"damage":3,"enemies":"Sphere and 2 Shapes","floor":46,"turns":2},{"damage":44,"enemies":"Time Eater","floor":50,"turns":8}],"seed_played":"-1908181739113098524","potions_obtained":[{"floor":7,"key":"Explosive Potion"},{"floor":11,"key":"DuplicationPotion"},{"floor":13,"key":"GamblersBrew"},{"floor":14,"key":"Block Potion"},{"floor":21,"key":"FearPotion"},{"floor":29,"key":"Fire Potion"},{"floor":38,"key":"Energy Potion"}],"is_trial":false,"path_per_floor":["M","M","?","M","?","R","M","M","T","R","M","E","M","M","R","B",null,"M","$","M","M","?","R","$","R","T","R","?","M","M","?","R","B",null,"M","?","$","M","?","R","E","?","T","R","M","M","?","$","R","B",null],"character_chosen":"DEFECT","items_purchased":["Membership Card","Core Surge","FTL","Mummified Hand","DuplicationPotion","Steam","Medical Kit","Pocketwatch","Heatsinks"],"campfire_rested":0,"item_purchase_floors":[19,19,24,37,37,48,48,48,48],"current_hp_per_floor":[82,78,78,78,78,78,78,78,78,78,76,65,64,64,64,57,82,74,74,74,74,74,74,74,74,74,74,74,73,65,65,65,47,82,82,82,82,82,72,72,64,64,64,64,64,65,65,65,79,55],"gold":144,"neow_bonus":"TEN_PERCENT_HP_BONUS","is_prod":false,"is_daily":false,"chose_seed":false,"campfire_upgraded":8,"win_rate":0,"timestamp":1568121146,"path_taken":["M","M","?","M","?","R","M","M","T","R","M","E","?","M","R","BOSS","M","$","M","M","?","R","$","R","T","R","?","M","M","?","R","BOSS","M","?","$","M","?","R","E","?","T","R","M","?","?","$","R","BOSS"],"build_version":"2019-09-09v2","purchased_purges":3,"victory":true,"max_hp_per_floor":[82,82,82,82,82,82,82,82,82,82,82,82,82,82,82,82,82,82,82,82,82,82,82,82,82,82,82,82,82,82,82,82,82,82,82,82,82,82,82,82,82,82,82,82,82,82,82,82,96,96],"card_choices":[{"not_picked":["Coolheaded","Barrage"],"picked":"Cold Snap","floor":1},{"not_picked":["Stack","Heatsinks"],"picked":"Ball Lightning","floor":2},{"not_picked":["Redo","Ball Lightning"],"picked":"Gash","floor":4},{"not_picked":["Heatsinks","Cold Snap"],"picked":"Ball Lightning","floor":7},{"not_picked":["Compile Driver","Coolheaded"],"picked":"Lockon","floor":8},{"not_picked":["Turbo","Barrage","Steam"],"picked":"SKIP","floor":11},{"not_picked":["Doom and Gloom","Cold Snap"],"picked":"Darkness","floor":12},{"not_picked":["Beam Cell","Fusion"],"picked":"Leap","floor":13},{"not_picked":["Ball Lightning","Leap"],"picked":"Conserve Battery","floor":14},{"not_picked":["Fission","Reboot"],"picked":"All For One","floor":16},{"not_picked":["Conserve Battery","Compile Driver"],"picked":"Redo","floor":18},{"not_picked":["Coolheaded","Chill","Aggregate"],"picked":"SKIP","floor":20},{"not_picked":["Consume","Ball Lightning"],"picked":"Defragment","floor":21},{"not_picked":["Coolheaded","Ball Lightning"],"picked":"White Noise","floor":29},{"not_picked":["Streamline+1","Turbo+1","Core Surge"],"picked":"SKIP","floor":30},{"not_picked":["Rainbow","Hyperbeam"],"picked":"All For One","floor":33},{"not_picked":["Barrage+1","Force Field"],"picked":"Hologram+1","floor":35},{"not_picked":["Sunder+1","Tempest"],"picked":"Gash+1","floor":36},{"not_picked":["Rebound+1","Coolheaded","Gash"],"picked":"SKIP","floor":38},{"not_picked":["Blizzard","Compile Driver"],"picked":"Go for the Eyes+1","floor":41},{"not_picked":["Recycle","Conserve Battery+1"],"picked":"Redo+1","floor":45},{"not_picked":["Hello World+1","Chill+1","Chaos"],"picked":"SKIP","floor":46}],"player_experience":410457,"relics_obtained":[{"floor":9,"key":"Mercury Hourglass"},{"floor":12,"key":"Nunchaku"},{"floor":26,"key":"Blood Vial"},{"floor":36,"key":"Bird Faced Urn"},{"floor":41,"key":"Toy Ornithopter"},{"floor":43,"key":"Shovel"},{"floor":44,"key":"Dead Branch"},{"floor":49,"key":"Mango"}],"event_choices":[{"cards_removed":["Strike_B"],"damage_healed":0,"gold_gain":0,"player_choice":"Card Removal","damage_taken":0,"max_hp_gain":0,"max_hp_loss":0,"event_name":"The Cleric","floor":3,"gold_loss":50},{"cards_removed":["Strike_B"],"damage_healed":0,"gold_gain":0,"player_choice":"Offered Basic","damage_taken":0,"max_hp_gain":0,"max_hp_loss":0,"event_name":"Bonfire Elementals","floor":5,"gold_loss":0},{"damage_healed":0,"gold_gain":0,"player_choice":"Ignored","damage_taken":0,"max_hp_gain":0,"max_hp_loss":0,"event_name":"Vampires","floor":22,"gold_loss":0},{"damage_healed":0,"gold_gain":0,"player_choice":"Read","damage_taken":0,"max_hp_gain":0,"max_hp_loss":0,"event_name":"The Library","floor":28,"gold_loss":0,"cards_obtained":["Glacier"]},{"damage_healed":0,"gold_gain":0,"player_choice":"Obtained Relic","damage_taken":0,"relics_obtained":["War Paint"],"max_hp_gain":0,"max_hp_loss":0,"event_name":"Addict","floor":31,"gold_loss":85},{"damage_healed":0,"gold_gain":0,"player_choice":"Fight","damage_taken":0,"max_hp_gain":0,"max_hp_loss":0,"event_name":"MindBloom","floor":36,"gold_loss":0},{"damage_healed":0,"gold_gain":0,"player_choice":"Embrace Madness","damage_taken":10,"max_hp_gain":0,"max_hp_loss":0,"event_name":"Winding Halls","floor":39,"gold_loss":0,"cards_obtained":["Madness","Madness"]},{"damage_healed":0,"gold_gain":300,"player_choice":"Gold","damage_taken":0,"max_hp_gain":0,"max_hp_loss":0,"event_name":"Wheel of Change","floor":42,"gold_loss":0},{"cards_removed":["Darkness"],"damage_healed":0,"gold_gain":0,"player_choice":"Removed Skill","damage_taken":0,"max_hp_gain":0,"max_hp_loss":0,"event_name":"Falling","floor":47,"gold_loss":0}],"is_beta":true,"boss_relics":[{"not_picked":["SlaversCollar","Coffee Dripper"],"picked":"Nuclear Battery"},{"not_picked":["Snecko Eye","Runic Dome"],"picked":"Empty Cage"}],"items_purged_floors":[19,24,37],"is_endless":false,"potions_floor_spawned":[7,11,13,14,21,29,38,45,46],"ascension_level":0}