{"gold_per_floor":[267,292,292,316,335,378,378,406,458,458,481,498,193,253,253,385,410,429,68,81,94,113,113,113,202,227,253,269,293,293,314,314,416,441,465,476,496,513,523],"floor_reached":39,"playtime":3240,"items_purged":[],"score":423,"play_id":"446693b6-6bfb-45ab-b799-f5065a8a82f4","local_time":"20190620223928","is_ascension_mode":false,"campfire_choices":[{"floor":10,"key":"REST"},{"data":"animator:AcuraShin","floor":15,"key":"SMITH"},{"data":"animator:Hitei","floor":23,"key":"SMITH"},{"data":"animator:SilverFang","floor":30,"key":"SMITH"},{"floor":32,"key":"REST"}],"neow_cost":"NONE","seed_source_timestamp":977233392085272,"circlet_count":0,"master_deck":["animator:Strike_Kancolle","animator:Defend_Kancolle","animator:Strike","animator:Strike","animator:Strike","animator:Defend+1","animator:Defend","animator:Defend+1","animator:Shimakaze","animator:Witch+1","animator:SilverFang+1","animator:Sloth+1","animator:Gilgamesh+7","animator:Sloth","animator:AcuraShin+1","animator:Tyuule","animator:Elesis+1","animator:PandorasActor","animator:SilverFang+1","animator:Archer","animator:Mitsuba+1","animator:MetalKnight+1","animator:ChaikaBohdan+1","animator:Hitei+1","Decay","animator:Add","animator:Demiurge+1","animator:Spearman+1","animator:Mitsurugi+1","animator:Rimuru","animator:PandorasActor","Parasite","animator:Hakurou+1","animator:SilverFang+1"],"relics":["animator:LivingPicture","animator:PurgingStone_Cards","animator:TheMissingPiece","Regal Pillow","CultistMask","Vajra","PreservedInsect","Oddly Smooth Stone","War Paint","Molten Egg 2","Black Star","animator:HeavyHalberd","animator:WornHelmet","Meat on the Bone","Strawberry","Eternal Feather"],"potions_floor_usage":[6,14,25,25,31,33,33,38],"damage_taken":[{"damage":0,"enemies":"Small Slimes","floor":1,"turns":3},{"damage":20,"enemies":"Cultist","floor":2,"turns":7},{"damage":4,"enemies":"Jaw Worm","floor":4,"turns":5},{"damage":4,"enemies":"Blue Slaver","floor":5,"turns":5},{"damage":19,"enemies":"3 Sentries","floor":6,"turns":9},{"damage":10,"enemies":"Exordium Wildlife","floor":8,"turns":7},{"damage":0,"enemies":"2 Fungi Beasts","floor":11,"turns":4},{"damage":4,"enemies":"Looter","floor":12,"turns":4},{"damage":11,"enemies":"Lagavulin","floor":14,"turns":6},{"damage":23,"enemies":"The Guardian","floor":16,"turns":11},{"damage":20,"enemies":"Chosen","floor":18,"turns":5},{"damage":10,"enemies":"3 Byrds","floor":20,"turns":4},{"damage":9,"enemies":"Cultist and Chosen","floor":21,"turns":5},{"damage":10,"enemies":"Snake Plant","floor":22,"turns":4},{"damage":14,"enemies":"Slavers","floor":25,"turns":6},{"damage":2,"enemies":"Snecko","floor":27,"turns":4},{"damage":14,"enemies":"Chosen and Byrds","floor":28,"turns":5},{"damage":2,"enemies":"Centurion and Healer","floor":29,"turns":5},{"damage":9,"enemies":"Snake Plant","floor":31,"turns":4},{"damage":38,"enemies":"Champ","floor":33,"turns":9},{"damage":50,"enemies":"3 Darklings","floor":35,"turns":4},{"damage":19,"enemies":"3 Shapes","floor":36,"turns":4},{"damage":38,"enemies":"Writhing Mass","floor":37,"turns":8},{"damage":9,"enemies":"Jaw Worm Horde","floor":38,"turns":4}],"seed_played":"6917101722404801239","potions_obtained":[{"floor":2,"key":"Strength Potion"},{"floor":8,"key":"Regen Potion"},{"floor":11,"key":"GamblersBrew"},{"floor":12,"key":"SteroidPotion"},{"floor":14,"key":"FairyPotion"},{"floor":22,"key":"AttackPotion"},{"floor":27,"key":"Strength Potion"},{"floor":28,"key":"Block Potion"},{"floor":31,"key":"EssenceOfSteel"},{"floor":35,"key":"Dexterity Potion"}],"is_trial":false,"path_per_floor":["M","M","?","M","M","E","?","M","T","R","M","M","$","E","R","B",null,"M","$","M","M","M","R","?","E","T","M","M","M","R","M","R","B",null,"M","M","M","M","M"],"character_chosen":"THE_ANIMATOR","items_purchased":["animator:AcuraShin","Oddly Smooth Stone","animator:HeavyHalberd","animator:SilverFang+1","animator:Archer","animator:Mitsuba+1"],"campfire_rested":2,"item_purchase_floors":[13,13,19,19,19,19],"current_hp_per_floor":[72,52,52,48,44,25,11,1,1,37,37,33,33,37,37,14,72,52,52,42,33,23,23,23,9,16,26,24,34,34,37,75,49,79,41,34,19,22,0],"gold":523,"neow_bonus":"RANDOM_COMMON_RELIC","is_prod":false,"is_daily":false,"chose_seed":false,"campfire_upgraded":3,"win_rate":0.0,"timestamp":1561084768,"path_taken":["M","M","?","M","?","E","?","M","T","R","M","M","$","E","R","BOSS","M","$","M","M","M","R","?","E","T","M","M","M","R","M","R","BOSS","M","M","M","M","M"],"build_version":"2019-01-23","purchased_purges":0,"victory":false,"max_hp_per_floor":[72,72,72,72,72,72,72,72,72,72,72,72,72,72,72,72,72,72,72,72,72,72,72,72,72,79,79,79,79,79,79,79,79,79,79,79,79,79,79],"card_choices":[{"not_picked":["animator:HighElfArcher","animator:MaesHughes","animator:Darkness"],"picked":"SKIP","floor":1},{"not_picked":["animator:Bozes","animator:Kuribayashi","animator:Ain"],"picked":"SKIP","floor":2},{"not_picked":["animator:ElricEdward","animator:Ain"],"picked":"animator:Witch","floor":4},{"not_picked":["animator:MumenRider","animator:Sonic"],"picked":"animator:SilverFang","floor":5},{"not_picked":["animator:Raven","animator:ChaikaBohdan"],"picked":"animator:Sloth","floor":6},{"not_picked":["animator:Yuuichirou","animator:AcuraAkari","animator:ZankiKiguchi"],"picked":"SKIP","floor":8},{"not_picked":["animator:Spearman","animator:Kazuma"],"picked":"animator:Gilgamesh","floor":11},{"not_picked":["animator:ElricEdward","animator:Pride"],"picked":"animator:Sloth","floor":12},{"not_picked":["animator:Spearman","animator:Mitsurugi"],"picked":"animator:Tyuule","floor":14},{"not_picked":["animator:PinaCoLada","animator:Shiro"],"picked":"animator:Elesis","floor":16},{"not_picked":["animator:Jibril+1","animator:HiiragiShinya+1"],"picked":"animator:PandorasActor","floor":18},{"not_picked":["animator:MumenRider+1","animator:Melzalgald+1"],"picked":"animator:MetalKnight+1","floor":20},{"not_picked":["animator:Sloth+1","animator:TukaLunaMarceau+1"],"picked":"animator:ChaikaBohdan+1","floor":21},{"not_picked":["animator:Ara+1","animator:LeleiLaLalena"],"picked":"animator:Hitei","floor":22},{"not_picked":["animator:Guren","animator:Raven+1"],"picked":"animator:Add","floor":25},{"not_picked":["animator:NarberalGamma","animator:Sebas"],"picked":"animator:Demiurge+1","floor":27},{"not_picked":["animator:Alexander+1","animator:Pride"],"picked":"animator:Spearman+1","floor":28},{"not_picked":["animator:Jibril+1","animator:ChaikaBohdan+1"],"picked":"animator:Mitsurugi+1","floor":29},{"not_picked":["animator:Rena+1","animator:Azekura+1","animator:Nanami"],"picked":"SKIP","floor":31},{"not_picked":["animator:Greed","animator:AcuraShin+1"],"picked":"animator:Rimuru","floor":33},{"not_picked":["animator:Evileye+1","animator:Cocytus+1"],"picked":"animator:PandorasActor","floor":33},{"not_picked":["animator:Berserker+1","animator:Chung","animator:Gillette+1"],"picked":"SKIP","floor":35},{"not_picked":["animator:Caster","animator:MaesHughes","animator:ElricEdward+1"],"picked":"SKIP","floor":36},{"not_picked":["animator:Hitei+1","animator:TukaLunaMarceau"],"picked":"animator:Hakurou+1","floor":37},{"not_picked":["animator:Genos+1","animator:Geryuganshoop"],"picked":"animator:SilverFang+1","floor":38}],"player_experience":496168,"relics_obtained":[{"floor":6,"key":"Vajra"},{"floor":9,"key":"PreservedInsect"},{"floor":14,"key":"War Paint"},{"floor":16,"key":"Molten Egg 2"},{"floor":25,"key":"animator:WornHelmet"},{"floor":25,"key":"Meat on the Bone"},{"floor":26,"key":"Strawberry"}],"event_choices":[{"damage_healed":0,"gold_gain":0,"player_choice":"Trade","damage_taken":0,"relics_obtained":["CultistMask"],"max_hp_gain":0,"max_hp_loss":0,"event_name":"FaceTrader","floor":3,"gold_loss":0},{"damage_healed":0,"gold_gain":0,"player_choice":"Entered Light","damage_taken":14,"max_hp_gain":0,"max_hp_loss":0,"event_name":"Shining Light","floor":7,"gold_loss":0,"cards_upgraded":["animator:Sloth","animator:Defend"]},{"damage_healed":0,"gold_gain":0,"player_choice":"Smashed Altar","damage_taken":0,"max_hp_gain":0,"max_hp_loss":0,"event_name":"Forgotten Altar","floor":24,"gold_loss":0,"cards_obtained":["Decay"]}],"is_beta":false,"boss_relics":[{"not_picked":["Fusion Hammer","Pandora\u0027s Box"],"picked":"Black Star"},{"not_picked":["White Beast Statue","Tiny House"],"picked":"Eternal Feather"}],"items_purged_floors":[],"is_endless":false,"potions_floor_spawned":[2,8,11,12,14,22,27,28,29,31,35],"killed_by":"4 Shapes","ascension_level":0}