{"gold_per_floor":[111,41,57,70,88,88,88,88,88,88,13,13,88,108,108,208,208,220,220,236,250,150,150,150,150,227,152,165,165],"floor_reached":29,"playtime":903,"items_purged":["Strike_B","Defend_B"],"score":213,"play_id":"f00ac50a-5fb7-4f75-ba75-1437e065a682","local_time":"20190907194947","is_ascension_mode":false,"campfire_choices":[{"data":"Zap","floor":6.0,"key":"SMITH"},{"data":"Dualcast","floor":8,"key":"SMITH"},{"data":"Defragment","floor":10,"key":"SMITH"},{"data":"White Noise","floor":15,"key":"SMITH"},{"data":"Beam Cell","floor":23,"key":"SMITH"}],"neow_cost":"NONE","seed_source_timestamp":31093840068800,"circlet_count":0,"master_deck":["Strike_B","Strike_B","Defend_B","Defend_B","Defend_B","Zap+1","Dualcast+1","Core Surge","Defragment+1","Self Repair","Beam Cell+1","White Noise+1","Decay","Leap","Biased Cognition","Coolheaded+1","Cold Snap","Gash+1"],"special_seed":0,"relics":["Cracked Core","Unceasing Top","Bottled Tornado","Nuclear Battery","Nilry\u0027s Codex","Frozen Egg 2"],"potions_floor_usage":[16,19],"damage_taken":[{"damage":5.0,"enemies":"Small Slimes","floor":1.0,"turns":3.0},{"damage":1.0,"enemies":"Cultist","floor":3.0,"turns":3.0},{"damage":1.0,"enemies":"2 Louse","floor":4.0,"turns":2.0},{"damage":10.0,"enemies":"Large Slime","floor":5.0,"turns":4.0},{"damage":1,"enemies":"Exordium Thugs","floor":14,"turns":3},{"damage":34,"enemies":"Slime Boss","floor":16,"turns":9},{"damage":32,"enemies":"2 Thieves","floor":18,"turns":3},{"damage":9,"enemies":"3 Byrds","floor":20,"turns":4},{"damage":16,"enemies":"Snake Plant","floor":21,"turns":6},{"damage":12,"enemies":"Snecko","floor":28,"turns":10}],"seed_played":"6565334079678462329","potions_obtained":[{"floor":1.0,"key":"FocusPotion"},{"floor":3.0,"key":"Strength Potion"},{"floor":5.0,"key":"FocusPotion"},{"floor":19,"key":"Fruit Juice"},{"floor":19,"key":"FairyPotion"}],"is_trial":false,"path_per_floor":["M","$","M","M","M","R","?","R","T","R","$","T","?","M","R","B",null,"M","?","M","M","$","R","?","?","T","?","M","R"],"character_chosen":"DEFECT","items_purchased":["Self Repair"],"campfire_rested":0,"item_purchase_floors":[2],"current_hp_per_floor":[70,70,75,74,71,71,71,71,71,71,71,71,60,66,66,39,75,50,55,53,44,44,44,28,28,28,28,23,23],"gold":165,"neow_bonus":"ONE_RANDOM_RARE_CARD","is_prod":false,"is_daily":false,"chose_seed":false,"campfire_upgraded":5,"win_rate":0,"timestamp":1567853387,"path_taken":["M","$","M","M","M","R","?","R","T","R","$","?","?","M","R","BOSS","M","?","?","M","$","R","?","?","T","?","M","R"],"build_version":"2019-07-17","purchased_purges":2,"victory":false,"max_hp_per_floor":[75,75,75,75,75,75,75,75,75,75,75,75,75,75,75,75,75,75,80,80,80,80,80,80,80,80,80,80,80],"card_choices":[{"not_picked":["Force Field","Stack"],"picked":"Defragment","floor":1.0},{"not_picked":["Consume","Barrage"],"picked":"Beam Cell","floor":3.0},{"not_picked":["Reprogram","Beam Cell"],"picked":"White Noise","floor":4.0},{"not_picked":["Blizzard","Self Repair","Hologram"],"picked":"SKIP","floor":5.0},{"not_picked":["Sunder","Gash"],"picked":"Leap","floor":14},{"not_picked":["Thunder Strike","Echo Form"],"picked":"Biased Cognition","floor":16},{"not_picked":["Blizzard+1","Capacitor+1"],"picked":"Coolheaded+1","floor":18},{"not_picked":["Compile Driver","Turbo"],"picked":"Cold Snap","floor":20},{"not_picked":["Leap","Meteor Strike"],"picked":"Gash+1","floor":21},{"not_picked":["Redo","Beam Cell+1","Barrage"],"picked":"SKIP","floor":28}],"player_experience":351439,"relics_obtained":[{"floor":9,"key":"Unceasing Top"},{"floor":12,"key":"Bottled Tornado"},{"floor":24,"key":"Nilry\u0027s Codex"},{"floor":26,"key":"Frozen Egg 2"}],"event_choices":[{"damage_healed":0,"gold_gain":0,"player_choice":"Cursed","damage_taken":0,"max_hp_gain":0,"max_hp_loss":0,"event_name":"Wheel of Change","floor":7,"gold_loss":0,"cards_obtained":["Decay"]},{"damage_healed":0,"gold_gain":75,"player_choice":"Gather Gold","damage_taken":11,"max_hp_gain":0,"max_hp_loss":0,"event_name":"World of Goop","floor":13,"gold_loss":0},{"damage_healed":0,"gold_gain":0,"player_choice":"Got Potions","damage_taken":0,"max_hp_gain":0,"max_hp_loss":0,"event_name":"Lab","floor":19,"gold_loss":0},{"damage_healed":0,"gold_gain":0,"player_choice":"Obtained Book","damage_taken":16,"max_hp_gain":0,"max_hp_loss":0,"event_name":"Cursed Tome","floor":24,"gold_loss":0},{"damage_healed":0,"gold_gain":0,"player_choice":"Ignored","damage_taken":0,"max_hp_gain":0,"max_hp_loss":0,"event_name":"Vampires","floor":25,"gold_loss":0},{"cards_removed":["Strike_B"],"damage_healed":0,"gold_gain":0,"player_choice":"Gave Gold","damage_taken":0,"max_hp_gain":0,"max_hp_loss":0,"event_name":"Beggar","floor":27,"gold_loss":75}],"is_beta":false,"boss_relics":[{"not_picked":["Busted Crown","Philosopher\u0027s Stone"],"picked":"Nuclear Battery"}],"items_purged_floors":[11,22],"is_endless":false,"potions_floor_spawned":[1,3,5,14,20,28],"ascension_level":0}