{"gold_per_floor":[115,115,115,44,63,63,125,144,170,186,201,219,44,60,60,164,164,178,192,205,2,2,2,0,14,38,65,65,84,118,134,134,236,236,248,300,319,369,385,717,729,751,763,775,787,819,175,186,186,186],"floor_reached":51,"playtime":3892,"items_purged":["Strike_G","Defend_G"],"score":838,"play_id":"bef741fe-25be-4e6e-b76e-278099e48500","local_time":"20190622005750","is_ascension_mode":false,"campfire_choices":[{"data":"Bane","floor":6,"key":"SMITH"},{"data":"Noxious Fumes","floor":15,"key":"SMITH"},{"data":"Envenom","floor":23,"key":"SMITH"},{"data":"Footwork","floor":28,"key":"SMITH"},{"data":"Survivor","floor":32,"key":"SMITH"},{"data":"After Image","floor":41,"key":"SMITH"},{"data":"Neutralize","floor":45,"key":"SMITH"},{"data":"Noxious Fumes","floor":49,"key":"SMITH"}],"neow_cost":"NONE","seed_source_timestamp":1034201511470949,"circlet_count":0,"master_deck":["Defend_G","Defend_G+1","Defend_G+1","Defend_G+1","Strike_G","Strike_G+1","Strike_G","Strike_G","Survivor+1","Neutralize+1","Noxious Fumes+1","Bane+1","Deadly Poison+1","Noxious Fumes+1","Backflip+1","Deflect+1","Acrobatics+1","Cloak And Dagger+1","Distraction+1","Envenom+1","Footwork+1","Prepared+1","Adrenaline+1","Outmaneuver+1","Tactician+1","Blur+1","Catalyst+1","Prepared+1","Deflect+1","After Image+1","Outmaneuver+1","Dagger Spray","Prepared+1","Catalyst+1","Crippling Poison+1","Parasite","Bouncing Flask+1","Doubt","Prepared+1","Tactician+1","Distraction+1"],"relics":["Ring of the Serpent","Toxic Egg 2","Happy Flower","Potion Belt","Black Star","Snake Skull","Dream Catcher","Anchor","Centennial Puzzle","Tough Bandages","Matryoshka","CatCart","Incense Burner","Old Coin","MawBank","Paper Crane","Bottled Lightning","War Paint","OrangePellets"],"potions_floor_usage":[5,16,29,30,36,36,36,39,40,50,50],"damage_taken":[{"damage":0,"enemies":"Cultist","floor":1,"turns":4},{"damage":14,"enemies":"Jaw Worm","floor":5,"turns":4},{"damage":14,"enemies":"Gremlin Nob","floor":7,"turns":4},{"damage":2,"enemies":"2 Louse","floor":8,"turns":3},{"damage":0,"enemies":"Exordium Wildlife","floor":10,"turns":4},{"damage":0,"enemies":"Blue Slaver","floor":11,"turns":3},{"damage":1,"enemies":"Large Slime","floor":12,"turns":5},{"damage":0,"enemies":"2 Fungi Beasts","floor":14,"turns":4},{"damage":19,"enemies":"Slime Boss","floor":16,"turns":9},{"damage":1,"enemies":"Shell Parasite","floor":18,"turns":5},{"damage":4,"enemies":"Spheric Guardian","floor":19,"turns":6},{"damage":1,"enemies":"3 Cultists","floor":20,"turns":6},{"damage":0,"enemies":"Centurion and Healer","floor":25,"turns":6},{"damage":16,"enemies":"Book of Stabbing","floor":27,"turns":7},{"damage":0,"enemies":"Shelled Parasite and Fungi","floor":29,"turns":5},{"damage":5,"enemies":"Slavers","floor":30,"turns":5},{"damage":0,"enemies":"Snake Plant","floor":31,"turns":2},{"damage":0,"enemies":"Champ","floor":33,"turns":7},{"damage":9,"enemies":"3 Shapes","floor":35,"turns":4},{"damage":21,"enemies":"Orin","floor":36,"turns":7},{"damage":8,"enemies":"3 Darklings","floor":37,"turns":5},{"damage":12,"enemies":"2 Orb Walkers","floor":38,"turns":5},{"damage":0,"enemies":"4 Shapes","floor":39,"turns":6},{"damage":0,"enemies":"Reptomancer","floor":40,"turns":7},{"damage":17,"enemies":"Writhing Mass","floor":42,"turns":5},{"damage":0,"enemies":"Sphere and 2 Shapes","floor":46,"turns":4},{"damage":0,"enemies":"4 Shapes","floor":48,"turns":4},{"damage":4,"enemies":"Awakened One","floor":50,"turns":9}],"seed_played":"-2192844532267545177","potions_obtained":[{"floor":1,"key":"PowerPotion"},{"floor":5,"key":"FearPotion"},{"floor":10,"key":"SteroidPotion"},{"floor":11,"key":"Poison Potion"},{"floor":18,"key":"Explosive Potion"},{"floor":19,"key":"Swift Potion"},{"floor":29,"key":"AttackPotion"},{"floor":30,"key":"Block Potion"},{"floor":31,"key":"GamblersBrew"},{"floor":38,"key":"GamblersBrew"},{"floor":39,"key":"PowerPotion"},{"floor":40,"key":"Strength Potion"},{"floor":46,"key":"Ancient Potion"}],"is_trial":false,"path_per_floor":["M","T","?","$","M","R","?","M","T","M","M","M","$","M","R","B",null,"M","M","M","$","?","R","?","M","T","E","R","M","E","M","R","B",null,"M","?","M","?","M","E","R","M","T","?","R","M","$","M","R","B",null],"character_chosen":"THE_SILENT","items_purchased":["Bane","Deadly Poison+1","Acrobatics+1","Cloak And Dagger+1","Snake Skull","Outmaneuver+1","Tactician+1","Distraction+1","War Paint","OrangePellets","SteroidPotion"],"campfire_rested":0,"item_purchase_floors":[4,4,13,13,21,21,47,47,47,47,47],"current_hp_per_floor":[77,77,62,62,48,48,34,32,32,32,32,31,31,31,31,12,77,76,72,71,71,71,71,71,71,71,55,55,55,50,50,50,50,77,68,47,39,27,27,27,27,10,10,77,77,77,77,77,77,73],"gold":186,"neow_bonus":"TEN_PERCENT_HP_BONUS","is_prod":false,"is_daily":false,"chose_seed":false,"campfire_upgraded":8,"win_rate":0,"timestamp":1561179470,"path_taken":["M","?","?","$","M","R","?","M","T","M","M","M","$","M","R","BOSS","M","M","M","$","?","R","?","M","T","E","R","M","E","M","R","BOSS","M","?","M","?","M","E","R","M","T","?","R","M","$","M","R","BOSS"],"build_version":"2019-01-23","purchased_purges":2,"victory":true,"max_hp_per_floor":[77,77,77,77,77,77,77,77,77,77,77,77,77,77,77,77,77,77,77,77,77,77,77,77,77,77,77,77,77,77,77,77,77,77,77,77,77,77,77,77,77,77,77,77,77,77,77,77,77,77],"card_choices":[{"not_picked":["Flying Knee","Deflect"],"picked":"Noxious Fumes","floor":1},{"not_picked":["Dash","Deadly Poison+1","Sucker Punch"],"picked":"SKIP","floor":5},{"not_picked":["Quick Slash","Finisher"],"picked":"Noxious Fumes","floor":7},{"not_picked":["Bane","Flechettes","Blade Dance+1"],"picked":"SKIP","floor":8},{"not_picked":["Slice","Poisoned Stab"],"picked":"Backflip+1","floor":10},{"not_picked":["Finisher","Choke"],"picked":"Deflect+1","floor":11},{"not_picked":["Backstab","Unload","All Out Attack"],"picked":"SKIP","floor":12},{"not_picked":["Bane","Eviscerate"],"picked":"Distraction+1","floor":14},{"not_picked":["Doppelganger+1","Wraith Form v2"],"picked":"Envenom","floor":16},{"not_picked":["Calculated Gamble+1","All Out Attack"],"picked":"Footwork","floor":18},{"not_picked":["Underhanded Strike","Dodge and Roll+1"],"picked":"Prepared+1","floor":19},{"not_picked":["Predator","Caltrops"],"picked":"Adrenaline+1","floor":20},{"not_picked":["Underhanded Strike","Dagger Throw"],"picked":"Tactician+1","floor":25},{"not_picked":["Dagger Throw+1","Reflex+1"],"picked":"Blur+1","floor":27},{"not_picked":["Backflip+1","Acrobatics+1"],"picked":"Catalyst+1","floor":29},{"not_picked":["Dagger Spray","Expertise+1"],"picked":"Prepared+1","floor":30},{"not_picked":["Underhanded Strike","Blade Dance+1"],"picked":"Deflect+1","floor":31},{"not_picked":["Unload","Phantasmal Killer+1"],"picked":"After Image","floor":33},{"not_picked":["Backflip+1","Eviscerate"],"picked":"Outmaneuver+1","floor":35},{"not_picked":["Underhanded Strike+1","Sucker Punch+1"],"picked":"Dagger Spray","floor":36},{"not_picked":["Dash","Infinite Blades","Bane"],"picked":"SKIP","floor":37},{"not_picked":["Outmaneuver+1","Underhanded Strike"],"picked":"Prepared+1","floor":38},{"not_picked":["Eviscerate","Prepared+1"],"picked":"Catalyst+1","floor":39},{"not_picked":["Grand Finale","Flechettes+1"],"picked":"Crippling Poison+1","floor":40},{"not_picked":["Finisher+1","Outmaneuver+1"],"picked":"Bouncing Flask+1","floor":42},{"not_picked":["Flying Knee","Caltrops"],"picked":"Prepared+1","floor":46},{"not_picked":["Underhanded Strike","Bane","Blade Dance+1"],"picked":"SKIP","floor":48}],"player_experience":530359,"relics_obtained":[{"floor":2,"key":"Toxic Egg 2"},{"floor":7,"key":"Happy Flower"},{"floor":9,"key":"Potion Belt"},{"floor":26,"key":"Dream Catcher"},{"floor":27,"key":"Anchor"},{"floor":27,"key":"Centennial Puzzle"},{"floor":30,"key":"Tough Bandages"},{"floor":30,"key":"Matryoshka"},{"floor":36,"key":"CatCart"},{"floor":38,"key":"Incense Burner"},{"floor":40,"key":"Old Coin"},{"floor":40,"key":"MawBank"},{"floor":43,"key":"Paper Crane"},{"floor":43,"key":"Bottled Lightning"}],"event_choices":[{"damage_healed":0,"gold_gain":0,"player_choice":"Entered Light","damage_taken":15,"max_hp_gain":0,"max_hp_loss":0,"event_name":"Shining Light","floor":3,"gold_loss":0,"cards_upgraded":["Defend_G","Strike_G"]},{"damage_healed":0,"gold_gain":30,"player_choice":"Searched \u00272\u0027 times","damage_taken":0,"max_hp_gain":0,"max_hp_loss":0,"event_name":"Dead Adventurer","floor":7,"gold_loss":0},{"damage_healed":0,"gold_gain":0,"player_choice":"Ignored","damage_taken":0,"max_hp_gain":0,"max_hp_loss":0,"event_name":"Vampires","floor":22,"gold_loss":0},{"damage_healed":0,"gold_gain":0,"player_choice":"Paid Fearfully","damage_taken":0,"max_hp_gain":0,"max_hp_loss":0,"event_name":"Masked Bandits","floor":24,"gold_loss":2},{"damage_healed":0,"gold_gain":0,"player_choice":"Fight","damage_taken":0,"max_hp_gain":0,"max_hp_loss":0,"event_name":"OrinTheCat","floor":36,"gold_loss":0},{"damage_healed":0,"gold_gain":0,"player_choice":"Fight","damage_taken":0,"max_hp_gain":0,"max_hp_loss":0,"event_name":"Mysterious Sphere","floor":38,"gold_loss":0},{"damage_healed":67,"gold_gain":0,"player_choice":"Heal","damage_taken":0,"max_hp_gain":0,"max_hp_loss":0,"event_name":"MindBloom","floor":44,"gold_loss":0,"cards_obtained":["Doubt"]}],"is_beta":false,"boss_relics":[{"not_picked":["Busted Crown","Tiny House"],"picked":"Black Star"},{"not_picked":["Velvet Choker","Astrolabe"],"picked":"Ring of the Serpent"}],"items_purged_floors":[13,47],"is_endless":false,"potions_floor_spawned":[1,5,10,11,18,19,29,30,31,38,39,40,46],"ascension_level":0}