{"gold_per_floor":[119,134,144,162,173,173,201,201,201,214,230,230,155,167,167,272,272,285,79,79,89,89,117,117,144,171,171,190,190,208,208],"floor_reached":31,"playtime":1339,"items_purged":["Strike_B"],"score":321,"play_id":"95f0eca0-31ef-43b2-a26e-46d830678d24","local_time":"20190207102630","is_ascension_mode":true,"campfire_choices":[{"data":"Dualcast","floor":6,"key":"SMITH"},{"data":"Fission","floor":12,"key":"SMITH"},{"floor":15,"key":"REST"},{"data":"Zap","floor":24,"key":"SMITH"},{"floor":29,"key":"REST"}],"neow_cost":"NONE","seed_source_timestamp":866224916038209,"circlet_count":0,"master_deck":["Strike_B","Strike_B","Strike_B","Defend_B","Defend_B","Defend_B","Defend_B","Zap+1","Dualcast+1","Cold Snap","Ball Lightning","Go for the Eyes","Coolheaded","Conserve Battery","Fission+1","Creative AI","Go for the Eyes+1","Heatsinks","Doom and Gloom+1","Core Surge+1","Conserve Battery+1","FTL+1","Machine Learning","Doubt","Dramatic Entrance+1"],"relics":["Cracked Core","Bag of Preparation","Mercury Hourglass","Molten Egg 2","Cursed Key","Runic Capacitor","Calipers","Gremlin Horn","Smiling Mask"],"potions_floor_usage":[7,16,16,23],"damage_taken":[{"damage":0,"enemies":"Cultist","floor":1,"turns":4},{"damage":1,"enemies":"2 Louse","floor":2,"turns":2},{"damage":0,"enemies":"Small Slimes","floor":3,"turns":2},{"damage":2,"enemies":"2 Fungi Beasts","floor":4,"turns":3},{"damage":12,"enemies":"Lots of Slimes","floor":5,"turns":4},{"damage":15,"enemies":"Lagavulin","floor":7,"turns":6},{"damage":1,"enemies":"Blue Slaver","floor":10,"turns":3},{"damage":4,"enemies":"Exordium Thugs","floor":11,"turns":4},{"damage":18,"enemies":"Lots of Slimes","floor":14,"turns":3},{"damage":11,"enemies":"The Guardian","floor":16,"turns":9},{"damage":0,"enemies":"Chosen","floor":18,"turns":5},{"damage":2,"enemies":"3 Byrds","floor":21,"turns":3},{"damage":31,"enemies":"Slavers","floor":23,"turns":5},{"damage":12,"enemies":"Gremlin Leader","floor":25,"turns":5},{"damage":14,"enemies":"Centurion and Healer","floor":28,"turns":5},{"damage":1,"enemies":"Chosen and Byrds","floor":30,"turns":4},{"damage":26,"enemies":"Snake Plant","floor":31,"turns":2}],"seed_played":"-3911319515287639599","potions_obtained":[{"floor":3,"key":"AttackPotion"},{"floor":11,"key":"Weak Potion"},{"floor":14,"key":"SteroidPotion"},{"floor":18,"key":"Fire Potion"}],"is_trial":false,"path_per_floor":["M","M","M","M","M","R","E","?","T","M","M","R","$","M","R","B",null,"M","$","?","M","?","E","R","E","T","?","M","R","M","M"],"character_chosen":"DEFECT","items_purchased":["Runic Capacitor"],"campfire_rested":2,"item_purchase_floors":[19],"current_hp_per_floor":[75,74,74,72,60,60,45,45,45,44,40,40,40,22,44,33,75,75,75,61,59,59,28,28,16,16,16,2,26,25,0],"gold":208,"neow_bonus":"RANDOM_COMMON_RELIC","is_prod":false,"is_daily":false,"chose_seed":false,"campfire_upgraded":3,"win_rate":0,"timestamp":1549502790,"path_taken":["M","M","?","M","?","R","E","?","T","M","?","R","$","M","R","BOSS","M","$","?","M","?","E","R","E","T","?","M","R","M","M"],"build_version":"2019-01-23","purchased_purges":1,"victory":false,"max_hp_per_floor":[75,75,75,75,75,75,75,75,75,75,75,75,75,75,75,75,75,75,75,80,80,80,80,80,80,80,80,80,80,80,80],"card_choices":[{"not_picked":["Beam Cell","Capacitor"],"picked":"Cold Snap","floor":1},{"not_picked":["Hologram","Streamline"],"picked":"Ball Lightning","floor":2},{"not_picked":["FTL","Sweeping Beam"],"picked":"Go for the Eyes","floor":3},{"not_picked":["Sunder","Hello World"],"picked":"Coolheaded","floor":4},{"not_picked":["Sweeping Beam","Rebound"],"picked":"Conserve Battery","floor":5},{"not_picked":["Ball Lightning","Rebound"],"picked":"Fission","floor":7},{"not_picked":["Cold Snap+1","Static Discharge"],"picked":"Go for the Eyes+1","floor":10},{"not_picked":["Conserve Battery","Beam Cell+1"],"picked":"Heatsinks","floor":11},{"not_picked":["Stack","Reinforced Body"],"picked":"Doom and Gloom+1","floor":14},{"not_picked":["Seek","Rainbow"],"picked":"Core Surge+1","floor":16},{"not_picked":["Sweeping Beam+1","Fusion+1","Rebound+1"],"picked":"SKIP","floor":18},{"not_picked":["Beam Cell+1","Hologram"],"picked":"Conserve Battery+1","floor":21},{"not_picked":["Ball Lightning+1","Steam Power"],"picked":"FTL+1","floor":23},{"not_picked":["Storm","Auto Shields"],"picked":"Machine Learning","floor":25},{"not_picked":["Barrage+1","Scrape+1","Conserve Battery"],"picked":"SKIP","floor":28},{"not_picked":["Go for the Eyes+1","Redo","Conserve Battery"],"picked":"SKIP","floor":30}],"player_experience":188569,"relics_obtained":[{"floor":7,"key":"Mercury Hourglass"},{"floor":9,"key":"Molten Egg 2"},{"floor":23,"key":"Calipers"},{"floor":25,"key":"Gremlin Horn"},{"floor":26,"key":"Smiling Mask"}],"event_choices":[{"damage_healed":0,"gold_gain":0,"player_choice":"1 cards matched","damage_taken":0,"max_hp_gain":0,"max_hp_loss":0,"event_name":"Match and Keep!","floor":8,"gold_loss":0,"cards_obtained":["Creative AI"]},{"damage_healed":0,"gold_gain":0,"player_choice":"Shed Blood","damage_taken":19,"max_hp_gain":5,"max_hp_loss":0,"event_name":"Forgotten Altar","floor":20,"gold_loss":0},{"damage_healed":0,"gold_gain":0,"player_choice":"Ignored","damage_taken":0,"max_hp_gain":0,"max_hp_loss":0,"event_name":"Ghosts","floor":22,"gold_loss":0},{"damage_healed":0,"gold_gain":0,"player_choice":"1 cards matched","damage_taken":0,"max_hp_gain":0,"max_hp_loss":0,"event_name":"Match and Keep!","floor":27,"gold_loss":0,"cards_obtained":["Dramatic Entrance"]}],"is_beta":false,"boss_relics":[{"not_picked":["Coffee Dripper","Snecko Eye"],"picked":"Cursed Key"}],"items_purged_floors":[13],"is_endless":false,"potions_floor_spawned":[3,11,14,18],"killed_by":"Snake Plant","ascension_level":3}