{"gold_per_floor":[118,118,133,133,153,153,193,14,14,38,56,76,94,21,21,151,151,171,184,34,0,0,31,31,65,65,65,88,121,22,22],"floor_reached":31,"playtime":1258,"items_purged":["Strike_R","Strike_R","Clash","Feel No Pain"],"score":398,"play_id":"9529257f-97ec-47ea-ae05-935f64a3ccfa","local_time":"20190725213718","is_ascension_mode":true,"campfire_choices":[{"floor":6,"key":"REST"},{"data":"Body Slam","floor":15,"key":"SMITH"},{"data":"Berserk","floor":24,"key":"SMITH"},{"data":"Berserk","floor":27,"key":"SMITH"}],"neow_cost":"NONE","seed_source_timestamp":20283845157260,"circlet_count":0,"master_deck":["Bash","Battle Trance","Shrug It Off","Pommel Strike","Body Slam+1","Thunderclap","Offering","Ghostly Armor","Uppercut","Clothesline","Berserk+1","Flex","Berserk+1","Shrug It Off","Flex","Combust","Shockwave","Flame Barrier+1","Pommel Strike+1","Feed","Shrug It Off"],"relics":["Runic Dome","Golden Idol","Smiling Mask","Meat on the Bone","Pandora\u0027s Box","Gremlin Horn","Prayer Wheel","Singing Bowl","Lantern"],"potions_floor_usage":[7,12,16,16,25,25,28,31],"damage_taken":[{"damage":8,"enemies":"2 Louse","floor":1,"turns":3},{"damage":4,"enemies":"Jaw Worm","floor":3,"turns":3},{"damage":0,"enemies":"Small Slimes","floor":5,"turns":4},{"damage":24,"enemies":"Lagavulin","floor":7,"turns":4},{"damage":0,"enemies":"Blue Slaver","floor":10,"turns":3},{"damage":0,"enemies":"Looter","floor":11,"turns":3},{"damage":4,"enemies":"Gremlin Gang","floor":12,"turns":4},{"damage":6,"enemies":"2 Fungi Beasts","floor":13,"turns":3},{"damage":10,"enemies":"The Guardian","floor":16,"turns":8},{"damage":12,"enemies":"Spheric Guardian","floor":18,"turns":3},{"damage":16,"enemies":"Shell Parasite","floor":19,"turns":3},{"damage":20,"enemies":"Book of Stabbing","floor":23,"turns":4},{"damage":28,"enemies":"Slavers","floor":25,"turns":4},{"damage":6,"enemies":"3 Cultists","floor":28,"turns":4},{"damage":38,"enemies":"Gremlin Leader","floor":29,"turns":3},{"damage":29,"enemies":"Slavers","floor":31,"turns":1}],"seed_played":"-1449708202976336576","potions_obtained":[{"floor":1,"key":"Swift Potion"},{"floor":7,"key":"Block Potion"},{"floor":12,"key":"BloodPotion"},{"floor":23,"key":"Strength Potion"},{"floor":25,"key":"BloodPotion"},{"floor":28,"key":"Poison Potion"},{"floor":29,"key":"PowerPotion"}],"is_trial":false,"path_per_floor":["M","?","M","?","M","R","E","$","T","M","M","M","M","$","R","B",null,"M","M","$","?","?","E","R","E","T","R","M","E","$","E"],"character_chosen":"IRONCLAD","items_purchased":["EssenceOfSteel","Dexterity Potion","Clothesline","Block Potion","Explosive Potion","Shrug It Off"],"campfire_rested":1,"item_purchase_floors":[8,8,14,20,20,30],"current_hp_per_floor":[64,44,40,24,24,48,24,24,24,36,48,44,50,50,50,52,73,61,45,45,45,45,37,37,21,21,21,51,25,25,0],"gold":22,"neow_bonus":"BOSS_RELIC","is_prod":false,"is_daily":false,"chose_seed":false,"campfire_upgraded":3,"win_rate":0,"timestamp":1564105038,"path_taken":["M","?","M","?","M","R","E","?","T","M","M","M","M","$","R","BOSS","M","M","$","?","?","E","R","E","T","R","M","E","?","E"],"build_version":"2019-07-17","purchased_purges":4,"victory":false,"max_hp_per_floor":[80,80,80,80,80,80,80,80,80,80,80,80,80,80,80,80,80,80,80,80,80,80,80,80,80,80,80,84,84,84,87],"card_choices":[{"not_picked":["Sword Boomerang","Warcry"],"picked":"Battle Trance","floor":1},{"not_picked":["Shockwave","Flex"],"picked":"Shrug It Off","floor":3},{"not_picked":["Shrug It Off","Rupture"],"picked":"Pommel Strike","floor":5},{"not_picked":["Headbutt","Rampage"],"picked":"Body Slam","floor":7},{"not_picked":["Body Slam","Flex"],"picked":"Thunderclap","floor":10},{"not_picked":["Evolve","Spot Weakness"],"picked":"Offering","floor":11},{"not_picked":["Iron Wave","Clothesline"],"picked":"Ghostly Armor","floor":12},{"not_picked":["Clash","Iron Wave"],"picked":"Uppercut","floor":13},{"not_picked":["Offering","Fiend Fire"],"picked":"Berserk","floor":16},{"not_picked":["Perfected Strike+1","Bloodletting"],"picked":"Shockwave","floor":18},{"not_picked":["Pummel","Iron Wave"],"picked":"Flame Barrier+1","floor":19},{"not_picked":["Flex+1","Searing Blow","Cleave"],"picked":"SKIP","floor":23},{"not_picked":["Burning Pact","Corruption"],"picked":"Pommel Strike+1","floor":25},{"not_picked":["Heavy Blade","Searing Blow","Clothesline"],"picked":"Singing Bowl","floor":28},{"not_picked":["Wild Strike","Sword Boomerang+1","Dark Embrace"],"picked":"Singing Bowl","floor":28},{"not_picked":["Flex","Havoc+1"],"picked":"Feed","floor":29}],"player_experience":314286,"relics_obtained":[{"floor":7,"key":"Smiling Mask"},{"floor":9,"key":"Meat on the Bone"},{"floor":23,"key":"Gremlin Horn"},{"floor":25,"key":"Prayer Wheel"},{"floor":26,"key":"Singing Bowl"},{"floor":29,"key":"Lantern"}],"event_choices":[{"damage_healed":0,"gold_gain":0,"player_choice":"Take Damage","damage_taken":20,"relics_obtained":["Golden Idol"],"max_hp_gain":0,"max_hp_loss":0,"event_name":"Golden Idol","floor":2,"gold_loss":0},{"damage_healed":0,"gold_gain":0,"player_choice":"Entered Light","damage_taken":16,"max_hp_gain":0,"max_hp_loss":0,"event_name":"Shining Light","floor":4,"gold_loss":0,"cards_upgraded":["Defend_R","Strike_R"]},{"damage_healed":0,"gold_gain":0,"player_choice":"Paid Fearfully","damage_taken":0,"max_hp_gain":0,"max_hp_loss":0,"event_name":"Masked Bandits","floor":21,"gold_loss":34},{"damage_healed":0,"gold_gain":0,"player_choice":"Ignored","damage_taken":0,"max_hp_gain":0,"max_hp_loss":0,"event_name":"Vampires","floor":22,"gold_loss":0}],"is_beta":false,"boss_relics":[{"not_picked":["Runic Cube","Lizard Tail"],"picked":"Pandora\u0027s Box"}],"items_purged_floors":[8,14,20,30],"is_endless":false,"potions_floor_spawned":[1,7,11,12,23,25,28,29],"killed_by":"Slavers","ascension_level":7}