{"gold_per_floor":[110,123,141,151,151,151,166,195,195,207,207,227,243,261,261,358,358,377,388,388,407,507,507,18,34,115,133,158,158,175,175,175,277,277,287,306,8,23,23,23,23,23,23,23,23,36,49,49,49,49],"floor_reached":51,"playtime":2523,"items_purged":["Strike_G","Shame"],"score":775,"play_id":"b25434e9-17de-4857-94f4-22ed2f676509","local_time":"20181109170901","is_ascension_mode":false,"campfire_choices":[{"floor":6,"key":"REST"},{"floor":11,"key":"REST"},{"floor":15,"key":"REST"},{"floor":23,"key":"REST"},{"floor":32,"key":"REST"},{"floor":40,"key":"REST"},{"floor":45,"key":"REST"},{"floor":49,"key":"REST"}],"neow_cost":"NONE","seed_source_timestamp":2549759041658854,"circlet_count":0,"master_deck":["Defend_G+1","Defend_G+1","Defend_G+1","Defend_G+1","Defend_G+1","Survivor+1","Neutralize+1","Crippling Poison+1","Poisoned Stab+1","Backflip+1","Endless Agony+1","Die Die Die+1","Backflip+1","Leg Sweep+1","PiercingWail+1","Deadly Poison+1","Backstab+1","Poisoned Stab+1","Adrenaline+1","Noxious Fumes+1","Acrobatics+1","Poisoned Stab+1","Dash+1","Mayhem+1","Backflip+1","Calculated Gamble+1","Underhanded Strike+1","Calculated Gamble+1","Leg Sweep+1","Bite+1","Bite+1","Bite+1","Bite+1","Bite+1","Malaise+1","Backflip+1","Expertise+1","Backstab+1","Flying Knee+1","Tactician+1","Deflect+1","Acrobatics+1","Tactician+1","Parasite","Deadly Poison+1","Poisoned Stab+1","Predator+1","Cloak And Dagger+1"],"relics":["Fusion Hammer","Ancient Tea Set","Bird Faced Urn","Cursed Key","Paper Crane","Prayer Wheel","Bottled Lightning","Vajra","The Courier","StoneCalendar","White Beast Statue","Potion Belt","Mark of the Bloom","Molten Egg 2"],"potions_floor_usage":[8,8,16,16,22,22,22,27,28,30,33,33,47,47,50,50,50,50],"damage_taken":[{"damage":0,"enemies":"Jaw Worm","floor":1,"turns":5},{"damage":1,"enemies":"Cultist","floor":2,"turns":4},{"damage":0,"enemies":"Small Slimes","floor":3,"turns":3},{"damage":0,"enemies":"2 Fungi Beasts","floor":4,"turns":4},{"damage":0,"enemies":"3 Louse","floor":7,"turns":2},{"damage":18,"enemies":"Gremlin Nob","floor":8,"turns":4},{"damage":1,"enemies":"Red Slaver","floor":10,"turns":3},{"damage":0,"enemies":"Looter","floor":12,"turns":3},{"damage":0,"enemies":"3 Louse","floor":13,"turns":1},{"damage":3,"enemies":"Exordium Wildlife","floor":14,"turns":3},{"damage":21,"enemies":"Slime Boss","floor":16,"turns":10},{"damage":0,"enemies":"3 Byrds","floor":18,"turns":5},{"damage":0,"enemies":"Chosen","floor":19,"turns":4},{"damage":0,"enemies":"Centurion and Healer","floor":21,"turns":7},{"damage":4,"enemies":"Colosseum Slavers","floor":22,"turns":4},{"damage":10,"enemies":"Colosseum Nobs","floor":22,"turns":5},{"damage":21,"enemies":"Snake Plant","floor":25,"turns":4},{"damage":10,"enemies":"Snecko","floor":27,"turns":8},{"damage":15,"enemies":"Slavers","floor":28,"turns":5},{"damage":5,"enemies":"Cultist and Chosen","floor":30,"turns":5},{"damage":13,"enemies":"Collector","floor":33,"turns":9},{"damage":0,"enemies":"3 Shapes","floor":35,"turns":4},{"damage":0,"enemies":"3 Darklings","floor":36,"turns":5},{"damage":8,"enemies":"Maw","floor":38,"turns":8},{"damage":0,"enemies":"4 Shapes","floor":46,"turns":4},{"damage":0,"enemies":"Sphere and 2 Shapes","floor":47,"turns":3},{"damage":13,"enemies":"Donu and Deca","floor":50,"turns":9}],"seed_played":"-8613320504692237804","potions_obtained":[{"floor":3,"key":"Energy Potion"},{"floor":4,"key":"LiquidBronze"},{"floor":10,"key":"SkillPotion"},{"floor":12,"key":"Block Potion"},{"floor":14,"key":"PowerPotion"},{"floor":16,"key":"GamblersBrew"},{"floor":18,"key":"SkillPotion"},{"floor":25,"key":"Dexterity Potion"},{"floor":28,"key":"Swift Potion"},{"floor":29,"key":"Fire Potion"},{"floor":29,"key":"SkillPotion"},{"floor":30,"key":"GhostInAJar"},{"floor":35,"key":"Dexterity Potion"},{"floor":36,"key":"FearPotion"},{"floor":38,"key":"Fire Potion"},{"floor":46,"key":"SkillPotion"},{"floor":47,"key":"Fire Potion"}],"is_trial":false,"path_per_floor":["M","M","M","M","?","R","M","E","T","M","R","M","M","M","R","B",null,"M","M","?","M","?","R","$","M","T","M","E","?","M","?","R","B",null,"M","M","$","M","?","R","?","$","T","$","R","M","M","$","R","B",null],"character_chosen":"THE_SILENT","items_purchased":["Mayhem","Vajra","Energy Potion","Poison Potion","Potion Belt","Tactician","Deflect"],"campfire_rested":8,"item_purchase_floors":[24,24,24,24,37,37,37],"current_hp_per_floor":[70,69,69,69,69,70,70,52,52,51,70,70,70,67,70,49,70,70,70,70,70,60,70,70,49,49,43,32,32,29,29,43,40,49,49,49,49,49,49,49,49,49,49,49,49,49,49,49,49,36],"gold":49,"neow_bonus":"BOSS_RELIC","is_prod":false,"is_daily":false,"chose_seed":false,"campfire_upgraded":0,"win_rate":0,"timestamp":1541804941,"path_taken":["M","M","M","M","?","R","M","E","T","M","R","M","M","?","R","BOSS","M","?","?","M","?","R","$","M","T","M","E","?","?","?","R","BOSS","M","M","$","M","?","R","?","$","T","$","R","M","?","?","R","BOSS"],"build_version":"2018-11-08","purchased_purges":2,"victory":true,"max_hp_per_floor":[70,70,70,70,70,70,70,70,70,70,70,70,70,70,70,70,70,70,70,70,70,70,70,70,70,70,70,70,70,70,49,49,49,49,49,49,49,49,49,49,49,49,49,49,49,49,49,49,49,49],"card_choices":[{"not_picked":["Acrobatics","Expertise"],"picked":"Crippling Poison","floor":1},{"not_picked":["PiercingWail","Dodge and Roll"],"picked":"Poisoned Stab","floor":2},{"not_picked":["Flying Knee","Glass Knife"],"picked":"Backflip","floor":3},{"not_picked":["Underhanded Strike","Deflect"],"picked":"Endless Agony","floor":4},{"not_picked":["Sucker Punch","Eviscerate"],"picked":"Leg Sweep","floor":7},{"not_picked":["Riddle With Holes","Crippling Poison"],"picked":"PiercingWail","floor":8},{"not_picked":["PiercingWail","Well Laid Plans"],"picked":"Deadly Poison","floor":10},{"not_picked":["Deflect","Underhanded Strike","Catalyst"],"picked":"SKIP","floor":12},{"not_picked":["Backflip","A Thousand Cuts"],"picked":"Backstab","floor":13},{"not_picked":["Blade Dance","Dagger Spray"],"picked":"Poisoned Stab","floor":14},{"not_picked":["A Thousand Cuts","Wraith Form v2"],"picked":"Adrenaline","floor":16},{"not_picked":["Outmaneuver","Riddle With Holes"],"picked":"Noxious Fumes","floor":18},{"not_picked":["Accuracy","Bane"],"picked":"Acrobatics","floor":19},{"not_picked":["Heel Hook","Cloak And Dagger"],"picked":"Poisoned Stab+1","floor":21},{"not_picked":["Deflect","PiercingWail"],"picked":"Dash","floor":22},{"not_picked":["Sucker Punch","Cloak And Dagger"],"picked":"Backflip","floor":25},{"not_picked":["Outmaneuver","Prepared","All Out Attack+1"],"picked":"SKIP","floor":25},{"not_picked":["Dagger Throw","Quick Slash"],"picked":"Calculated Gamble+1","floor":27},{"not_picked":["Sucker Punch","Poisoned Stab"],"picked":"Underhanded Strike","floor":27},{"not_picked":["Wraith Form v2","Dodge and Roll"],"picked":"Calculated Gamble+1","floor":28},{"not_picked":["Finisher","Acrobatics"],"picked":"Leg Sweep+1","floor":30},{"not_picked":["Choke","PiercingWail","Blade Dance"],"picked":"SKIP","floor":30},{"not_picked":["Corpse Explosion","Storm of Steel"],"picked":"Malaise","floor":33},{"not_picked":["Distraction","Blade Dance+1"],"picked":"Backflip+1","floor":35},{"not_picked":["Acrobatics+1","Infinite Blades+1"],"picked":"Expertise+1","floor":35},{"not_picked":["Dash","Prepared"],"picked":"Backstab","floor":36},{"not_picked":["Noxious Fumes+1","Riddle With Holes+1"],"picked":"Flying Knee","floor":36},{"not_picked":["All Out Attack+1","Deadly Poison+1"],"picked":"Acrobatics+1","floor":38},{"not_picked":["Accuracy","Riddle With Holes+1"],"picked":"Tactician+1","floor":38},{"not_picked":["Dash+1","Reflex+1"],"picked":"Deadly Poison+1","floor":46},{"not_picked":["Infinite Blades+1","Backflip+1"],"picked":"Poisoned Stab+1","floor":46},{"not_picked":["Prepared","Dagger Spray+1"],"picked":"Predator+1","floor":47},{"not_picked":["Dagger Throw+1","Burst"],"picked":"Cloak And Dagger+1","floor":47}],"player_experience":222191,"relics_obtained":[{"floor":8,"key":"Ancient Tea Set"},{"floor":9,"key":"Bird Faced Urn"},{"floor":22,"key":"Prayer Wheel"},{"floor":22,"key":"Bottled Lightning"},{"floor":26,"key":"The Courier"},{"floor":28,"key":"StoneCalendar"},{"floor":43,"key":"Molten Egg 2"}],"event_choices":[{"damage_healed":0,"gold_gain":0,"player_choice":"2 cards matched","damage_taken":0,"max_hp_gain":0,"max_hp_loss":0,"event_name":"Match and Keep!","floor":5,"gold_loss":0,"cards_obtained":["Die Die Die","Backflip"]},{"damage_healed":0,"gold_gain":0,"player_choice":"Opened","damage_taken":0,"relics_obtained":["Paper Crane"],"max_hp_gain":0,"max_hp_loss":0,"event_name":"The Mausoleum","floor":20,"gold_loss":0},{"damage_healed":0,"gold_gain":0,"player_choice":"Fight","damage_taken":0,"max_hp_gain":0,"max_hp_loss":0,"event_name":"Colosseum","floor":22,"gold_loss":0},{"damage_healed":0,"gold_gain":0,"player_choice":"Fought Nobs","damage_taken":0,"max_hp_gain":0,"max_hp_loss":0,"event_name":"Colosseum","floor":22,"gold_loss":0},{"damage_healed":0,"gold_gain":0,"player_choice":"Got Potions","damage_taken":0,"max_hp_gain":0,"max_hp_loss":0,"event_name":"Lab","floor":29,"gold_loss":0},{"damage_healed":0,"gold_gain":0,"player_choice":"Became a vampire","damage_taken":0,"max_hp_gain":0,"max_hp_loss":21,"event_name":"Vampires","floor":31,"gold_loss":0,"cards_obtained":["Bite","Bite","Bite","Bite","Bite"]},{"damage_healed":0,"gold_gain":0,"player_choice":"Upgrade","damage_taken":0,"relics_obtained":["Mark of the Bloom"],"max_hp_gain":0,"max_hp_loss":0,"event_name":"MindBloom","floor":39,"gold_loss":0,"cards_upgraded":["Defend_G","Defend_G","Defend_G","Defend_G","Defend_G","Survivor","Neutralize","Crippling Poison","Poisoned Stab","Backflip","Endless Agony","Die Die Die","Backflip","Leg Sweep","PiercingWail","Deadly Poison","Backstab","Poisoned Stab","Adrenaline","Noxious Fumes","Acrobatics","Dash","Mayhem","Backflip","Underhanded Strike","Bite","Bite","Bite","Bite","Bite","Malaise","Backstab","Flying Knee","Tactician","Deflect"]},{"damage_healed":0,"gold_gain":0,"player_choice":"Ignored","damage_taken":0,"max_hp_gain":0,"max_hp_loss":0,"event_name":"Upgrade Shrine","floor":41,"gold_loss":0}],"is_beta":true,"boss_relics":[{"not_picked":["Snecko Eye","Philosopher\u0027s Stone"],"picked":"Cursed Key"},{"not_picked":["Sozu","Busted Crown"],"picked":"White Beast Statue"}],"items_purged_floors":[24,37],"is_endless":false,"potions_floor_spawned":[3,4,10,12,14,16,18,22,25,28,30,35,36,38,46,47],"ascension_level":0}