{"gold_per_floor":[109,34,34,34,58,93,106,106,106,106,125,55,55,89,89,213,213,238,257,382,382,403,444,444],"floor_reached":24,"playtime":1226,"items_purged":["Strike_R"],"score":249,"play_id":"c6a78e54-bcc0-444f-ab77-685fab120831","local_time":"20190204012855","is_ascension_mode":false,"campfire_choices":[{"data":"Body Slam","floor":10,"key":"SMITH"},{"data":"Whirlwind","floor":13,"key":"SMITH"},{"data":"Pommel Strike","floor":15,"key":"SMITH"}],"neow_cost":"NONE","seed_source_timestamp":574873971728491,"circlet_count":0,"master_deck":["Strike_R","Strike_R","Strike_R","Strike_R","Defend_R","Defend_R","Defend_R","Defend_R","Bash","Iron Wave","Body Slam+1","Pommel Strike+1","Iron Wave","Whirlwind+1","Intimidate","Limit Break","Flex","Shrug It Off","Armaments","Bloodletting"],"relics":["Burning Blood","NeowsBlessing","Golden Idol","Ornamental Fan","Bag of Preparation","Coffee Dripper","Du-Vu Doll","Question Card","GremlinMask","Pantograph"],"potions_floor_usage":[14,20,23],"damage_taken":[{"damage":0,"enemies":"Small Slimes","floor":1,"turns":1},{"damage":0,"enemies":"Jaw Worm","floor":5,"turns":1},{"damage":0,"enemies":"3 Sentries","floor":6,"turns":1},{"damage":0,"enemies":"Cultist","floor":7,"turns":4},{"damage":2,"enemies":"Looter","floor":11,"turns":5},{"damage":7,"enemies":"Gremlin Nob","floor":14,"turns":4},{"damage":26,"enemies":"Slime Boss","floor":16,"turns":10},{"damage":1,"enemies":"2 Thieves","floor":18,"turns":5},{"damage":11,"enemies":"Shell Parasite","floor":19,"turns":4},{"damage":8,"enemies":"Colosseum Slavers","floor":20,"turns":4},{"damage":9,"enemies":"Colosseum Nobs","floor":20,"turns":3},{"damage":21,"enemies":"Snake Plant","floor":22,"turns":5},{"damage":36,"enemies":"Gremlin Leader","floor":23,"turns":9},{"damage":30,"enemies":"Sentry and Sphere","floor":24,"turns":5}],"seed_played":"3908735314687313267","potions_obtained":[{"floor":5,"key":"SkillPotion"},{"floor":6,"key":"EssenceOfSteel"},{"floor":14,"key":"Weak Potion"},{"floor":19,"key":"Explosive Potion"}],"is_trial":false,"path_per_floor":["M","$","?","?","M","E","M","?","T","R","M","$","R","E","R","B",null,"M","M","?","?","M","E","M"],"character_chosen":"IRONCLAD","items_purchased":["Whirlwind"],"campfire_rested":0,"item_purchase_floors":[12],"current_hp_per_floor":[80,80,60,60,66,72,78,78,78,78,80,80,80,79,79,59,80,80,75,70,70,55,25,0],"gold":444,"neow_bonus":"THREE_ENEMY_KILL","is_prod":false,"is_daily":false,"chose_seed":false,"campfire_upgraded":3,"win_rate":0,"timestamp":1549211335,"path_taken":["M","$","?","?","M","E","M","?","T","R","?","$","R","E","R","BOSS","M","M","?","?","M","E","M"],"build_version":"2019-01-23","purchased_purges":1,"victory":false,"max_hp_per_floor":[80,80,80,80,80,80,80,80,80,80,80,80,80,80,80,80,80,80,80,80,80,80,80,80],"card_choices":[{"not_picked":["Perfected Strike","Corruption"],"picked":"Iron Wave","floor":1},{"not_picked":["True Grit","Iron Wave"],"picked":"Body Slam","floor":5},{"not_picked":["Second Wind","Clothesline"],"picked":"Pommel Strike","floor":6},{"not_picked":["Infernal Blade","Havoc","Searing Blow"],"picked":"SKIP","floor":7},{"not_picked":["Sever Soul","Headbutt"],"picked":"Iron Wave","floor":11},{"not_picked":["Anger","Dropkick"],"picked":"Intimidate","floor":14},{"not_picked":["Bludgeon","Dark Embrace"],"picked":"Limit Break","floor":16},{"not_picked":["Second Wind","Havoc","Evolve"],"picked":"SKIP","floor":18},{"not_picked":["Thunderclap","Iron Wave+1"],"picked":"Flex","floor":19},{"not_picked":["Warcry","Clothesline"],"picked":"Shrug It Off","floor":20},{"not_picked":["Cleave+1","Heavy Blade","Burning Pact"],"picked":"Armaments","floor":22},{"not_picked":["Thunderclap","Clothesline","Iron Wave"],"picked":"Bloodletting","floor":23}],"player_experience":123506,"relics_obtained":[{"floor":6,"key":"Ornamental Fan"},{"floor":14,"key":"Bag of Preparation"},{"floor":20,"key":"Du-Vu Doll"},{"floor":20,"key":"Question Card"},{"floor":23,"key":"Pantograph"}],"event_choices":[{"damage_healed":0,"gold_gain":0,"player_choice":"Take Damage","damage_taken":20,"relics_obtained":["Golden Idol"],"max_hp_gain":0,"max_hp_loss":0,"event_name":"Golden Idol","floor":3,"gold_loss":0},{"damage_healed":0,"gold_gain":0,"player_choice":"Ignored","damage_taken":0,"max_hp_gain":0,"max_hp_loss":0,"event_name":"Liars Game","floor":4,"gold_loss":0},{"damage_healed":0,"gold_gain":0,"player_choice":"Bought 0 Potions","damage_taken":0,"max_hp_gain":0,"max_hp_loss":0,"event_name":"The Woman in Blue","floor":8,"gold_loss":0},{"damage_healed":0,"gold_gain":0,"player_choice":"Fight","damage_taken":0,"max_hp_gain":0,"max_hp_loss":0,"event_name":"Colosseum","floor":20,"gold_loss":0},{"damage_healed":0,"gold_gain":0,"player_choice":"Fought Nobs","damage_taken":0,"max_hp_gain":0,"max_hp_loss":0,"event_name":"Colosseum","floor":20,"gold_loss":0},{"damage_healed":0,"gold_gain":0,"player_choice":"Trade","damage_taken":0,"relics_obtained":["GremlinMask"],"max_hp_gain":0,"max_hp_loss":0,"event_name":"FaceTrader","floor":21,"gold_loss":0}],"is_beta":false,"boss_relics":[{"not_picked":["Runic Dome","Black Star"],"picked":"Coffee Dripper"}],"items_purged_floors":[2],"is_endless":false,"potions_floor_spawned":[5,6,14,19,20],"killed_by":"Sentry and Sphere","ascension_level":0}