{"gold_per_floor":[118,43,53,64,64,64,96,96,143,159,185,197,197,213,213,312,312,324,324,336,169,179,207,207,220,245,277,277,312,25,52,82,82],"floor_reached":33,"playtime":1957,"items_purged":["Strike_R","Defend_R","Bite"],"score":340,"play_id":"9792a1a7-2797-49f4-8926-7b01b5f63cc6","local_time":"20190825233156","is_ascension_mode":false,"campfire_choices":[{"data":"Shrug It Off","floor":6.0,"key":"SMITH"},{"data":"Uppercut","floor":8.0,"key":"SMITH"},{"data":"Armaments","floor":13.0,"key":"SMITH"},{"data":"Cleave","floor":15.0,"key":"SMITH"},{"data":"Hemokinesis","floor":24.0,"key":"SMITH"},{"floor":32,"key":"DIG"}],"neow_cost":"NONE","seed_source_timestamp":826776151099000,"circlet_count":0,"master_deck":["Defend_R","Defend_R","Defend_R","Bash+1","Shrug It Off+1","Intimidate","Pommel Strike","Uppercut+1","Shrug It Off","Cleave+1","Armaments+1","Immolate","Bite","Bite","Bite","Bite","Inflame","Flex","Hemokinesis+1","Juggernaut","Shrug It Off","Rage","Battle Trance"],"special_seed":0,"relics":["Black Blood","Red Skull","Bird Faced Urn","Strawberry","Anchor","Shovel","Smiling Mask","Red Mask","Orichalcum","Kunai","Tiny Chest"],"potions_floor_usage":[29],"damage_taken":[{"damage":3.0,"enemies":"2 Louse","floor":1.0,"turns":2.0},{"damage":3.0,"enemies":"Jaw Worm","floor":3.0,"turns":3.0},{"damage":1.0,"enemies":"Cultist","floor":4.0,"turns":4.0},{"damage":33.0,"enemies":"Gremlin Nob","floor":7.0,"turns":5.0},{"damage":0.0,"enemies":"Red Slaver","floor":10.0,"turns":4.0},{"damage":7.0,"enemies":"Lagavulin","floor":11.0,"turns":8.0},{"damage":0.0,"enemies":"2 Fungi Beasts","floor":12.0,"turns":3.0},{"damage":6.0,"enemies":"Lots of Slimes","floor":14.0,"turns":4.0},{"damage":12.0,"enemies":"The Guardian","floor":16.0,"turns":13.0},{"damage":12.0,"enemies":"Spheric Guardian","floor":18.0,"turns":4.0},{"damage":29.0,"enemies":"3 Byrds","floor":20.0,"turns":6.0},{"damage":38.0,"enemies":"Centurion and Healer","floor":22.0,"turns":11.0},{"damage":22.0,"enemies":"Gremlin Leader","floor":23.0,"turns":6.0},{"damage":16.0,"enemies":"Chosen and Byrds","floor":25.0,"turns":6.0},{"damage":33.0,"enemies":"Slavers","floor":27.0,"turns":6.0},{"damage":26,"enemies":"Masked Bandits","floor":29,"turns":4},{"damage":49,"enemies":"Book of Stabbing","floor":31,"turns":8},{"damage":90,"enemies":"Collector","floor":33,"turns":9}],"seed_played":"8716128859930153521","potions_obtained":[{"floor":7.0,"key":"EssenceOfSteel"},{"floor":10.0,"key":"LiquidBronze"},{"floor":11.0,"key":"FearPotion"},{"floor":16.0,"key":"Swift Potion"},{"floor":20.0,"key":"Swift Potion"},{"floor":23.0,"key":"Weak Potion"},{"floor":25.0,"key":"Regen Potion"},{"floor":29,"key":"Weak Potion"}],"is_trial":false,"path_per_floor":["M","$","M","M","?","R","E","R","T","M","E","M","R","M","R","B",null,"M","?","M","$","M","E","R","M","T","E","T","?","$","E","R","B"],"character_chosen":"IRONCLAD","items_purchased":["Inflame","Rage","Orichalcum"],"campfire_rested":0,"item_purchase_floors":[21,30,30],"current_hp_per_floor":[80,80,80,80,80,80,53,53,53,61,62,70,70,72,72,68,80,78,78,66,66,60,68,68,78,78,79,79,67,67,50,50,0],"gold":82,"neow_bonus":"UPGRADE_CARD","is_prod":false,"is_daily":false,"chose_seed":false,"campfire_upgraded":5,"win_rate":0,"timestamp":1566743516,"path_taken":["M","$","M","M","?","R","E","R","T","M","E","M","R","M","R","BOSS","M","?","M","$","M","E","R","M","T","E","?","?","$","E","R","BOSS"],"build_version":"2019-07-17","purchased_purges":3,"victory":false,"max_hp_per_floor":[80,80,80,80,80,80,80,80,80,80,80,80,80,80,80,80,80,80,80,80,80,80,87,87,87,87,87,87,87,87,87,87,87],"card_choices":[{"not_picked":["Heavy Blade","Wild Strike"],"picked":"Shrug It Off","floor":1.0},{"not_picked":["Anger","Perfected Strike"],"picked":"Intimidate","floor":3.0},{"not_picked":["Twin Strike","Body Slam"],"picked":"Pommel Strike","floor":4.0},{"not_picked":["Sever Soul","Reckless Charge"],"picked":"Uppercut","floor":7.0},{"not_picked":["Wild Strike","Thunderclap"],"picked":"Shrug It Off","floor":10.0},{"not_picked":["True Grit","Blood for Blood"],"picked":"Cleave","floor":11.0},{"not_picked":["Intimidate","Battle Trance"],"picked":"Armaments","floor":12.0},{"not_picked":["Heavy Blade","Sever Soul","Exhume"],"picked":"SKIP","floor":14.0},{"not_picked":["Reaper","Exhume"],"picked":"Immolate","floor":16.0},{"not_picked":["Twin Strike","Wild Strike","Warcry"],"picked":"SKIP","floor":18.0},{"not_picked":["Intimidate+1","Pommel Strike","Blood for Blood"],"picked":"SKIP","floor":20.0},{"not_picked":["Bloodletting","Power Through"],"picked":"Flex","floor":22.0},{"not_picked":["Pommel Strike","Cleave"],"picked":"Hemokinesis","floor":23.0},{"not_picked":["Dual Wield","Twin Strike"],"picked":"Juggernaut","floor":25.0},{"not_picked":["Juggernaut","Thunderclap","Infernal Blade"],"picked":"SKIP","floor":27.0},{"not_picked":["Pommel Strike","Heavy Blade"],"picked":"Shrug It Off","floor":29},{"not_picked":["Wild Strike","Headbutt"],"picked":"Battle Trance","floor":31}],"player_experience":291692,"relics_obtained":[{"floor":7.0,"key":"Blood Vial"},{"floor":9.0,"key":"Red Skull"},{"floor":11.0,"key":"Bird Faced Urn"},{"floor":23.0,"key":"Strawberry"},{"floor":26.0,"key":"Anchor"},{"floor":27.0,"key":"Shovel"},{"floor":28.0,"key":"Smiling Mask"},{"floor":29,"key":"Red Mask"},{"floor":31,"key":"Kunai"},{"floor":32,"key":"Tiny Chest"}],"event_choices":[{"damage_healed":0.0,"max_hp_gain":0.0,"max_hp_loss":0.0,"gold_gain":0.0,"event_name":"Liars Game","player_choice":"Ignored","floor":5.0,"gold_loss":0.0,"damage_taken":0.0},{"damage_healed":0.0,"max_hp_gain":0.0,"max_hp_loss":0.0,"gold_gain":0.0,"event_name":"Vampires","player_choice":"Became a vampire (Vial)","floor":19.0,"relics_lost":["Blood Vial"],"gold_loss":0.0,"damage_taken":0.0,"cards_obtained":["Bite","Bite","Bite","Bite","Bite"]},{"damage_healed":0,"gold_gain":0,"player_choice":"Fought Bandits","damage_taken":0,"max_hp_gain":0,"max_hp_loss":0,"event_name":"Masked Bandits","floor":29,"gold_loss":0}],"is_beta":false,"boss_relics":[{"not_picked":["Ectoplasm","Calling Bell"],"picked":"Black Blood"}],"items_purged_floors":[2,21,30],"is_endless":false,"potions_floor_spawned":[7,10,11,16,20,23,25,29],"killed_by":"Collector","ascension_level":0}