{"gold_per_floor":[119,135,135,147,166,166,199,215,238,163,180,180,180,198,198,297,297,310,225,244,262,281,281,22,22,22,47,147,167,167,92,92,92],"floor_reached":33,"playtime":1440,"items_purged":["Strike_B"],"score":294,"play_id":"e49fe128-da3e-4aa4-a4a3-17607e6d295b","local_time":"20190212202125","is_ascension_mode":false,"campfire_choices":[{"data":"Dualcast","floor":6,"key":"SMITH"},{"data":"Zap","floor":12,"key":"SMITH"},{"data":"Redo","floor":15,"key":"SMITH"},{"data":"Creative AI","floor":23,"key":"SMITH"},{"floor":25,"key":"REST"},{"data":"Buffer","floor":30,"key":"SMITH"},{"data":"Storm","floor":32,"key":"SMITH"}],"neow_cost":"NONE","seed_source_timestamp":442304400056127,"circlet_count":0,"master_deck":["Strike_B","Strike_B","Defend_B","Defend_B","Defend_B","Defend_B","Zap+1","Dualcast+1","Go for the Eyes","Conserve Battery","Chaos","Ball Lightning","Redo+1","Streamline","Self Repair","Creative AI+1","Leap","Buffer+1","Storm+1"],"relics":["Cracked Core","Boot","PreservedInsect","Singing Bowl","Sozu","Regal Pillow","Bottled Tornado","Matryoshka","Pen Nib"],"potions_floor_usage":[14,33],"damage_taken":[{"damage":1,"enemies":"Jaw Worm","floor":1,"turns":3},{"damage":0,"enemies":"Cultist","floor":2,"turns":3},{"damage":0,"enemies":"2 Louse","floor":4,"turns":3},{"damage":2,"enemies":"Exordium Thugs","floor":5,"turns":4},{"damage":23,"enemies":"3 Sentries","floor":7,"turns":7},{"damage":0,"enemies":"Looter","floor":8,"turns":3},{"damage":9,"enemies":"Exordium Wildlife","floor":11,"turns":4},{"damage":0,"enemies":"Lots of Slimes","floor":14,"turns":3},{"damage":50,"enemies":"Hexaghost","floor":16,"turns":10},{"damage":31,"enemies":"2 Thieves","floor":18,"turns":4},{"damage":7,"enemies":"Shell Parasite","floor":20,"turns":6},{"damage":34,"enemies":"3 Cultists","floor":21,"turns":6},{"damage":18,"enemies":"Snake Plant","floor":22,"turns":5},{"damage":26,"enemies":"Book of Stabbing","floor":27,"turns":5},{"damage":6,"enemies":"Snecko","floor":29,"turns":5},{"damage":72,"enemies":"Collector","floor":33,"turns":8}],"seed_played":"4827948692718574711","potions_obtained":[{"floor":4,"key":"SmokeBomb"},{"floor":5,"key":"Strength Potion"},{"floor":7,"key":"FocusPotion"},{"floor":8,"key":"Explosive Potion"},{"floor":14,"key":"Swift Potion"}],"is_trial":false,"path_per_floor":["M","M","?","M","M","R","E","M","T","$","M","R","T","M","R","B",null,"M","?","M","M","M","R","$","R","T","E","?","M","R","$","R","B"],"character_chosen":"DEFECT","items_purchased":["Bottled Tornado","Storm"],"campfire_rested":1,"item_purchase_floors":[24,31],"current_hp_per_floor":[81,81,81,81,79,79,56,56,56,56,47,47,47,56,56,13,84,60,60,62,37,35,35,35,77,77,60,60,68,68,68,68,0],"gold":92,"neow_bonus":"TEN_PERCENT_HP_BONUS","is_prod":false,"is_daily":false,"chose_seed":false,"campfire_upgraded":6,"win_rate":0,"timestamp":1549970485,"path_taken":["M","M","?","M","?","R","E","M","T","$","M","R","?","M","R","BOSS","M","?","M","M","M","R","$","R","T","E","?","?","R","$","R","BOSS"],"build_version":"2019-01-23","purchased_purges":1,"victory":false,"max_hp_per_floor":[82,82,82,82,82,82,82,82,82,82,82,82,82,84,84,84,84,84,84,86,88,90,90,90,90,90,92,92,92,92,92,92,92],"card_choices":[{"not_picked":["Compile Driver","Heatsinks"],"picked":"Go for the Eyes","floor":1},{"not_picked":["Beam Cell","Rebound","Go for the Eyes"],"picked":"SKIP","floor":2},{"not_picked":["Gash","Steam Power"],"picked":"Chaos","floor":4},{"not_picked":["Hologram","Capacitor"],"picked":"Ball Lightning","floor":5},{"not_picked":["Stack","Multi-Cast"],"picked":"Redo","floor":7},{"not_picked":["Aggregate","Leap"],"picked":"Streamline","floor":8},{"not_picked":["Barrage","Recycle"],"picked":"Self Repair","floor":11},{"not_picked":["Reinforced Body","Leap","Beam Cell"],"picked":"Singing Bowl","floor":14},{"not_picked":["Core Surge","Thunder Strike"],"picked":"Creative AI","floor":16},{"not_picked":["Compile Driver","Undo"],"picked":"Leap","floor":18},{"not_picked":["Cold Snap","Compile Driver","Gash"],"picked":"Singing Bowl","floor":20},{"not_picked":["Steam Power","Barrage","Lockon+1"],"picked":"Singing Bowl","floor":21},{"not_picked":["Beam Cell+1","Cold Snap","Darkness"],"picked":"Singing Bowl","floor":22},{"not_picked":["Gash","Consume","Doom and Gloom"],"picked":"Singing Bowl","floor":27},{"not_picked":["Conserve Battery","Stack+1"],"picked":"Buffer","floor":29}],"player_experience":218418,"relics_obtained":[{"floor":7,"key":"Boot"},{"floor":9,"key":"PreservedInsect"},{"floor":13,"key":"Singing Bowl"},{"floor":26,"key":"Matryoshka"},{"floor":27,"key":"Pen Nib"}],"event_choices":[{"damage_healed":0,"gold_gain":0,"cards_transformed":["Strike_B"],"player_choice":"Transformed","damage_taken":0,"max_hp_gain":0,"max_hp_loss":0,"event_name":"Transmorgrifier","floor":3,"gold_loss":0,"cards_obtained":["Conserve Battery"]},{"damage_healed":0,"gold_gain":0,"player_choice":"Obtained Relic","damage_taken":0,"relics_obtained":["Regal Pillow"],"max_hp_gain":0,"max_hp_loss":0,"event_name":"Addict","floor":19,"gold_loss":85},{"damage_healed":0,"gold_gain":100,"player_choice":"Pray","damage_taken":0,"max_hp_gain":0,"max_hp_loss":0,"event_name":"Golden Shrine","floor":28,"gold_loss":0}],"is_beta":false,"boss_relics":[{"not_picked":["White Beast Statue","Cursed Key"],"picked":"Sozu"}],"items_purged_floors":[10],"is_endless":false,"potions_floor_spawned":[4,5,7,8,14,16,27,29],"killed_by":"Collector","ascension_level":0}