{"gold_per_floor":[117,117,132,57,57,89,89,119,119,73,91,91,119,19,19,121,121,101,101,101,55,69,69,96,96,174,174,174,201,201,221,221,324,324,341,386,400,400,400,400,432,432,455,44,377,387,387,14,14,14,14,14,14,14],"floor_reached":54,"playtime":3428,"items_purged":["Strike_R","Strike_R","Strike_R","Defend_R"],"score":768,"play_id":"f8efa412-1f7c-436e-a6e9-bbba34a63ccc","local_time":"20190204205044","is_ascension_mode":false,"campfire_choices":[{"data":"Metallicize","floor":7.0,"key":"SMITH"},{"data":"True Grit","floor":12.0,"key":"SMITH"},{"data":"Feel No Pain","floor":15.0,"key":"SMITH"},{"data":"Havoc","floor":23.0,"key":"SMITH"},{"data":"True Grit","floor":25,"key":"SMITH"},{"data":"Bludgeon","floor":27,"key":"SMITH"},{"floor":32,"key":"REST"},{"data":"Dark Embrace","floor":40,"key":"SMITH"},{"floor":42,"key":"REST"},{"data":"Mayhem","floor":47,"key":"SMITH"},{"floor":49,"key":"RECALL"},{"data":"Ghostly","floor":52,"key":"SMITH"}],"neow_cost":"NONE","seed_source_timestamp":642225128921093,"circlet_count":0,"master_deck":["Strike_R","Defend_R","Bash","Panacea","Iron Wave","Metallicize+1","Bludgeon+1","Feel No Pain+1","Dual Wield","True Grit+1","Pommel Strike","Demon Form","Body Slam","Havoc+1","Sentinel","True Grit+1","Ghostly+1","Ghostly","Ghostly","Ghostly","Disarm","Inflame","Offering","Dark Embrace+1","Wild Strike+1","Reaper","Purity","Wild Strike+1","Mayhem+1","PanicButton","Corruption","Juggernaut","Infernal Blade"],"special_seed":0,"relics":["Burning Blood","Blood Vial","Letter Opener","Mango","Mark of Pain","Nloth\u0027s Gift","Boot","WingedGreaves","Sozu","Charon\u0027s Ashes","Pen Nib","Ancient Tea Set","Old Coin","Oddly Smooth Stone"],"potions_floor_usage":[24,24,33],"damage_taken":[{"damage":3.0,"enemies":"Cultist","floor":1.0,"turns":5.0},{"damage":9.0,"enemies":"2 Louse","floor":3.0,"turns":4.0},{"damage":14.0,"enemies":"Gremlin Nob","floor":6.0,"turns":4.0},{"damage":28.0,"enemies":"3 Sentries","floor":8.0,"turns":8.0},{"damage":6.0,"enemies":"Jaw Worm","floor":11.0,"turns":4.0},{"damage":28.0,"enemies":"Lagavulin","floor":13.0,"turns":10.0},{"damage":31.0,"enemies":"Hexaghost","floor":16.0,"turns":13.0},{"damage":11.0,"enemies":"2 Thieves","floor":18.0,"turns":4.0},{"damage":18.0,"enemies":"Colosseum Slavers","floor":19.0,"turns":7.0},{"damage":2.0,"enemies":"Chosen","floor":22.0,"turns":6.0},{"damage":52,"enemies":"Gremlin Leader","floor":24,"turns":10},{"damage":16,"enemies":"Slavers","floor":29,"turns":10},{"damage":3,"enemies":"Centurion and Healer","floor":31,"turns":7},{"damage":37,"enemies":"Collector","floor":33,"turns":10},{"damage":5,"enemies":"3 Darklings","floor":35,"turns":8},{"damage":11,"enemies":"2 Orb Walkers","floor":36,"turns":6},{"damage":0,"enemies":"Orb Walker","floor":37,"turns":3},{"damage":42,"enemies":"Giant Head","floor":41,"turns":9},{"damage":20,"enemies":"Reptomancer","floor":45,"turns":6},{"damage":1,"enemies":"Jaw Worm Horde","floor":46,"turns":5},{"damage":90,"enemies":"Time Eater","floor":50,"turns":12},{"damage":55,"enemies":"Shield and Spear","floor":54,"turns":5}],"seed_played":"2404380337300076915","potions_obtained":[{"floor":3.0,"key":"Dexterity Potion"},{"floor":6.0,"key":"LiquidBronze"},{"floor":8.0,"key":"Dexterity Potion"},{"floor":18.0,"key":"Dexterity Potion"},{"floor":22.0,"key":"SteroidPotion"},{"floor":29,"key":"AttackPotion"}],"is_trial":false,"path_per_floor":["M","?","M","$","?","E","R","E","T","$","M","R","E","$","R","B",null,"M","?","?","$","M","R","E","R","T","R","?","E","?","M","R","B",null,"M","?","M","?","?","R","E","R","T","$","E","M","R","$","R","B",null,"R","$","E"],"character_chosen":"IRONCLAD","items_purchased":["True Grit","Havoc","Mayhem","PanicButton","Corruption","Oddly Smooth Stone","Infernal Blade"],"campfire_rested":2,"item_purchase_floors":[10,21,44,44,44,48,48],"current_hp_per_floor":[80,80,77,77,77,69,69,49,49,49,51,51,45,45,45,22,94,89,79,79,79,85,85,41,41,41,41,41,33,33,38,47,16,47,47,42,47,47,47,47,17,31,31,31,33,45,45,45,45,9,47,47,47,0],"gold":14,"neow_bonus":"RANDOM_COLORLESS","is_prod":false,"is_daily":false,"chose_seed":false,"campfire_upgraded":9,"win_rate":0,"timestamp":1549281044,"path_taken":["M","?","M","$","?","E","R","E","T","$","?","R","E","$","R","BOSS","M","?","?","$","?","R","E","R","T","R","?","E","?","M","R","BOSS","M","?","M","?","?","R","E","R","T","$","E","M","R","$","R","BOSS","R","$","E"],"build_version":"2019-01-23","purchased_purges":4,"victory":false,"max_hp_per_floor":[80,80,80,80,80,80,80,80,80,80,80,80,94,94,94,94,94,94,94,94,94,94,94,94,94,94,94,47,47,47,47,47,47,47,47,47,47,47,47,47,47,47,47,47,47,47,47,47,47,47,47,47,47,47],"card_choices":[{"not_picked":["Anger","Shockwave"],"picked":"Iron Wave","floor":1.0},{"not_picked":["Sever Soul","Pummel"],"picked":"Metallicize","floor":3.0},{"not_picked":["Inflame","Pommel Strike"],"picked":"Feel No Pain","floor":6.0},{"not_picked":["Fire Breathing","Ghostly Armor"],"picked":"Dual Wield","floor":8.0},{"not_picked":["Pummel","Heavy Blade","Clothesline"],"picked":"SKIP","floor":11.0},{"not_picked":["Warcry","True Grit"],"picked":"Pommel Strike","floor":13.0},{"not_picked":["Limit Break","Fiend Fire"],"picked":"Demon Form","floor":16.0},{"not_picked":["Flex","Dual Wield+1"],"picked":"Body Slam","floor":18.0},{"not_picked":["Wild Strike","Carnage"],"picked":"Sentinel","floor":22.0},{"not_picked":["Rupture","Feed"],"picked":"True Grit","floor":24},{"not_picked":["Impervious","Limit Break"],"picked":"Disarm","floor":29},{"not_picked":["Pummel","Clothesline","Anger"],"picked":"SKIP","floor":31},{"not_picked":["Immolate","Impervious"],"picked":"Dark Embrace","floor":33},{"not_picked":["Rupture+1","Iron Wave","Sword Boomerang+1"],"picked":"SKIP","floor":35},{"not_picked":["Sword Boomerang+1","Armaments+1"],"picked":"Wild Strike+1","floor":36},{"not_picked":["Blood for Blood","Flame Barrier"],"picked":"Reaper","floor":37},{"not_picked":["Dramatic Entrance","Finesse"],"picked":"Purity","floor":38},{"not_picked":["Brutality","Havoc+1"],"picked":"Wild Strike+1","floor":41},{"not_picked":["Thunderclap","Whirlwind"],"picked":"Juggernaut","floor":45},{"not_picked":["Clash","Warcry","Anger"],"picked":"SKIP","floor":46}],"player_experience":137493,"relics_obtained":[{"floor":6.0,"key":"Blood Vial"},{"floor":8.0,"key":"Darkstone Periapt"},{"floor":9.0,"key":"Letter Opener"},{"floor":13.0,"key":"Mango"},{"floor":24,"key":"Boot"},{"floor":29,"key":"WingedGreaves"},{"floor":36,"key":"Charon\u0027s Ashes"},{"floor":41,"key":"Pen Nib"},{"floor":43,"key":"Ancient Tea Set"},{"floor":45,"key":"Old Coin"}],"event_choices":[{"damage_healed":0.0,"max_hp_gain":0.0,"max_hp_loss":0.0,"gold_gain":0.0,"event_name":"Liars Game","player_choice":"Ignored","floor":2.0,"gold_loss":0.0,"damage_taken":0.0},{"damage_healed":0.0,"max_hp_gain":0.0,"max_hp_loss":0.0,"gold_gain":0.0,"cards_transformed":["Defend_R"],"event_name":"Transmorgrifier","player_choice":"Transformed","floor":5.0,"gold_loss":0.0,"damage_taken":0.0,"cards_obtained":["Bludgeon"]},{"damage_healed":0.0,"max_hp_gain":0.0,"max_hp_loss":0.0,"gold_gain":0.0,"event_name":"Colosseum","player_choice":"Fight","floor":19.0,"gold_loss":0.0,"damage_taken":0.0},{"damage_healed":0.0,"max_hp_gain":0.0,"max_hp_loss":0.0,"gold_gain":0.0,"event_name":"Colosseum","player_choice":"Fled From Nobs","floor":19.0,"gold_loss":0.0,"damage_taken":0.0},{"damage_healed":0.0,"max_hp_gain":0.0,"max_hp_loss":0.0,"gold_gain":0.0,"event_name":"N\u0027loth","player_choice":"Traded Relic","floor":20.0,"relics_lost":["Darkstone Periapt"],"gold_loss":0.0,"damage_taken":0.0,"relics_obtained":["Nloth\u0027s Gift"]},{"damage_healed":0,"gold_gain":0,"player_choice":"Became a Ghost","damage_taken":0,"max_hp_gain":0,"max_hp_loss":47,"event_name":"Ghosts","floor":28,"gold_loss":0,"cards_obtained":["Ghostly","Ghostly","Ghostly","Ghostly","Ghostly"]},{"damage_healed":0,"gold_gain":0,"cards_transformed":["Strike_R","Defend_R"],"player_choice":"Became Test Subject","damage_taken":0,"max_hp_gain":0,"max_hp_loss":0,"event_name":"Drug Dealer","floor":30,"gold_loss":0,"cards_obtained":["Inflame","Offering"]},{"damage_healed":0,"gold_gain":0,"player_choice":"Fight","damage_taken":0,"max_hp_gain":0,"max_hp_loss":0,"event_name":"Mysterious Sphere","floor":36,"gold_loss":0},{"damage_healed":0,"gold_gain":0,"player_choice":"Memory 1","damage_taken":0,"max_hp_gain":0,"max_hp_loss":0,"event_name":"SensoryStone","floor":38,"gold_loss":0},{"cards_removed":["Ghostly"],"damage_healed":0,"gold_gain":0,"player_choice":"Removed Skill","damage_taken":0,"max_hp_gain":0,"max_hp_loss":0,"event_name":"Falling","floor":39,"gold_loss":0}],"is_beta":false,"boss_relics":[{"not_picked":["Philosopher\u0027s Stone","Orrery"],"picked":"Mark of Pain"},{"not_picked":["Tiny House","Coffee Dripper"],"picked":"Sozu"}],"items_purged_floors":[4,14,44,48],"is_endless":false,"potions_floor_spawned":[3,6,8,18,22,29,37,45],"killed_by":"Shield and Spear","ascension_level":0}