{"gold_per_floor":[114,128,146,31,45,45,45,45,72,72,89,100,100,26,26,126,126,140,140,157,256,273,308,308,318,395,11,11,30,30,30,30,126,126,140,15,30,41,41,41],"floor_reached":40,"playtime":13924,"items_purged":["Normality","Strike_G","Strike_G+1"],"score":398,"play_id":"bafe321e-72aa-4142-b583-b1f83ab9383d","local_time":"20190126210312","is_ascension_mode":false,"campfire_choices":[{"data":"Corpse Explosion","floor":6,"key":"SMITH"},{"data":"Neutralize","floor":8,"key":"SMITH"},{"data":"Noxious Fumes","floor":10,"key":"SMITH"},{"data":"Well Laid Plans","floor":15,"key":"SMITH"},{"data":"Envenom","floor":24,"key":"SMITH"},{"floor":32,"key":"REST"}],"neow_cost":"CURSE","seed_source_timestamp":211960895622704,"circlet_count":0,"master_deck":["Defend_G+1","Defend_G+1","Defend_G+1","Defend_G+1","Defend_G+1","Strike_G+1","Strike_G+1","Strike_G+1","Survivor","Neutralize+1","Corpse Explosion+1","PiercingWail","Noxious Fumes+1","Leg Sweep","Caltrops","Backstab+1","Well Laid Plans+1","Escape Plan","Tools of the Trade","Footwork","Dash+1","Envenom+1","Crippling Poison+1","Blur","Sadistic Nature","Cloak And Dagger","Noxious Fumes","Deadly Poison+1","Adrenaline","Bouncing Flask","Footwork","Neutralize+1"],"relics":["Ring of the Snake","Happy Flower","Orrery","Nilry\u0027s Codex","PreservedInsect","Molten Egg 2","Lizard Tail"],"potions_floor_usage":[20,23,23,23,33,33,40],"damage_taken":[{"damage":0,"enemies":"Small Slimes","floor":1,"turns":3},{"damage":0,"enemies":"Cultist","floor":2,"turns":4},{"damage":5,"enemies":"Jaw Worm","floor":3,"turns":5},{"damage":2,"enemies":"Exordium Wildlife","floor":5,"turns":5},{"damage":0,"enemies":"2 Fungi Beasts","floor":11,"turns":3},{"damage":0,"enemies":"Looter","floor":12,"turns":3},{"damage":10,"enemies":"Hexaghost","floor":16,"turns":8},{"damage":5,"enemies":"3 Byrds","floor":18,"turns":4},{"damage":0,"enemies":"Spheric Guardian","floor":20,"turns":5},{"damage":0,"enemies":"Snake Plant","floor":22,"turns":7},{"damage":17,"enemies":"Slavers","floor":23,"turns":4},{"damage":10,"enemies":"Sentry and Sphere","floor":25,"turns":7},{"damage":9,"enemies":"Snecko","floor":29,"turns":5},{"damage":8,"enemies":"Automaton","floor":33,"turns":10},{"damage":0,"enemies":"Orb Walker","floor":35,"turns":4},{"damage":20,"enemies":"3 Darklings","floor":37,"turns":4},{"damage":5,"enemies":"Maw","floor":38,"turns":9},{"damage":26,"enemies":"Reptomancer","floor":40,"turns":6}],"seed_played":"-3226340774063409996","potions_obtained":[{"floor":3,"key":"Explosive Potion"},{"floor":11,"key":"Poison Potion"},{"floor":18,"key":"EssenceOfSteel"},{"floor":22,"key":"LiquidBronze"},{"floor":25,"key":"Fire Potion"},{"floor":29,"key":"AttackPotion"},{"floor":38,"key":"Dexterity Potion"}],"is_trial":false,"path_per_floor":["M","M","M","$","M","R","?","R","T","R","M","M","?","$","R","B",null,"M","?","M","?","M","E","R","M","T","$","?","M","$","?","R","B",null,"M","$","M","M","?","E"],"character_chosen":"THE_SILENT","items_purchased":["Caltrops","Escape Plan","Sadistic Nature","Cloak And Dagger","Noxious Fumes"],"campfire_rested":1,"item_purchase_floors":[4,14,27,27,27],"current_hp_per_floor":[70,70,65,65,63,63,63,63,63,63,63,63,49,49,49,39,70,65,49,49,49,49,32,32,22,22,22,22,13,13,13,34,26,70,70,70,50,45,45,19],"gold":41,"neow_bonus":"THREE_RARE_CARDS","is_prod":false,"is_daily":false,"chose_seed":false,"campfire_upgraded":5,"win_rate":0,"timestamp":1548558192,"path_taken":["M","M","M","$","M","R","?","R","T","R","M","?","?","?","R","BOSS","M","?","M","?","M","E","R","M","T","$","?","M","?","?","R","BOSS","M","?","M","M","?","E"],"build_version":"2019-01-23","purchased_purges":3,"victory":false,"max_hp_per_floor":[70,70,70,70,70,70,70,70,70,70,70,70,70,70,70,70,70,70,70,70,70,70,70,70,70,70,70,70,70,70,70,70,70,70,70,70,70,70,70,70],"card_choices":[{"not_picked":["Glass Knife","Burst"],"picked":"Corpse Explosion","floor":0},{"not_picked":["Eviscerate","Masterful Stab"],"picked":"PiercingWail","floor":1},{"not_picked":["Acrobatics","Dagger Throw"],"picked":"Noxious Fumes","floor":2},{"not_picked":["Blade Dance","PiercingWail"],"picked":"Leg Sweep","floor":3},{"not_picked":["Concentrate","Night Terror","Dagger Throw"],"picked":"SKIP","floor":5},{"not_picked":["Outmaneuver","Expertise"],"picked":"Backstab","floor":11},{"not_picked":["Blade Dance","Flechettes"],"picked":"Well Laid Plans","floor":12},{"not_picked":["Corpse Explosion","Night Terror"],"picked":"Tools of the Trade","floor":16},{"not_picked":["Prepared","A Thousand Cuts"],"picked":"Footwork","floor":17},{"not_picked":["Acrobatics","Bane"],"picked":"Dash","floor":17},{"not_picked":["Choke","Slice","Setup"],"picked":"SKIP","floor":18},{"not_picked":["Acrobatics","Underhanded Strike","Poisoned Stab"],"picked":"SKIP","floor":20},{"not_picked":["Concentrate","Backstab+1"],"picked":"Envenom","floor":22},{"not_picked":["Eviscerate","Flechettes"],"picked":"Crippling Poison+1","floor":23},{"not_picked":["Reflex","Dagger Spray"],"picked":"Blur","floor":25},{"not_picked":["Predator+1","Crippling Poison"],"picked":"Deadly Poison+1","floor":29},{"not_picked":["Doppelganger","A Thousand Cuts"],"picked":"Adrenaline","floor":33},{"not_picked":["Dagger Spray+1","Deadly Poison"],"picked":"Bouncing Flask","floor":35},{"not_picked":["Slice+1","Deflect","All Out Attack+1"],"picked":"SKIP","floor":37},{"not_picked":["Outmaneuver","Unload+1"],"picked":"Footwork","floor":38}],"player_experience":391871,"relics_obtained":[{"floor":9,"key":"Happy Flower"},{"floor":19,"key":"Nilry\u0027s Codex"},{"floor":23,"key":"PreservedInsect"},{"floor":26,"key":"Molten Egg 2"}],"event_choices":[{"damage_healed":0,"gold_gain":0,"player_choice":"Ignored","damage_taken":0,"max_hp_gain":0,"max_hp_loss":0,"event_name":"NoteForYourself","floor":7,"gold_loss":0},{"damage_healed":0,"gold_gain":0,"player_choice":"Entered Light","damage_taken":14,"max_hp_gain":0,"max_hp_loss":0,"event_name":"Shining Light","floor":13,"gold_loss":0,"cards_upgraded":["Backstab","Strike_G"]},{"damage_healed":0,"gold_gain":0,"player_choice":"Obtained Book","damage_taken":16,"max_hp_gain":0,"max_hp_loss":0,"event_name":"Cursed Tome","floor":19,"gold_loss":0},{"damage_healed":0,"gold_gain":99,"player_choice":"Stole From Cult","damage_taken":0,"max_hp_gain":0,"max_hp_loss":0,"event_name":"Nest","floor":21,"gold_loss":0},{"damage_healed":0,"gold_gain":0,"player_choice":"Simplicity","damage_taken":0,"max_hp_gain":0,"max_hp_loss":0,"event_name":"Back to Basics","floor":28,"gold_loss":0,"cards_upgraded":["Defend_G","Defend_G","Defend_G","Defend_G","Defend_G","Strike_G","Strike_G","Strike_G"]},{"damage_healed":0,"gold_gain":0,"player_choice":"Forge","damage_taken":0,"max_hp_gain":0,"max_hp_loss":0,"event_name":"Accursed Blacksmith","floor":31,"gold_loss":0,"cards_upgraded":["Dash"]},{"damage_healed":0,"gold_gain":0,"player_choice":"1 cards matched","damage_taken":0,"max_hp_gain":0,"max_hp_loss":0,"event_name":"Match and Keep!","floor":39,"gold_loss":0,"cards_obtained":["Neutralize"]}],"is_beta":true,"boss_relics":[{"not_picked":["Sozu","HoveringKite"],"picked":"Orrery"},{"not_picked":["Runic Dome","Tiny House"],"picked":"Lizard Tail"}],"items_purged_floors":[4,27,36],"is_endless":false,"potions_floor_spawned":[3,11,18,22,25,29,38],"killed_by":"Reptomancer","ascension_level":0}