{"path_per_floor":["M","?","?","M","M","R","M","E","T","M","R","M","E","T","R","B",null,"M","?","$","?","M","E","M","R","T","T","M","$","R","M","R","B",null,"M","?","$","?","$","R","M","$","T","M"],"character_chosen":"IRONCLAD","items_purchased":["Metallicize","Fire Potion","Shrug It Off","Headbutt","Sword Boomerang","Disarm","Armaments","Block Potion","Cleave","Bloodletting","Carnage","Regen Potion"],"gold_per_floor":[113,63,63,76,95,95,111,143,143,162,162,182,217,217,217,313,313,323,248,9,9,25,51,68,68,368,368,386,123,123,140,140,244,274,287,287,28,0,0,0,13,13,13,32],"floor_reached":45,"campfire_rested":1,"playtime":2944,"current_hp_per_floor":[80,80,80,80,80,80,59,44,44,36,36,38,43,57,57,37,94,84,84,84,65,71,68,66,66,66,66,68,68,68,73,99,40,104,104,91,91,91,91,91,92,92,92,69],"items_purged":["Strike_R","Defend_R"],"gold":32,"score":443,"play_id":"45439d7c-b5e8-4567-a4d8-4f6961fa8ab2","local_time":"20180306183216","is_prod":false,"is_daily":false,"is_ascension_mode":false,"campfire_upgraded":4,"timestamp":1520357536,"path_taken":["M","?","?","M","M","R","M","E","T","M","R","?","E","?","R","BOSS","M","?","$","?","M","E","M","R","T","?","M","$","R","M","R","BOSS","M","?","$","?","$","R","M","$","T","M","E"],"build_version":"2018-03-01-PROD1","purchased_purges":2,"victory":false,"master_deck":["Strike_R+1","Defend_R","Bash+1","Thunderclap","Rampage+1","Twin Strike","Flex","Cleave","Flex+1","Seeing Red+1","Flex","Offering","Sword Boomerang","Metallicize","Shrug It Off","Headbutt","Sword Boomerang","Spot Weakness+1","Combust","Shrug It Off","Anger","Disarm","Armaments","Cleave","Whirlwind","Feed+1","Body Slam","Rampage","Madness","Madness","Bloodletting","Carnage","Berserk","Pummel+1"],"max_hp_per_floor":[80,80,80,80,80,80,80,80,80,80,80,80,80,94,94,94,94,94,94,94,99,99,99,99,99,99,99,99,99,99,99,99,99,104,104,104,104,104,104,104,104,104,104,108],"relics":["Burning Blood","Thread and Needle","Peace Pipe","Bag of Marbles","Mango","Mark of Pain","Calipers","Old Coin","Magic Flower","Tiny House","Red Mask","Frozen Egg 2"],"card_choices":[{"not_picked":["Cleave","Headbutt"],"picked":"Thunderclap"},{"not_picked":["Clash","Metallicize"],"picked":"Rampage"},{"not_picked":["Warcry","Ghostly Armor"],"picked":"Twin Strike"},{"not_picked":["Berserk","Heavy Blade"],"picked":"Flex"},{"not_picked":["Bludgeon","Heavy Blade"],"picked":"Cleave"},{"not_picked":["Blood for Blood","Clothesline"],"picked":"Flex"},{"not_picked":["Clash","Pommel Strike"],"picked":"Seeing Red"},{"not_picked":["Rupture","True Grit"],"picked":"Flex"},{"not_picked":["Limit Break","Feed"],"picked":"Offering"},{"not_picked":["Shrug It Off","Shockwave"],"picked":"Sword Boomerang"},{"not_picked":["Carnage","Power Through"],"picked":"Spot Weakness"},{"not_picked":["Perfected Strike","Flame Barrier"],"picked":"Combust"},{"not_picked":["Clothesline","Warcry"],"picked":"Shrug It Off"},{"not_picked":["Corruption","Clothesline"],"picked":"Anger"},{"not_picked":["Pommel Strike","Burning Pact"],"picked":"Whirlwind"},{"not_picked":["Reaper","Berserk"],"picked":"Feed"},{"not_picked":["Headbutt","Armaments"],"picked":"Body Slam"},{"not_picked":["Flex","True Grit"],"picked":"Rampage"},{"not_picked":["Armaments","Shrug It Off"],"picked":"Berserk"},{"not_picked":["Bloodletting","Hemokinesis"],"picked":"Pummel"}],"player_experience":20327,"potions_floor_usage":[13,16,18,23,31,33,44,44,44],"damage_taken":[{"damage":0,"enemies":"2 Louse","floor":1,"turns":2},{"damage":2,"enemies":"Small Slimes","floor":4,"turns":5},{"damage":1,"enemies":"Cultist","floor":5,"turns":3},{"damage":27,"enemies":"Large Slime","floor":7,"turns":5},{"damage":21,"enemies":"Lagavulin","floor":8,"turns":5},{"damage":14,"enemies":"Exordium Wildlife","floor":10,"turns":4},{"damage":4,"enemies":"3 Louse","floor":12,"turns":3},{"damage":1,"enemies":"Gremlin Nob","floor":13,"turns":3},{"damage":26,"enemies":"Slime Boss","floor":16,"turns":11},{"damage":16,"enemies":"Spheric Guardian","floor":18,"turns":4},{"damage":0,"enemies":"Chosen","floor":22,"turns":3},{"damage":9,"enemies":"Book of Stabbing","floor":23,"turns":4},{"damage":8,"enemies":"Snake Plant","floor":24,"turns":2},{"damage":7,"enemies":"Cultist and Chosen","floor":28,"turns":4},{"damage":4,"enemies":"Centurion and Healer","floor":31,"turns":2},{"damage":68,"enemies":"Collector","floor":33,"turns":10},{"damage":2,"enemies":"Orb Walker","floor":35,"turns":2},{"damage":8,"enemies":"3 Darklings","floor":41,"turns":4},{"damage":58,"enemies":"Sphere and 2 Shapes","floor":44,"turns":6},{"damage":95,"enemies":"2 Orb Walkers","floor":45,"turns":5}],"event_choices":[{"event_name":"The Cleric","player_choice":"Card Removal","floor":2,"damage_taken":0},{"event_name":"Purifier","player_choice":"One Purge","floor":3,"damage_taken":0},{"event_name":"Beggar","player_choice":"Gave Gold","floor":19,"damage_taken":0},{"event_name":"Forgotten Altar","player_choice":"Shed Blood","floor":21,"damage_taken":0},{"event_name":"Winding Halls","player_choice":"Embrace Madness","floor":36,"damage_taken":0},{"event_name":"Tomb of Lord Red Mask","player_choice":"Paid","floor":38,"damage_taken":0}],"boss_relics":[{"not_picked":["Calling Bell","Philosopher\u0027s Stone"],"picked":"Mark of Pain"},{"not_picked":["Runic Dome","Question Card"],"picked":"Tiny House"}],"potions_floor_spawned":[12,13,16,22,28,35,41],"seed_played":"-8567784874965200791","killed_by":"2 Orb Walkers","ascension_level":0,"is_trial":false}