{"path_per_floor":["M","?","$","M","?","E","R","?","T","?","$","M","M","E","R","B",null,"M","?","M","M","$","R","E","?","T","E","$","R","?","$","R","B",null,"M","?","?","M","?","E","?","E","T","R","$","M","R","E","R","B"],"character_chosen":"DEFECT","items_purchased":["Leap+1","Flash of Steel","Loop","Explosive Potion","Storm"],"gold_per_floor":[118,118,43,59,59,90,90,165,165,165,14,26,39,71,71,168,168,181,96,113,126,26,26,53,86,110,142,21,21,21,21,21,119,119,129,129,129,142,142,175,175,208,208,208,47,58,58,91,91,91],"floor_reached":51,"campfire_rested":2,"playtime":3244,"item_purchase_floors":[11,11,28,28,45],"current_hp_per_floor":[75,75,75,73,66,42,42,31,31,31,31,43,41,32,32,29,75,69,69,75,75,75,75,54,62,62,33,33,55,55,55,55,43,75,56,56,56,59,59,46,46,48,48,70,70,75,75,54,54,39],"items_purged":["Regret","Defend_B","Defend_B"],"gold":91,"score":823,"play_id":"d31e9847-8bd8-4bc6-a299-cefdfd468d40","local_time":"20180530231614","is_prod":false,"is_daily":false,"chose_seed":false,"is_ascension_mode":true,"campfire_upgraded":6,"win_rate":0,"timestamp":1527740174,"campfire_choices":[{"data":"Zap","floor":7,"key":"SMITH"},{"data":"Storm","floor":15,"key":"SMITH"},{"data":"Loop","floor":23,"key":"SMITH"},{"floor":29,"key":"REST"},{"data":"Loop","floor":32,"key":"SMITH"},{"floor":44,"key":"REST"},{"data":"Storm","floor":47,"key":"SMITH"},{"data":"Electrodynamics","floor":49,"key":"SMITH"}],"path_taken":["M","?","$","M","?","E","R","?","T","?","$","?","M","E","R","BOSS","M","?","M","M","$","R","E","?","T","E","$","R","?","?","R","BOSS","M","?","?","M","?","E","?","E","T","R","?","M","R","E","R","BOSS"],"build_version":"2018-05-30","seed_source_timestamp":1226040164918989,"purchased_purges":3,"victory":true,"master_deck":["Strike_B+1","Strike_B+1","Defend_B","Defend_B","Zap+1","Dualcast+1","Storm+1","Barrage","Heatsinks","Leap+1","Flash of Steel","Loop+1","Electrodynamics+1","Conserve Battery+1","Amplify+1","Leap+1","Ball Lightning+1","Redo+1","Seek+1","Darkness+1","Loop+1","Creative AI+1","Conserve Battery+1","Finesse+1","Force Field+1","Storm+1","Consume+1"],"max_hp_per_floor":[75,75,75,75,75,75,75,75,75,75,75,75,75,75,75,75,75,75,75,75,75,75,75,75,75,75,75,75,75,75,75,75,75,75,75,75,75,75,75,75,75,75,75,75,75,75,75,75,75,75],"relics":["Cracked Core","Bag of Preparation","Whetstone","Toxic Egg 2","Unceasing Top","Velvet Choker","Bird Faced Urn","Bottled Flame","Red Mask","Art of War","Dead Branch","Inserter","Blue Candle","Potion Belt","Ancient Tea Set","Dream Catcher"],"card_choices":[{"not_picked":["Barrage","Beam Cell"],"picked":"Storm","floor":1},{"not_picked":["Turbo","Beam Cell"],"picked":"Barrage","floor":4},{"not_picked":["Hologram","Cold Snap"],"picked":"Heatsinks","floor":6},{"not_picked":["Streamline","Gash"],"picked":"Loop","floor":12},{"not_picked":["Leap+1","Steam Power+1"],"picked":"Electrodynamics","floor":13},{"not_picked":["Barrage","Ball Lightning"],"picked":"Conserve Battery+1","floor":14},{"not_picked":["Thunder Strike","Machine Learning"],"picked":"Amplify+1","floor":16},{"not_picked":["Streamline","Rebound"],"picked":"Leap+1","floor":18},{"not_picked":["Cold Snap","Stack+1"],"picked":"Ball Lightning+1","floor":20},{"not_picked":["Conserve Battery+1","Cold Snap+1"],"picked":"Redo+1","floor":21},{"not_picked":["Cold Snap","Glacier+1","Consume+1"],"picked":"SKIP","floor":24},{"not_picked":["Aggregate+1","Scrape"],"picked":"Seek+1","floor":25},{"not_picked":["Streamline","Turbo+1"],"picked":"Darkness+1","floor":27},{"not_picked":["Meteor Strike","Machine Learning"],"picked":"Creative AI","floor":33},{"not_picked":["Rip and Tear+1","Chill+1"],"picked":"Conserve Battery+1","floor":35},{"not_picked":["Secret Weapon+1","Magnetism"],"picked":"Finesse+1","floor":36},{"not_picked":["Ball Lightning","BootSequence+1"],"picked":"Force Field+1","floor":38},{"not_picked":["Gash+1","Redo+1","Ball Lightning+1"],"picked":"SKIP","floor":40},{"not_picked":["Doom and Gloom","Melter+1","Sunder"],"picked":"SKIP","floor":42},{"not_picked":["Redo+1","Rip and Tear"],"picked":"Consume+1","floor":46},{"not_picked":["Rip and Tear+1","Melter+1","Beam Cell"],"picked":"SKIP","floor":48}],"player_experience":174846,"potions_floor_usage":[6,12,16,16,18,27,33,40,42,48,50],"damage_taken":[{"damage":0,"enemies":"2 Louse","floor":1,"turns":2},{"damage":2,"enemies":"Jaw Worm","floor":4,"turns":3},{"damage":24,"enemies":"3 Sentries","floor":6,"turns":6},{"damage":0,"enemies":"Small Slimes","floor":12,"turns":4},{"damage":2,"enemies":"3 Louse","floor":13,"turns":3},{"damage":9,"enemies":"Lagavulin","floor":14,"turns":5},{"damage":3,"enemies":"Hexaghost","floor":16,"turns":9},{"damage":6,"enemies":"3 Byrds","floor":18,"turns":2},{"damage":1,"enemies":"Spheric Guardian","floor":20,"turns":3},{"damage":3,"enemies":"Centurion and Healer","floor":21,"turns":4},{"damage":23,"enemies":"Slavers","floor":24,"turns":2},{"damage":0,"enemies":"Masked Bandits","floor":25,"turns":2},{"damage":37,"enemies":"Book of Stabbing","floor":27,"turns":5},{"damage":28,"enemies":"Collector","floor":33,"turns":6},{"damage":19,"enemies":"Orb Walker","floor":35,"turns":3},{"damage":17,"enemies":"Flame Bruiser 1 Orb","floor":38,"turns":4},{"damage":27,"enemies":"2 Orb Walkers","floor":40,"turns":3},{"damage":18,"enemies":"Nemesis","floor":42,"turns":5},{"damage":0,"enemies":"3 Darklings","floor":46,"turns":2},{"damage":27,"enemies":"2 Orb Walkers","floor":48,"turns":4},{"damage":33,"enemies":"Donu and Deca","floor":50,"turns":4}],"relics_obtained":[{"floor":6,"key":"Whetstone"},{"floor":9,"key":"Toxic Egg 2"},{"floor":14,"key":"Unceasing Top"},{"floor":24,"key":"Bottled Flame"},{"floor":25,"key":"Red Mask"},{"floor":26,"key":"Art of War"},{"floor":27,"key":"Dead Branch"},{"floor":40,"key":"Blue Candle"},{"floor":42,"key":"Potion Belt"},{"floor":43,"key":"Ancient Tea Set"},{"floor":48,"key":"Dream Catcher"}],"event_choices":[{"event_name":"Big Fish","player_choice":"Box","floor":2,"damage_taken":0},{"event_name":"Golden Wing","player_choice":"Card Removal","floor":5,"damage_taken":0},{"event_name":"World of Goop","player_choice":"Gather Gold","floor":8,"damage_taken":0},{"event_name":"Living Wall","player_choice":"Grow","floor":10,"damage_taken":0},{"event_name":"Addict","player_choice":"Obtained Relic","floor":19,"damage_taken":0},{"event_name":"Masked Bandits","player_choice":"Fought over 53 gold","floor":25,"damage_taken":0},{"event_name":"Vampires","player_choice":"Ignored","floor":30,"damage_taken":0},{"event_name":"SensoryStone","player_choice":"Memory 1","floor":36,"damage_taken":0},{"event_name":"Match and Keep!","player_choice":"0 cards matched","floor":37,"damage_taken":0},{"event_name":"Upgrade Shrine","player_choice":"Upgraded","floor":41,"damage_taken":0}],"boss_relics":[{"not_picked":["Orrery","Philosopher\u0027s Stone"],"picked":"Velvet Choker"},{"not_picked":["White Beast Statue","Calling Bell"],"picked":"Inserter"}],"items_purged_floors":[3,22,45],"potions_floor_spawned":[6,12,21,24,33,35,42,46],"seed_played":"3845790962349089260","ascension_level":2,"potions_obtained":[{"floor":6,"key":"PowerPotion"},{"floor":12,"key":"Block Potion"},{"floor":21,"key":"Strength Potion"},{"floor":24,"key":"FocusPotion"},{"floor":33,"key":"Explosive Potion"},{"floor":35,"key":"Poison Potion"},{"floor":42,"key":"Weak Potion"},{"floor":46,"key":"AttackPotion"}],"is_trial":false}