{"path_per_floor":["M","?","?","M","M","R","M","M","T","$","?","R","?","E","R","B",null,"M","?","M","$","?","E","M","?","T","$","E","M","$","M","R","B",null,"M","M","?","$","M","R","M"],"character_chosen":"THE_SILENT","items_purchased":["Bouncing Flask","Noxious Fumes","Fire Potion","Dexterity Potion"],"gold_per_floor":[109,109,109,119,139,139,150,170,170,21,21,21,121,154,154,258,258,274,274,289,111,111,143,155,186,186,9,38,51,0,17,17,121,121,140,151,151,1,20,20,40,40],"floor_reached":42,"campfire_rested":3,"playtime":2621,"current_hp_per_floor":[70,70,70,70,70,70,58,54,54,54,70,70,70,52,70,46,70,70,70,70,70,70,32,20,7,7,7,22,19,19,15,36,10,70,55,34,34,34,16,37,11,0],"items_purged":["Strike_G","Defend_G","Strike_G","Strike_G"],"gold":40,"score":463,"play_id":"161b0667-c1de-460a-8ea8-d90a3edf9f92","local_time":"20180509230941","is_prod":false,"is_daily":false,"chose_seed":false,"is_ascension_mode":false,"campfire_upgraded":2,"timestamp":1525900181,"path_taken":["M","?","?","?","M","R","M","M","T","$","?","R","?","E","R","BOSS","M","?","M","?","?","E","M","?","T","$","E","M","?","M","R","BOSS","M","M","?","$","M","R","M","M"],"build_version":"2018-05-08","seed_source_timestamp":24605415534470,"purchased_purges":5,"victory":false,"master_deck":["Defend_G","Defend_G","Defend_G","Survivor","Neutralize","Bouncing Flask+1","Poisoned Stab","Poisoned Stab","Bouncing Flask+1","Adrenaline","Escape Plan+1","Noxious Fumes","Leg Sweep","Adrenaline","Writhe","Catalyst","Deep Breath","Blur"],"max_hp_per_floor":[70,70,70,70,70,70,70,70,70,70,70,70,70,70,70,70,70,70,70,70,70,70,70,70,70,70,70,70,70,70,70,70,70,70,70,70,70,70,70,70,70,70],"relics":["Ring of the Snake","Happy Flower","Juzu Bracelet","Runic Dome","Mercury Hourglass","Red Mask","Omamori","Pen Nib","Calling Bell","Blood Vial","Ornamental Fan","Ice Cream"],"card_choices":[{"not_picked":["Underhanded Strike","Predator"],"picked":"Bouncing Flask","floor":1},{"not_picked":["Predator","All Out Attack"],"picked":"Poisoned Stab","floor":4},{"not_picked":["Dagger Spray","Deflect"],"picked":"Poisoned Stab","floor":7},{"not_picked":["Doppelganger","Envenom"],"picked":"Adrenaline","floor":16},{"not_picked":["Backflip","Deflect"],"picked":"Escape Plan","floor":20},{"not_picked":["Bouncing Flask","Deflect"],"picked":"Leg Sweep","floor":23},{"not_picked":["Corpse Explosion","Unload"],"picked":"Adrenaline","floor":33},{"not_picked":["Dagger Throw","Blade Dance"],"picked":"Catalyst","floor":35},{"not_picked":["Enlightenment","Mind Blast"],"picked":"Deep Breath","floor":37},{"not_picked":["Acrobatics","Prepared"],"picked":"Blur","floor":41}],"player_experience":39623,"potions_floor_usage":[5,16,16,16,24,28,28,33,33,41,42],"damage_taken":[{"damage":0,"enemies":"2 Louse","floor":1,"turns":3},{"damage":0,"enemies":"Jaw Worm","floor":4,"turns":4},{"damage":0,"enemies":"Small Slimes","floor":5,"turns":2},{"damage":12,"enemies":"Exordium Thugs","floor":7,"turns":4},{"damage":4,"enemies":"Large Slime","floor":8,"turns":5},{"damage":18,"enemies":"Lagavulin","floor":14,"turns":4},{"damage":24,"enemies":"Hexaghost","floor":16,"turns":6},{"damage":0,"enemies":"Spheric Guardian","floor":18,"turns":2},{"damage":0,"enemies":"Chosen","floor":20,"turns":4},{"damage":38,"enemies":"Slavers","floor":23,"turns":5},{"damage":12,"enemies":"Centurion and Healer","floor":24,"turns":4},{"damage":13,"enemies":"Masked Bandits","floor":25,"turns":4},{"damage":0,"enemies":"Gremlin Leader","floor":28,"turns":6},{"damage":3,"enemies":"Snake Plant","floor":29,"turns":3},{"damage":4,"enemies":"3 Cultists","floor":31,"turns":4},{"damage":26,"enemies":"Collector","floor":33,"turns":7},{"damage":15,"enemies":"3 Darklings","floor":35,"turns":4},{"damage":23,"enemies":"Flame Bruiser 1 Orb","floor":36,"turns":4},{"damage":20,"enemies":"Spire Growth","floor":39,"turns":3},{"damage":28,"enemies":"Flame Bruiser 2 Orb","floor":41,"turns":5},{"damage":25,"enemies":"Sphere and 2 Shapes","floor":42,"turns":3}],"event_choices":[{"event_name":"Living Wall","player_choice":"Forget","floor":2,"damage_taken":0},{"event_name":"Liars Game","player_choice":"disagreed","floor":3,"damage_taken":0},{"event_name":"Wheel of Change","player_choice":"Full Heal","floor":11,"damage_taken":0},{"event_name":"Golden Shrine","player_choice":"Pray","floor":13,"damage_taken":0},{"event_name":"Ghosts","player_choice":"Ignored","floor":19,"damage_taken":0},{"event_name":"Back to Basics","player_choice":"Elegance","floor":22,"damage_taken":0},{"event_name":"Masked Bandits","player_choice":"Fought over 155 gold","floor":25,"damage_taken":0},{"event_name":"SensoryStone","player_choice":"Memory 1","floor":37,"damage_taken":0}],"boss_relics":[{"not_picked":["Eternal Feather","Philosopher\u0027s Stone"],"picked":"Runic Dome"},{"not_picked":["Astrolabe","Velvet Choker"],"picked":"Calling Bell"}],"potions_floor_spawned":[1,4,7,14,20,25,31,36,41],"seed_played":"-575599198707521742","killed_by":"Sphere and 2 Shapes","ascension_level":0,"is_trial":false}