{"gold_per_floor":[217,236,254,269,283,283,317,335,359,359,155,166,166,176,176,176],"floor_reached":16,"playtime":1039,"items_purged":["Defend_G"],"score":106,"play_id":"9a710aae-f05c-46a2-8512-aa808c6d8695","local_time":"20190202150923","is_ascension_mode":false,"campfire_choices":[{"data":"Neutralize","floor":6,"key":"SMITH"},{"data":"Dagger Spray","floor":13,"key":"SMITH"},{"data":"Setup","floor":15,"key":"SMITH"}],"neow_cost":"NONE","seed_source_timestamp":451486339436276,"circlet_count":0,"master_deck":["Defend_G","Defend_G","Defend_G","Defend_G","Strike_G","Strike_G","Strike_G","Strike_G","Survivor","Neutralize+1","Flying Knee","Blur","PiercingWail","Dagger Spray","Backstab","Bullet Time","Dagger Spray+1","Backflip","Good Instincts","Blur","Setup+1"],"relics":["Ring of the Snake","Blood Vial","Snake Skull"],"potions_floor_usage":[7],"damage_taken":[{"damage":0,"enemies":"Small Slimes","floor":1,"turns":7},{"damage":0,"enemies":"Cultist","floor":2,"turns":3},{"damage":0,"enemies":"2 Louse","floor":3,"turns":3},{"damage":0,"enemies":"Exordium Wildlife","floor":4,"turns":3},{"damage":0,"enemies":"Looter","floor":5,"turns":4},{"damage":13,"enemies":"3 Sentries","floor":7,"turns":9},{"damage":0,"enemies":"Gremlin Gang","floor":8,"turns":3},{"damage":0,"enemies":"3 Louse","floor":12,"turns":2},{"damage":0,"enemies":"Exordium Wildlife","floor":14,"turns":4},{"damage":67,"enemies":"Hexaghost","floor":16,"turns":16}],"seed_played":"7533113994082224615","potions_obtained":[{"floor":1,"key":"Swift Potion"},{"floor":2,"key":"Explosive Potion"},{"floor":4,"key":"SmokeBomb"},{"floor":7,"key":"EssenceOfSteel"}],"is_trial":false,"path_per_floor":["M","M","M","M","M","R","E","M","T","?","$","M","R","M","R","B"],"character_chosen":"THE_SILENT","items_purchased":["Backflip","Good Instincts"],"campfire_rested":0,"item_purchase_floors":[11,11],"current_hp_per_floor":[70,70,70,70,70,70,57,59,59,59,59,61,61,63,63,0],"gold":176,"neow_bonus":"HUNDRED_GOLD","is_prod":false,"is_daily":false,"chose_seed":false,"campfire_upgraded":3,"win_rate":0,"timestamp":1549087763,"path_taken":["M","M","M","M","M","R","E","M","T","?","$","M","R","M","R","BOSS"],"build_version":"2019-01-23","purchased_purges":1,"victory":false,"max_hp_per_floor":[70,70,70,70,70,70,70,70,70,70,70,70,70,70,70,70],"card_choices":[{"not_picked":["Reflex","Choke"],"picked":"Flying Knee","floor":1},{"not_picked":["Calculated Gamble","Dodge and Roll"],"picked":"Blur","floor":2},{"not_picked":["Skewer","Outmaneuver"],"picked":"PiercingWail","floor":3},{"not_picked":["Deflect","Dodge and Roll"],"picked":"Dagger Spray","floor":4},{"not_picked":["Acrobatics","Reflex"],"picked":"Backstab","floor":5},{"not_picked":["Underhanded Strike","Dodge and Roll"],"picked":"Bullet Time","floor":7},{"not_picked":["Prepared","Outmaneuver"],"picked":"Dagger Spray","floor":8},{"not_picked":["Underhanded Strike","Phantasmal Killer"],"picked":"Blur","floor":12},{"not_picked":["Blade Dance","Tactician"],"picked":"Setup","floor":14}],"player_experience":79530,"relics_obtained":[{"floor":7,"key":"Blood Vial"},{"floor":9,"key":"Snake Skull"}],"event_choices":[{"cards_removed":["Strike_G"],"damage_healed":0,"gold_gain":0,"player_choice":"Offered Basic","damage_taken":0,"max_hp_gain":0,"max_hp_loss":0,"event_name":"Bonfire Elementals","floor":10,"gold_loss":0}],"is_beta":false,"boss_relics":[],"items_purged_floors":[11],"is_endless":false,"potions_floor_spawned":[1,2,4,7],"killed_by":"Hexaghost","ascension_level":0}