{"gold_per_floor":[211,159,159,159,174,174,184,203,248,262,277,79,114,114,114,209,209,221,136,38,48,48,74,84,84,84,84,184,184,204,204,204,204],"floor_reached":33,"playtime":2124,"items_purged":[],"score":265,"play_id":"edd11172-23fd-41a6-89b3-aa45fb9b1254","local_time":"20190911104156","is_ascension_mode":false,"campfire_choices":[{"data":"Poisoned Stab","floor":6,"key":"SMITH"},{"floor":15,"key":"REST"},{"floor":25,"key":"REST"},{"floor":27,"key":"REST"},{"floor":29,"key":"REST"},{"floor":32,"key":"REST"}],"neow_cost":"NONE","seed_source_timestamp":3969565912675,"circlet_count":0,"master_deck":["Strike_G","Strike_G","Strike_G","Strike_G","Strike_G","Defend_G","Defend_G","Defend_G","Defend_G","Defend_G","Survivor","Neutralize","Outmaneuver","Flying Knee+1","Poisoned Stab+1","Bane","Die Die Die","Well Laid Plans","Bane","Flying Knee","Dagger Throw+1","Quick Slash","Deadly Poison"],"relics":["Ring of the Snake","Pen Nib","Membership Card","Oddly Smooth Stone","Lizard Tail","Tingsha","Vajra","Question Card","Frozen Egg 2","Matryoshka"],"potions_floor_usage":[16,16,16,23,23,33],"damage_taken":[{"damage":3,"enemies":"Jaw Worm","floor":1,"turns":6},{"damage":0,"enemies":"2 Louse","floor":5,"turns":2},{"damage":0,"enemies":"Small Slimes","floor":7,"turns":3},{"damage":3,"enemies":"3 Louse","floor":8,"turns":4},{"damage":0,"enemies":"2 Fungi Beasts","floor":10,"turns":2},{"damage":15,"enemies":"Gremlin Gang","floor":11,"turns":5},{"damage":23,"enemies":"3 Sentries","floor":13,"turns":5},{"damage":41,"enemies":"The Guardian","floor":16,"turns":10},{"damage":4,"enemies":"Shell Parasite","floor":18,"turns":4},{"damage":31,"enemies":"2 Thieves","floor":21,"turns":3},{"damage":67,"enemies":"Slavers","floor":23,"turns":5},{"damage":3,"enemies":"Snecko","floor":24,"turns":3},{"damage":12,"enemies":"Sentry and Sphere","floor":30,"turns":5},{"damage":72,"enemies":"Collector","floor":33,"turns":4}],"seed_played":"9201164932819887085","potions_obtained":[{"floor":1,"key":"Swift Potion"},{"floor":10,"key":"FearPotion"},{"floor":11,"key":"SpeedPotion"},{"floor":18,"key":"SpeedPotion"},{"floor":21,"key":"PowerPotion"},{"floor":30,"key":"SkillPotion"}],"is_trial":false,"path_per_floor":["M","$","?","?","M","R","M","M","T","M","M","$","E","?","R","B",null,"M","?","$","M","?","E","M","R","T","R","?","R","M","?","R","B"],"character_chosen":"THE_SILENT","items_purchased":["Flying Knee","Membership Card","Vajra","Quick Slash"],"campfire_rested":5,"item_purchase_floors":[2,12,20,20],"current_hp_per_floor":[67,67,67,67,67,67,67,64,64,64,49,49,26,49,70,29,70,66,66,66,35,35,6,3,24,24,45,45,66,54,54,70,0],"gold":204,"neow_bonus":"HUNDRED_GOLD","is_prod":false,"is_daily":false,"chose_seed":false,"campfire_upgraded":1,"win_rate":0.0,"timestamp":1568191316,"path_taken":["M","$","?","?","M","R","M","M","T","M","M","$","E","?","R","BOSS","M","?","$","M","?","E","M","R","T","R","?","R","?","?","R","BOSS"],"build_version":"2019-07-17","purchased_purges":0,"victory":false,"max_hp_per_floor":[70,70,70,70,70,70,70,70,70,70,70,70,70,70,70,70,70,70,70,70,70,70,70,70,70,70,70,70,70,70,70,70,70],"card_choices":[{"not_picked":["Skewer","Backflip"],"picked":"Outmaneuver","floor":1},{"not_picked":["PiercingWail","Deflect"],"picked":"Poisoned Stab","floor":5},{"not_picked":["Deadly Poison","Caltrops"],"picked":"Bane","floor":7},{"not_picked":["Slice","Leg Sweep"],"picked":"Die Die Die","floor":8},{"not_picked":["Blur","Sucker Punch"],"picked":"Well Laid Plans","floor":10},{"not_picked":["Finisher","Deadly Poison"],"picked":"Bane","floor":11},{"not_picked":["Sucker Punch","Well Laid Plans"],"picked":"Flying Knee","floor":13},{"not_picked":["Leg Sweep","Predator"],"picked":"Dagger Throw+1","floor":18},{"not_picked":["Eviscerate","Riddle With Holes","Backflip"],"picked":"SKIP","floor":21},{"not_picked":["Caltrops","Infinite Blades","Accuracy"],"picked":"SKIP","floor":23},{"not_picked":["Dodge and Roll","Dagger Spray","Terror","Cloak And Dagger"],"picked":"SKIP","floor":24},{"not_picked":["Predator","Riddle With Holes","Prepared+1"],"picked":"Deadly Poison","floor":30}],"player_experience":33871,"relics_obtained":[{"floor":9,"key":"Pen Nib"},{"floor":13,"key":"Oddly Smooth Stone"},{"floor":23,"key":"Question Card"},{"floor":26,"key":"Frozen Egg 2"}],"event_choices":[{"damage_healed":0,"gold_gain":0,"player_choice":"Ignored","damage_taken":0,"max_hp_gain":0,"max_hp_loss":0,"event_name":"Golden Wing","floor":3,"gold_loss":0},{"damage_healed":0,"gold_gain":0,"player_choice":"Grow","damage_taken":0,"max_hp_gain":0,"max_hp_loss":0,"event_name":"Living Wall","floor":4,"gold_loss":0,"cards_upgraded":["Flying Knee"]},{"damage_healed":23,"gold_gain":0,"player_choice":"Banana","damage_taken":0,"max_hp_gain":0,"max_hp_loss":0,"event_name":"Big Fish","floor":14,"gold_loss":0},{"damage_healed":0,"gold_gain":0,"player_choice":"Obtained Relic","damage_taken":0,"relics_obtained":["Tingsha"],"max_hp_gain":0,"max_hp_loss":0,"event_name":"Addict","floor":19,"gold_loss":85},{"damage_healed":0,"gold_gain":0,"player_choice":"Ignored","damage_taken":0,"max_hp_gain":0,"max_hp_loss":0,"event_name":"Vampires","floor":22,"gold_loss":0},{"damage_healed":0,"gold_gain":100,"player_choice":"Pray","damage_taken":0,"max_hp_gain":0,"max_hp_loss":0,"event_name":"Golden Shrine","floor":28,"gold_loss":0},{"damage_healed":0,"gold_gain":0,"player_choice":"Opened","damage_taken":0,"relics_obtained":["Matryoshka"],"max_hp_gain":0,"max_hp_loss":0,"event_name":"The Mausoleum","floor":31,"gold_loss":0}],"is_beta":false,"boss_relics":[{"not_picked":["Ring of the Serpent","Empty Cage"],"picked":"Lizard Tail"}],"items_purged_floors":[],"is_endless":false,"potions_floor_spawned":[1,10,11,18,21,30],"killed_by":"Collector","ascension_level":0}