{"gold_per_floor":[117,117,117,142,158,191,191,191,191,216,216,254,254,277,277,397,397,421,85,0,0,0,0,43,43,43,43,43,63,86,117,117,248,278,297,630,303,303,313,108,108,122,122,134,146,146,72,72,72,72],"floor_reached":51,"playtime":2806,"items_purged":["Strike_G","Shame","Decay"],"score":816,"play_id":"b47b9e1c-fde7-4629-9871-09e6768001b3","local_time":"20190202112327","is_ascension_mode":false,"campfire_choices":[{"data":"Neutralize","floor":8,"key":"SMITH"},{"data":"Envenom","floor":11,"key":"SMITH"},{"floor":13,"key":"REST"},{"data":"Dodge and Roll","floor":15,"key":"SMITH"},{"floor":23,"key":"REST"},{"data":"Corpse Explosion","floor":25,"key":"SMITH"},{"floor":32,"key":"REST"},{"data":"Caltrops","floor":41,"key":"SMITH"},{"data":"Noxious Fumes","floor":49,"key":"SMITH"}],"neow_cost":"NONE","seed_source_timestamp":436153428224514,"circlet_count":0,"master_deck":["Defend_G","Defend_G","Defend_G","Defend_G","Defend_G","Strike_G","Strike_G","Strike_G","Survivor","Neutralize+1","Deflect","Poisoned Stab","Caltrops+1","Envenom+1","Bullet Time","Dodge and Roll+1","Corpse Explosion+1","Noxious Fumes+1","Distraction+1","Dash+1","Die Die Die","Decay","Clumsy","Blur+1","Dark Shackles+1","Burst+1","Blind+1","Backstab","Expertise+1","Injury","Well Laid Plans"],"relics":["Ring of the Snake","NeowsBlessing","Letter Opener","Dodecahedron","Regal Pillow","Cursed Key","Toxic Egg 2","Calipers","Anchor","Kunai","Sundial","Bag of Preparation","Calling Bell","Tiny Chest","Shuriken","Tough Bandages","Vajra","Omamori"],"potions_floor_usage":[6,6,24,31,33,50],"damage_taken":[{"damage":0,"enemies":"2 Louse","floor":1,"turns":1},{"damage":0,"enemies":"Small Slimes","floor":4,"turns":1},{"damage":0,"enemies":"Cultist","floor":5,"turns":1},{"damage":18,"enemies":"3 Sentries","floor":6,"turns":14},{"damage":1,"enemies":"Looter","floor":10,"turns":4},{"damage":20,"enemies":"Gremlin Nob","floor":12,"turns":5},{"damage":13,"enemies":"Lots of Slimes","floor":14,"turns":4},{"damage":22,"enemies":"The Guardian","floor":16,"turns":11},{"damage":7,"enemies":"Shell Parasite","floor":18,"turns":6},{"damage":34,"enemies":"Colosseum Slavers","floor":21,"turns":6},{"damage":15,"enemies":"Slavers","floor":24,"turns":3},{"damage":0,"enemies":"3 Byrds","floor":29,"turns":2},{"damage":0,"enemies":"Centurion and Healer","floor":30,"turns":5},{"damage":17,"enemies":"Book of Stabbing","floor":31,"turns":6},{"damage":39,"enemies":"Automaton","floor":33,"turns":12},{"damage":0,"enemies":"3 Darklings","floor":35,"turns":2},{"damage":0,"enemies":"3 Shapes","floor":39,"turns":3},{"damage":0,"enemies":"3 Darklings","floor":42,"turns":4},{"damage":0,"enemies":"Sphere and 2 Shapes","floor":44,"turns":1},{"damage":0,"enemies":"Jaw Worm Horde","floor":45,"turns":2},{"damage":28,"enemies":"Awakened One","floor":50,"turns":19}],"seed_played":"-5053766479299417483","potions_obtained":[{"floor":4,"key":"GhostInAJar"},{"floor":5,"key":"GhostInAJar"},{"floor":16,"key":"PowerPotion"},{"floor":29,"key":"Ancient Potion"},{"floor":30,"key":"Weak Potion"},{"floor":31,"key":"AttackPotion"},{"floor":33,"key":"SkillPotion"},{"floor":42,"key":"SteroidPotion"}],"is_trial":false,"path_per_floor":["M","?","?","M","M","E","?","R","T","M","R","E","R","M","R","B",null,"M","$","?","?","?","R","E","R","T","$","?","M","M","E","R","B",null,"M","?","$","?","M","$","R","M","T","M","M","$","$","?","R","B",null],"character_chosen":"THE_SILENT","items_purchased":["Toxic Egg 2","Vajra","Dark Shackles+1","Backstab","Well Laid Plans"],"campfire_rested":3,"item_purchase_floors":[19,37,37,40,47],"current_hp_per_floor":[70,70,70,70,70,52,52,52,52,51,51,31,67,54,54,32,70,63,63,63,29,29,65,50,50,50,50,50,50,50,33,69,30,70,70,70,70,70,70,70,70,70,70,70,70,70,70,70,70,42],"gold":72,"neow_bonus":"THREE_ENEMY_KILL","is_prod":false,"is_daily":false,"chose_seed":false,"campfire_upgraded":6,"win_rate":0,"timestamp":1549074207,"path_taken":["M","?","?","M","?","E","?","R","T","M","R","E","R","M","R","BOSS","M","?","?","?","?","R","E","R","T","$","?","?","M","E","R","BOSS","M","?","$","?","M","$","R","M","T","?","M","?","$","?","R","BOSS"],"build_version":"2019-01-23","purchased_purges":3,"victory":true,"max_hp_per_floor":[70,70,70,70,70,70,70,70,70,70,70,70,70,70,70,70,70,70,70,70,70,70,70,70,70,70,70,70,70,70,70,70,70,70,70,70,70,70,70,70,70,70,70,70,70,70,70,70,70,70],"card_choices":[{"not_picked":["Prepared","Leg Sweep"],"picked":"Deflect","floor":1},{"not_picked":["Outmaneuver","Slice"],"picked":"Poisoned Stab","floor":4},{"not_picked":["Dodge and Roll","Flying Knee","Dagger Throw"],"picked":"SKIP","floor":5},{"not_picked":["Flying Knee","Bouncing Flask"],"picked":"Caltrops","floor":6},{"not_picked":["Riddle With Holes","Terror","Choke"],"picked":"SKIP","floor":10},{"not_picked":["Poisoned Stab","Deadly Poison"],"picked":"Bullet Time","floor":12},{"not_picked":["Bane","Caltrops"],"picked":"Dodge and Roll","floor":14},{"not_picked":["Die Die Die","Burst"],"picked":"Corpse Explosion","floor":16},{"not_picked":["Poisoned Stab+1","Underhanded Strike"],"picked":"Noxious Fumes","floor":18},{"not_picked":["Calculated Gamble+1","Bane"],"picked":"Distraction+1","floor":24},{"not_picked":["Slice+1","All Out Attack"],"picked":"Dash+1","floor":29},{"not_picked":["Reflex+1","Acrobatics+1","Finisher"],"picked":"SKIP","floor":30},{"not_picked":["Outmaneuver+1","Flying Knee","Quick Slash"],"picked":"SKIP","floor":31},{"not_picked":["Burst+1","Venomology+1"],"picked":"Die Die Die","floor":33},{"not_picked":["Dagger Spray+1","Dash+1"],"picked":"Blur+1","floor":35},{"not_picked":["Flying Knee+1","Accuracy","Dodge and Roll+1"],"picked":"SKIP","floor":39},{"not_picked":["Flying Knee+1","Accuracy","Dodge and Roll+1"],"picked":"SKIP","floor":39},{"not_picked":["Flying Knee+1","Dash"],"picked":"Expertise+1","floor":42},{"not_picked":["Endless Agony+1","Underhanded Strike+1","Caltrops+1"],"picked":"SKIP","floor":44},{"not_picked":["Predator+1","Eviscerate","Blade Dance+1"],"picked":"SKIP","floor":45}],"player_experience":73462,"relics_obtained":[{"floor":6,"key":"Letter Opener"},{"floor":9,"key":"Dodecahedron"},{"floor":12,"key":"Regal Pillow"},{"floor":24,"key":"Kunai"},{"floor":26,"key":"Sundial"},{"floor":31,"key":"Bag of Preparation"},{"floor":34,"key":"Tiny Chest"},{"floor":34,"key":"Shuriken"},{"floor":34,"key":"Tough Bandages"},{"floor":43,"key":"Omamori"}],"event_choices":[{"damage_healed":0,"gold_gain":0,"player_choice":"Take Wound","damage_taken":0,"relics_obtained":["Golden Idol"],"max_hp_gain":0,"max_hp_loss":0,"event_name":"Golden Idol","floor":2,"gold_loss":0,"cards_obtained":["Injury"]},{"cards_removed":["Injury"],"damage_healed":0,"gold_gain":0,"player_choice":"Purged","damage_taken":0,"max_hp_gain":0,"max_hp_loss":0,"event_name":"Purifier","floor":3,"gold_loss":0},{"damage_healed":0,"gold_gain":0,"cards_transformed":["Strike_G"],"player_choice":"Transformed","damage_taken":0,"max_hp_gain":0,"max_hp_loss":0,"event_name":"Transmorgrifier","floor":7,"gold_loss":0,"cards_obtained":["Envenom"]},{"damage_healed":0,"gold_gain":0,"player_choice":"Obtained Relic","damage_taken":0,"relics_obtained":["Calipers"],"max_hp_gain":0,"max_hp_loss":0,"event_name":"Addict","floor":20,"gold_loss":85},{"damage_healed":0,"gold_gain":0,"player_choice":"Fight","damage_taken":0,"max_hp_gain":0,"max_hp_loss":0,"event_name":"Colosseum","floor":21,"gold_loss":0},{"damage_healed":0,"gold_gain":0,"player_choice":"Fled From Nobs","damage_taken":0,"max_hp_gain":0,"max_hp_loss":0,"event_name":"Colosseum","floor":21,"gold_loss":0},{"damage_healed":0,"gold_gain":0,"player_choice":"Opened","damage_taken":0,"relics_obtained":["Anchor"],"max_hp_gain":0,"max_hp_loss":0,"event_name":"The Mausoleum","floor":22,"gold_loss":0},{"damage_healed":0,"gold_gain":0,"player_choice":"Ignored","damage_taken":0,"max_hp_gain":0,"max_hp_loss":0,"event_name":"Beggar","floor":28,"gold_loss":0},{"damage_healed":0,"gold_gain":333,"player_choice":"Gave Idol","damage_taken":0,"max_hp_gain":0,"max_hp_loss":0,"event_name":"The Moai Head","floor":36,"relics_lost":["Golden Idol"],"gold_loss":0},{"damage_healed":0,"gold_gain":0,"player_choice":"2 cards matched","damage_taken":0,"max_hp_gain":0,"max_hp_loss":0,"event_name":"Match and Keep!","floor":38,"gold_loss":0,"cards_obtained":["Burst","Blind"]},{"damage_healed":0,"gold_gain":0,"player_choice":"Ignored","damage_taken":0,"max_hp_gain":0,"max_hp_loss":0,"event_name":"SecretPortal","floor":48,"gold_loss":0}],"is_beta":false,"boss_relics":[{"not_picked":["HoveringKite","Empty Cage"],"picked":"Cursed Key"},{"not_picked":["Black Star","Velvet Choker"],"picked":"Calling Bell"}],"items_purged_floors":[19,37,40],"is_endless":false,"potions_floor_spawned":[4,5,16,29,30,31,33,42],"ascension_level":0}