{"gold_per_floor":[209,209,223,240,81,94,111,111,135,135,146,146,158,188,188,286,286,300,319,319,333,345,345,245,245,245,271,283,283,297,297,297,401,401,415,415,114,114,129,129],"floor_reached":40,"playtime":2302,"items_purged":["Pain","Defend_B","Bite"],"score":440,"play_id":"239558da-2723-416e-8287-9fcb8caeae02","local_time":"20190909175717","is_ascension_mode":false,"campfire_choices":[{"data":"Zap","floor":8,"key":"SMITH"},{"data":"Panacea","floor":15,"key":"SMITH"},{"data":"Conserve Battery","floor":23,"key":"SMITH"},{"data":"Glacier","floor":25,"key":"SMITH"},{"data":"Loop","floor":29,"key":"SMITH"},{"data":"BootSequence","floor":32,"key":"SMITH"}],"neow_cost":"NONE","seed_source_timestamp":195773135903400,"circlet_count":0,"master_deck":["Defend_B","Defend_B","Defend_B","Zap+1","Dualcast+1","BootSequence+1","Genetic Algorithm","Panacea+1","Glacier+1","Go for the Eyes+1","Conserve Battery+1","Coolheaded+1","Reboot+1","Ball Lightning+1","Glacier+1","White Noise+1","Loop+1","Recycle+1","Bite","Bite","Bite","Bite","Electrodynamics","Defragment","Madness+1","Madness+1"],"relics":["Cracked Core","WarpedTongs","Whetstone","Toxic Egg 2","Nuclear Battery","Nloth\u0027s Gift","Cables","Lantern","Inserter","Membership Card"],"potions_floor_usage":[16],"damage_taken":[{"damage":6,"enemies":"Jaw Worm","floor":1,"turns":3},{"damage":6,"enemies":"Cultist","floor":3,"turns":3},{"damage":1,"enemies":"2 Louse","floor":4,"turns":2},{"damage":2,"enemies":"Blue Slaver","floor":6,"turns":4},{"damage":0,"enemies":"Looter","floor":7,"turns":5},{"damage":0,"enemies":"Red Slaver","floor":11,"turns":3},{"damage":0,"enemies":"Gremlin Gang","floor":13,"turns":4},{"damage":0,"enemies":"Lagavulin","floor":14,"turns":10},{"damage":28,"enemies":"Hexaghost","floor":16,"turns":13},{"damage":0,"enemies":"Spheric Guardian","floor":18,"turns":6},{"damage":2,"enemies":"Shell Parasite","floor":19,"turns":5},{"damage":6,"enemies":"Cultist and Chosen","floor":21,"turns":8},{"damage":0,"enemies":"Chosen and Byrds","floor":22,"turns":8},{"damage":1,"enemies":"3 Cultists","floor":28,"turns":7},{"damage":6,"enemies":"Centurion and Healer","floor":30,"turns":9},{"damage":21,"enemies":"Champ","floor":33,"turns":14},{"damage":4,"enemies":"3 Darklings","floor":35,"turns":5},{"damage":0,"enemies":"3 Shapes","floor":39,"turns":3},{"damage":77,"enemies":"Giant Head","floor":40,"turns":13}],"seed_played":"6122292471825477993","potions_obtained":[{"floor":11,"key":"Swift Potion"},{"floor":13,"key":"FearPotion"},{"floor":14,"key":"Ancient Potion"},{"floor":19,"key":"Weak Potion"}],"is_trial":false,"path_per_floor":["M","?","M","M","$","M","M","R","T","?","M","T","M","E","R","B",null,"M","M","?","M","M","R","$","R","T","T","M","R","M","?","R","B",null,"M","?","$","?","M","E"],"character_chosen":"DEFECT","items_purchased":["Panacea","Membership Card","Defragment"],"campfire_rested":0,"item_purchase_floors":[5,37,37],"current_hp_per_floor":[69,69,63,62,62,60,60,60,60,60,60,60,60,60,60,32,75,75,73,73,67,67,67,67,67,67,67,66,66,60,52,52,45,52,52,52,52,45,45,0],"gold":129,"neow_bonus":"HUNDRED_GOLD","is_prod":false,"is_daily":false,"chose_seed":false,"campfire_upgraded":6,"win_rate":0,"timestamp":1568019437,"path_taken":["M","?","M","?","$","M","M","R","T","?","M","?","M","E","R","BOSS","M","M","?","?","?","R","$","R","T","?","M","R","M","?","R","BOSS","M","?","$","?","M","E"],"build_version":"2019-07-17","purchased_purges":3,"victory":false,"max_hp_per_floor":[75,75,75,75,75,75,75,75,75,75,75,75,75,75,75,75,75,75,75,75,75,75,75,75,75,75,75,75,75,75,52,52,52,52,52,52,52,52,52,52],"card_choices":[{"not_picked":["Turbo","Steam","Barrage"],"picked":"SKIP","floor":1},{"not_picked":["Leap","Compile Driver"],"picked":"BootSequence","floor":3},{"not_picked":["Sunder","Storm"],"picked":"Genetic Algorithm","floor":4},{"not_picked":["Rebound","Compile Driver"],"picked":"Glacier","floor":6},{"not_picked":["Buffer","Barrage"],"picked":"Go for the Eyes","floor":7},{"not_picked":["Barrage","Aggregate"],"picked":"Conserve Battery","floor":11},{"not_picked":["Go for the Eyes","Barrage","Turbo+1"],"picked":"SKIP","floor":13},{"not_picked":["Lockon","Rebound"],"picked":"Coolheaded+1","floor":14},{"not_picked":["Multi-Cast+1","Machine Learning"],"picked":"Reboot+1","floor":16},{"not_picked":["Stack+1","Auto Shields+1"],"picked":"Ball Lightning+1","floor":18},{"not_picked":["Blizzard+1","Capacitor"],"picked":"Glacier+1","floor":19},{"not_picked":["Leap+1","Beam Cell+1"],"picked":"White Noise+1","floor":21},{"not_picked":["Gash+1","Coolheaded+1","Chaos+1"],"picked":"SKIP","floor":22},{"not_picked":["Beam Cell","Compile Driver"],"picked":"Loop","floor":28},{"not_picked":["Thunder Strike","Force Field+1"],"picked":"Recycle+1","floor":30},{"not_picked":["Echo Form","All For One"],"picked":"Electrodynamics","floor":33},{"not_picked":["Aggregate+1","Stack+1","Cold Snap+1"],"picked":"SKIP","floor":35},{"not_picked":["Streamline","Conserve Battery+1","Scrape"],"picked":"SKIP","floor":39}],"player_experience":390760,"relics_obtained":[{"floor":9,"key":"Whetstone"},{"floor":12,"key":"Toxic Egg 2"},{"floor":14,"key":"Happy Flower"},{"floor":26,"key":"Cables"},{"floor":27,"key":"Lantern"}],"event_choices":[{"damage_healed":0,"gold_gain":0,"player_choice":"Rummage","damage_taken":0,"relics_obtained":["WarpedTongs"],"max_hp_gain":0,"max_hp_loss":0,"event_name":"Accursed Blacksmith","floor":2,"gold_loss":0,"cards_obtained":["Pain"]},{"damage_healed":0,"gold_gain":0,"player_choice":"Grow","damage_taken":0,"max_hp_gain":0,"max_hp_loss":0,"event_name":"Living Wall","floor":10,"gold_loss":0,"cards_upgraded":["Dualcast"]},{"damage_healed":0,"gold_gain":0,"player_choice":"Traded Relic","damage_taken":0,"relics_obtained":["Nloth\u0027s Gift"],"max_hp_gain":0,"max_hp_loss":0,"event_name":"N\u0027loth","floor":20,"relics_lost":["Happy Flower"],"gold_loss":0},{"damage_healed":0,"gold_gain":0,"player_choice":"Became a vampire","damage_taken":0,"max_hp_gain":0,"max_hp_loss":23,"event_name":"Vampires","floor":31,"gold_loss":0,"cards_obtained":["Bite","Bite","Bite","Bite","Bite"]},{"damage_healed":0,"gold_gain":0,"player_choice":"Ignored","damage_taken":0,"max_hp_gain":0,"max_hp_loss":0,"event_name":"Tomb of Lord Red Mask","floor":36,"gold_loss":0},{"damage_healed":0,"gold_gain":0,"player_choice":"Embrace Madness","damage_taken":7,"max_hp_gain":0,"max_hp_loss":0,"event_name":"Winding Halls","floor":38,"gold_loss":0,"cards_obtained":["Madness","Madness"]}],"is_beta":false,"boss_relics":[{"not_picked":["Orrery","Runic Dome"],"picked":"Nuclear Battery"},{"not_picked":["Black Star","Velvet Choker"],"picked":"Inserter"}],"items_purged_floors":[5,24,37],"is_endless":false,"potions_floor_spawned":[11,13,14,19,22,33],"killed_by":"Giant Head","ascension_level":0}