{"gold_per_floor":[18,18,34,34,59,100,100,100,126,170,195,214,239,189,189,315,378,393,393,393,414,40,40,40,55,136,136,36,36],"floor_reached":29,"playtime":1047,"items_purged":["Strike_R","Strike_R"],"score":311,"play_id":"32477897-c731-46ee-ab97-5af1e611580e","local_time":"20190604220437","is_ascension_mode":true,"campfire_choices":[{"floor":8,"key":"REST"},{"data":"Rupture","floor":15,"key":"SMITH"},{"floor":23,"key":"DIG"}],"neow_cost":"NO_GOLD","seed_source_timestamp":15808475896392,"circlet_count":0,"master_deck":["Strike_R","Defend_R","Defend_R","Defend_R","Bash","Sever Soul","Fire Breathing","Combust","Flex","Rupture+1","Twin Strike","Flame Barrier","Cleave","Inflame+1","Offering","Limit Break","Flex","Pommel Strike+1","Heavy Blade+1","Shrug It Off+1"],"relics":["Burning Blood","Golden Idol","Anchor","Omamori","Dead Branch","Tiny House","MutagenicStrength","Mercury Hourglass","Shovel","PreservedInsect","Enchiridion"],"potions_floor_usage":[6,16,16,16,21,29],"damage_taken":[{"damage":8,"enemies":"2 Louse","floor":1,"turns":2},{"damage":17,"enemies":"Small Slimes","floor":3,"turns":3},{"damage":6,"enemies":"Cultist","floor":5,"turns":3},{"damage":30,"enemies":"Lagavulin","floor":6,"turns":6},{"damage":19,"enemies":"3 Sentries","floor":10,"turns":6},{"damage":4,"enemies":"Large Slime","floor":11,"turns":4},{"damage":0,"enemies":"Exordium Wildlife","floor":12,"turns":3},{"damage":5,"enemies":"Looter","floor":13,"turns":3},{"damage":10,"enemies":"Slime Boss","floor":16,"turns":5},{"damage":30,"enemies":"3 Byrds","floor":18,"turns":4},{"damage":12,"enemies":"Spheric Guardian","floor":21,"turns":3},{"damage":46,"enemies":"Shelled Parasite and Fungi","floor":25,"turns":4},{"damage":6,"enemies":"Book of Stabbing","floor":29,"turns":2}],"seed_played":"8842599159932168894","potions_obtained":[{"floor":1,"key":"Strength Potion"},{"floor":3,"key":"Fire Potion"},{"floor":10,"key":"LiquidBronze"},{"floor":13,"key":"GamblersBrew"},{"floor":17,"key":"Poison Potion"},{"floor":18,"key":"AttackPotion"},{"floor":25,"key":"Explosive Potion"}],"is_trial":false,"path_per_floor":["M","?","M","$","M","E","?","R","T","E","M","M","M","?","R","B",null,"M","?","?","M","$","R","$","M","T","?","$","E"],"character_chosen":"IRONCLAD","items_purchased":["Shovel"],"campfire_rested":1,"item_purchase_floors":[22],"current_hp_per_floor":[78,58,47,47,47,23,28,53,53,40,42,48,49,49,49,45,90,66,66,66,60,60,60,60,20,20,4,4,0],"gold":36,"neow_bonus":"TRANSFORM_TWO_CARDS","is_prod":false,"is_daily":false,"chose_seed":false,"campfire_upgraded":1,"win_rate":0,"timestamp":1559700277,"path_taken":["M","?","M","$","M","E","?","R","T","E","M","M","M","?","R","BOSS","M","?","?","M","$","R","$","?","T","?","?","E"],"build_version":"2019-01-23","purchased_purges":2,"victory":false,"max_hp_per_floor":[80,80,80,80,80,80,85,85,85,85,85,85,85,85,85,85,90,90,90,90,90,90,90,90,90,90,90,90,90],"card_choices":[{"not_picked":["Pommel Strike","Infernal Blade"],"picked":"Combust","floor":1},{"not_picked":["Sword Boomerang","Sentinel"],"picked":"Flex","floor":3},{"not_picked":["True Grit","Pommel Strike"],"picked":"Rupture","floor":5},{"not_picked":["Shockwave","Intimidate"],"picked":"Twin Strike","floor":6},{"not_picked":["Armaments","Rage"],"picked":"Flame Barrier","floor":10},{"not_picked":["Reckless Charge","Perfected Strike"],"picked":"Cleave","floor":11},{"not_picked":["Twin Strike","Iron Wave"],"picked":"Inflame","floor":12},{"not_picked":["Iron Wave","Heavy Blade"],"picked":"Offering","floor":13},{"not_picked":["Immolate","Exhume"],"picked":"Limit Break","floor":16},{"not_picked":["Cleave","Searing Blow"],"picked":"Flex","floor":17},{"not_picked":["Perfected Strike","Entrench"],"picked":"Pommel Strike+1","floor":18},{"not_picked":["Second Wind+1","Pommel Strike+1"],"picked":"Heavy Blade+1","floor":21},{"not_picked":["Warcry","Perfected Strike+1"],"picked":"Shrug It Off+1","floor":25}],"player_experience":103157,"relics_obtained":[{"floor":6,"key":"Anchor"},{"floor":9,"key":"Omamori"},{"floor":10,"key":"Dead Branch"},{"floor":23,"key":"PreservedInsect"},{"floor":27,"key":"Enchiridion"}],"event_choices":[{"damage_healed":0,"gold_gain":0,"player_choice":"Take Damage","damage_taken":20,"relics_obtained":["Golden Idol"],"max_hp_gain":0,"max_hp_loss":0,"event_name":"Golden Idol","floor":2,"gold_loss":0},{"damage_healed":0,"gold_gain":0,"player_choice":"Donut","damage_taken":0,"max_hp_gain":5,"max_hp_loss":0,"event_name":"Big Fish","floor":7,"gold_loss":0},{"cards_removed":["Strike_R"],"damage_healed":0,"gold_gain":0,"player_choice":"Card Removal","damage_taken":0,"max_hp_gain":0,"max_hp_loss":0,"event_name":"The Cleric","floor":14,"gold_loss":50},{"damage_healed":0,"gold_gain":0,"player_choice":"Inject Mutagens","damage_taken":0,"relics_obtained":["MutagenicStrength"],"max_hp_gain":0,"max_hp_loss":0,"event_name":"Drug Dealer","floor":19,"gold_loss":0},{"damage_healed":0,"gold_gain":0,"player_choice":"Gave Potion","damage_taken":0,"relics_obtained":["Mercury Hourglass"],"max_hp_gain":0,"max_hp_loss":0,"event_name":"WeMeetAgain","floor":20,"gold_loss":0},{"damage_healed":0,"gold_gain":0,"player_choice":"Obtained Book","damage_taken":16,"max_hp_gain":0,"max_hp_loss":0,"event_name":"Cursed Tome","floor":27,"gold_loss":0}],"is_beta":false,"boss_relics":[{"not_picked":["White Beast Statue","Philosopher\u0027s Stone"],"picked":"Tiny House"}],"items_purged_floors":[22,28],"is_endless":false,"potions_floor_spawned":[1,3,10,13,18,25],"killed_by":"Book of Stabbing","ascension_level":2}