{"gold_per_floor":[110,185,198,4,20,20,20,20,70,88,106,106,131,148,148,249,249,266,266,266,280,280,280],"floor_reached":23,"playtime":1127,"items_purged":[],"score":191,"play_id":"d0549d44-ee6d-48c7-8bc4-ca54d6e0cf69","local_time":"20181109031619","is_ascension_mode":false,"campfire_choices":[{"data":"Neutralize","floor":6,"key":"SMITH"},{"data":"Bouncing Flask","floor":8,"key":"SMITH"},{"data":"FTL","floor":15,"key":"SMITH"}],"neow_cost":"NONE","seed_source_timestamp":2501183249747005,"circlet_count":0,"master_deck":["Defend_G","Defend_G","Defend_G","Defend_G","Defend_G","Strike_G","Strike_G","Strike_G","Strike_G","Survivor","Neutralize+1","Heel Hook","Backflip","Bouncing Flask+1","Slice","Body Slam","FTL+1","Dagger Throw","Reboot","Double Tap"],"relics":["Ring of the Snake","Pen Nib","PrismaticShard","Strawberry","Bronze Scales","WristBlade"],"potions_floor_usage":[10,13,14,23,23],"damage_taken":[{"damage":0,"enemies":"Jaw Worm","floor":1,"turns":6},{"damage":0,"enemies":"Small Slimes","floor":3,"turns":4},{"damage":0,"enemies":"2 Louse","floor":5,"turns":2},{"damage":13,"enemies":"Lots of Slimes","floor":10,"turns":2},{"damage":9,"enemies":"Exordium Wildlife","floor":11,"turns":4},{"damage":5,"enemies":"Gremlin Nob","floor":13,"turns":5},{"damage":0,"enemies":"Gremlin Gang","floor":14,"turns":4},{"damage":9,"enemies":"Hexaghost","floor":16,"turns":9},{"damage":0,"enemies":"Chosen","floor":18,"turns":4},{"damage":11,"enemies":"Shell Parasite","floor":21,"turns":4},{"damage":74,"enemies":"Slavers","floor":23,"turns":5}],"seed_played":"-7233783845637031127","potions_obtained":[{"floor":5,"key":"Explosive Potion"},{"floor":11,"key":"PowerPotion"},{"floor":13,"key":"Poison Potion"},{"floor":16,"key":"Weak Potion"},{"floor":18,"key":"GamblersBrew"}],"is_trial":false,"path_per_floor":["M","?","M","$","M","R","?","R","T","M","M","$","E","M","R","B",null,"M","?","?","M","?","E"],"character_chosen":"THE_SILENT","items_purchased":["PrismaticShard"],"campfire_rested":0,"item_purchase_floors":[4],"current_hp_per_floor":[70,59,59,59,59,59,59,59,66,53,44,44,39,39,39,30,77,77,77,77,66,66,0],"gold":280,"neow_bonus":"RANDOM_COMMON_RELIC","is_prod":false,"is_daily":false,"chose_seed":false,"campfire_upgraded":3,"win_rate":0,"timestamp":1541754979,"path_taken":["M","?","M","$","M","R","?","R","T","M","M","?","E","?","R","BOSS","M","?","?","?","?","E"],"build_version":"2018-11-08","purchased_purges":0,"victory":false,"max_hp_per_floor":[70,70,70,70,70,70,70,70,77,77,77,77,77,77,77,77,77,77,77,77,77,77,77],"card_choices":[{"not_picked":["Bane","Dodge and Roll"],"picked":"Heel Hook","floor":1},{"not_picked":["Blur","Flechettes"],"picked":"Backflip","floor":3},{"not_picked":["Dodge and Roll","Darkness"],"picked":"Bouncing Flask","floor":5},{"not_picked":["Redo","Coolheaded"],"picked":"Slice","floor":10},{"not_picked":["Warcry","Deep Breath"],"picked":"Body Slam","floor":11},{"not_picked":["Acrobatics","Burning Pact"],"picked":"FTL","floor":13},{"not_picked":["Sucker Punch","Sweeping Beam"],"picked":"Dagger Throw","floor":14},{"not_picked":["Glass Knife","Venomology"],"picked":"Reboot","floor":16},{"not_picked":["Barrage+1","Heavy Blade","True Grit"],"picked":"SKIP","floor":18},{"not_picked":["Sword Boomerang","Compile Driver"],"picked":"Double Tap","floor":21}],"player_experience":213182,"relics_obtained":[{"floor":9,"key":"Strawberry"},{"floor":13,"key":"Bronze Scales"}],"event_choices":[{"damage_healed":0,"gold_gain":75,"player_choice":"Gather Gold","damage_taken":11,"max_hp_gain":0,"max_hp_loss":0,"event_name":"World of Goop","floor":2,"gold_loss":0},{"damage_healed":0,"gold_gain":0,"player_choice":"Leave","damage_taken":0,"max_hp_gain":0,"max_hp_loss":0,"event_name":"The Cleric","floor":7,"gold_loss":0},{"damage_healed":0,"gold_gain":0,"player_choice":"Ignored","damage_taken":0,"max_hp_gain":0,"max_hp_loss":0,"event_name":"Vampires","floor":19,"gold_loss":0},{"cards_removed":["Strike_G"],"damage_healed":0,"gold_gain":0,"player_choice":"Purged","damage_taken":0,"max_hp_gain":0,"max_hp_loss":0,"event_name":"Purifier","floor":20,"gold_loss":0},{"damage_healed":0,"gold_gain":0,"player_choice":"Ignored","damage_taken":0,"max_hp_gain":0,"max_hp_loss":0,"event_name":"Ghosts","floor":22,"gold_loss":0}],"is_beta":true,"boss_relics":[{"not_picked":["Snecko Eye","Busted Crown"],"picked":"WristBlade"}],"items_purged_floors":[],"is_endless":false,"potions_floor_spawned":[5,11,13,16,18],"killed_by":"Slavers","ascension_level":0}