{"path_per_floor":["M","$","M","M","?","R","M","R","T","?","R","M","$","E","R","B",null,"M","M","M","M","$","R","M","M","T","?","?","M","R","M","R"],"character_chosen":"DEFECT","items_purchased":["Self Repair","Ball Lightning","Capacitor"],"gold_per_floor":[114,114,132,145,145,145,156,156,156,156,156,168,13,40,40,145,145,162,180,198,210,8,8,23,34,34,34,34,44,44,63,63,63],"floor_reached":33,"campfire_rested":1,"playtime":2056,"current_hp_per_floor":[75,75,74,71,64,64,58,58,58,43,43,43,43,19,41,30,75,75,66,66,64,64,64,69,70,70,54,54,52,52,59,59,0],"items_purged":["Strike_B","Strike_B"],"gold":63,"score":251,"play_id":"843a1086-964e-46c8-abef-c7496ed27eb2","local_time":"20180510102849","is_prod":false,"is_daily":false,"chose_seed":false,"is_ascension_mode":false,"campfire_upgraded":6,"timestamp":1525966129,"path_taken":["M","$","M","M","?","R","M","R","T","?","R","?","?","E","R","BOSS","M","M","M","M","$","R","M","M","T","?","?","M","R","M","R","BOSS"],"build_version":"2018-05-08","seed_source_timestamp":136002965750395,"purchased_purges":3,"victory":false,"master_deck":["Strike_B","Strike_B+1","Defend_B","Defend_B","Defend_B","Defend_B","Zap+1","Dualcast","Biased Cognition+1","Barrage+1","Barrage","Steam Power+1","Genetic Algorithm","Self Repair","Auto Shields","Seek+1","Hologram+1","Coolheaded","Rainbow+1","Ball Lightning","Capacitor+1","Rebound","FTL+1","Necronomicurse","Coolheaded+1","Axe Kick"],"max_hp_per_floor":[75,75,75,75,75,75,75,75,75,75,75,75,75,75,75,75,75,75,75,75,75,75,75,75,75,75,75,75,75,75,75,75,75],"relics":["Cracked Core","Ginger","Toolbox","Mummified Hand","Nuclear Battery","Blue Candle","Necronomicon"],"card_choices":[{"not_picked":["Gash","Skim"],"picked":"Barrage","floor":1},{"not_picked":["Sweeping Beam","Coolheaded"],"picked":"Barrage","floor":3},{"not_picked":["Rebound","Stack"],"picked":"Steam Power","floor":4},{"not_picked":["Doom and Gloom","Capacitor"],"picked":"Genetic Algorithm","floor":12},{"not_picked":["Hologram","Conserve Battery"],"picked":"Auto Shields","floor":14},{"not_picked":["Nova","Multi-Cast"],"picked":"Seek","floor":16},{"not_picked":["Blizzard","Skim"],"picked":"Hologram","floor":18},{"not_picked":["Streamline","Go for the Eyes"],"picked":"Coolheaded","floor":19},{"not_picked":["Barrage","Sweeping Beam"],"picked":"Rainbow","floor":21},{"not_picked":["Coolheaded","Hologram"],"picked":"Rebound","floor":24},{"not_picked":["Rebound","Coolheaded"],"picked":"FTL","floor":25},{"not_picked":["Undo","Skim"],"picked":"Coolheaded","floor":29},{"not_picked":["Darkness","Coolheaded"],"picked":"Axe Kick","floor":31}],"player_experience":139128,"potions_floor_usage":[7,12,16,19,19,25,31,33],"damage_taken":[{"damage":0,"enemies":"Small Slimes","floor":1,"turns":3},{"damage":1,"enemies":"2 Louse","floor":3,"turns":2},{"damage":3,"enemies":"Jaw Worm","floor":4,"turns":3},{"damage":12,"enemies":"Exordium Thugs","floor":7,"turns":3},{"damage":0,"enemies":"3 Louse","floor":12,"turns":1},{"damage":31,"enemies":"3 Sentries","floor":14,"turns":6},{"damage":18,"enemies":"The Guardian","floor":16,"turns":6},{"damage":0,"enemies":"Chosen","floor":18,"turns":4},{"damage":9,"enemies":"2 Thieves","floor":19,"turns":4},{"damage":0,"enemies":"Chosen and Byrds","floor":20,"turns":2},{"damage":9,"enemies":"Snecko","floor":21,"turns":6},{"damage":2,"enemies":"Snake Plant","floor":24,"turns":2},{"damage":6,"enemies":"Centurion and Healer","floor":25,"turns":6},{"damage":9,"enemies":"Sentry and Sphere","floor":29,"turns":4},{"damage":0,"enemies":"Snecko","floor":31,"turns":4},{"damage":63,"enemies":"Collector","floor":33,"turns":11}],"event_choices":[{"event_name":"Scrap Ooze","player_choice":"success","floor":5,"damage_taken":7},{"event_name":"Shining Light","player_choice":"Entered Light","floor":10,"damage_taken":0},{"event_name":"Cursed Tome","player_choice":"Obtained Book","floor":27,"damage_taken":0},{"event_name":"Beggar","player_choice":"Ignored","floor":28,"damage_taken":0}],"boss_relics":[{"not_picked":["Tiny House","Runic Dome"],"picked":"Nuclear Battery"}],"potions_floor_spawned":[1,4,14,16,18,19,25,29],"seed_played":"8335537883335377988","killed_by":"Collector","ascension_level":0,"is_trial":false}