{"gold_per_floor":[119,119,132,5,15,15,46,46,100,113,123,133,133,33,33,129,129,149,160,175,175,175,204,204,217,291,2,35,35,54,54],"floor_reached":31,"playtime":1280,"items_purged":["Strike_R","Strike_R"],"score":385,"play_id":"efc69320-4a28-4ed2-ba61-b9fe0ecb9f63","local_time":"20190707113646","is_ascension_mode":true,"campfire_choices":[{"data":"Twin Strike","floor":6,"key":"SMITH"},{"floor":8,"key":"REST"},{"data":"Warcry","floor":13,"key":"SMITH"},{"data":"Demon Form","floor":15,"key":"SMITH"},{"floor":24,"key":"REST"}],"neow_cost":"NONE","seed_source_timestamp":6216061648068,"circlet_count":0,"master_deck":["Bash+1","Twin Strike+1","Whirlwind","Sword Boomerang","Demon Form+1","Iron Wave+1","Warcry+1","Evolve","Immolate","Sever Soul","Iron Wave","Searing Blow","Sever Soul+1","Burning Pact","Pommel Strike","Seeing Red","Spot Weakness","Clothesline","True Grit","Ghostly","Ghostly","Ghostly","Ghostly","Ghostly","Havoc","Shrug It Off+1","Shrug It Off"],"relics":["Burning Blood","Self Forming Clay","Tiny Chest","Pandora\u0027s Box","PreservedInsect","Bottled Tornado","Vajra","Juzu Bracelet","Whetstone"],"potions_floor_usage":[7,16,18,20,23,23,25,30],"damage_taken":[{"damage":1,"enemies":"Cultist","floor":1,"turns":3},{"damage":3,"enemies":"2 Louse","floor":3,"turns":2},{"damage":15,"enemies":"Small Slimes","floor":5,"turns":3},{"damage":33,"enemies":"Lagavulin","floor":7,"turns":7},{"damage":0,"enemies":"Exordium Wildlife","floor":10,"turns":3},{"damage":4,"enemies":"Looter","floor":11,"turns":3},{"damage":14,"enemies":"Large Slime","floor":12,"turns":7},{"damage":6,"enemies":"Slime Boss","floor":16,"turns":6},{"damage":7,"enemies":"Chosen","floor":18,"turns":4},{"damage":27,"enemies":"2 Thieves","floor":19,"turns":3},{"damage":0,"enemies":"3 Cultists","floor":20,"turns":4},{"damage":20,"enemies":"Book of Stabbing","floor":23,"turns":6},{"damage":0,"enemies":"Snake Plant","floor":25,"turns":4},{"damage":3,"enemies":"Slavers","floor":28,"turns":4},{"damage":38,"enemies":"Cultist and Chosen","floor":30,"turns":8},{"damage":8,"enemies":"Gremlin Leader","floor":31,"turns":7}],"seed_played":"5745396004256933981","potions_obtained":[{"floor":5,"key":"Poison Potion"},{"floor":7,"key":"Swift Potion"},{"floor":10,"key":"Block Potion"},{"floor":11,"key":"Block Potion"},{"floor":16,"key":"Strength Potion"},{"floor":19,"key":"SkillPotion"},{"floor":20,"key":"Block Potion"},{"floor":23,"key":"Fire Potion"}],"is_trial":false,"path_per_floor":["M","T","M","$","M","R","E","R","T","M","M","M","R","$","R","B",null,"M","M","M","?","?","E","R","M","T","$","E","$","M","E"],"character_chosen":"IRONCLAD","items_purchased":["PowerPotion","Vajra","Juzu Bracelet"],"campfire_rested":2,"item_purchase_floors":[4,27,27],"current_hp_per_floor":[77,77,80,80,71,71,44,68,68,74,76,68,68,68,68,68,77,76,55,61,61,40,26,38,40,40,40,40,40,8,0],"gold":54,"neow_bonus":"UPGRADE_CARD","is_prod":false,"is_daily":false,"chose_seed":false,"campfire_upgraded":3,"win_rate":0,"timestamp":1562513806,"path_taken":["M","?","M","$","M","R","E","R","T","M","?","M","R","$","R","BOSS","M","M","M","?","?","E","R","M","T","$","E","?","M","E"],"build_version":"2019-07-05","purchased_purges":2,"victory":false,"max_hp_per_floor":[80,80,80,80,80,80,80,80,80,80,80,80,80,80,80,80,80,80,80,80,80,40,40,40,40,40,40,40,40,40,40],"card_choices":[{"not_picked":["Body Slam","Reckless Charge"],"picked":"Twin Strike","floor":1},{"not_picked":["Pommel Strike","Burning Pact"],"picked":"Whirlwind","floor":3},{"not_picked":["Bloodletting","Perfected Strike"],"picked":"Sword Boomerang","floor":5},{"not_picked":["Combust","Searing Blow"],"picked":"Demon Form","floor":7},{"not_picked":["Whirlwind","Twin Strike"],"picked":"Iron Wave","floor":10},{"not_picked":["Dropkick","Corruption"],"picked":"Warcry","floor":11},{"not_picked":["Perfected Strike","Rupture"],"picked":"Evolve","floor":12},{"not_picked":["Reaper","Fiend Fire"],"picked":"Immolate","floor":16},{"not_picked":["Twin Strike","Pommel Strike"],"picked":"Spot Weakness","floor":18},{"not_picked":["Pommel Strike","Cleave+1","Twin Strike"],"picked":"SKIP","floor":19},{"not_picked":["Seeing Red","Carnage"],"picked":"Clothesline","floor":20},{"not_picked":["Bloodletting","Offering"],"picked":"Havoc","floor":23},{"not_picked":["Battle Trance","Armaments"],"picked":"Shrug It Off+1","floor":25},{"not_picked":["Searing Blow","Reckless Charge","Cleave"],"picked":"SKIP","floor":28},{"not_picked":["Clash","Havoc+1"],"picked":"Shrug It Off","floor":30}],"player_experience":267308,"relics_obtained":[{"floor":7,"key":"Self Forming Clay"},{"floor":9,"key":"Tiny Chest"},{"floor":23,"key":"PreservedInsect"},{"floor":26,"key":"Bottled Tornado"},{"floor":28,"key":"Whetstone"}],"event_choices":[{"damage_healed":0,"gold_gain":0,"player_choice":"Read","damage_taken":0,"max_hp_gain":0,"max_hp_loss":0,"event_name":"The Library","floor":21,"gold_loss":0,"cards_obtained":["True Grit"]},{"damage_healed":0,"gold_gain":0,"player_choice":"Became a Ghost","damage_taken":0,"max_hp_gain":0,"max_hp_loss":40,"event_name":"Ghosts","floor":22,"gold_loss":0,"cards_obtained":["Ghostly","Ghostly","Ghostly","Ghostly","Ghostly"]}],"is_beta":false,"boss_relics":[{"not_picked":["Ectoplasm","Cursed Key"],"picked":"Pandora\u0027s Box"}],"items_purged_floors":[4,14],"is_endless":false,"potions_floor_spawned":[5,7,10,11,16,19,20,23],"killed_by":"Gremlin Leader","ascension_level":6}