{"gold_per_floor":[113,47,61,61,236,266,285,285,309,309,341,359,385,409,421,533,545,576,588,600,641,653,665,33,60,141,158,186,186,206,223,223,321,321,335,355,355,371,371,396,396,396,396,411,411,411,411,633,633,633],"floor_reached":50,"playtime":1455,"items_purged":["Doubt"],"score":591,"play_id":"b66add3f-1a69-427c-b269-a1b9eba2da5e","local_time":"20181130034223","is_ascension_mode":false,"campfire_choices":[{"data":"Rip and Tear","floor":8,"key":"SMITH"},{"floor":10,"key":"REST"},{"floor":15,"key":"REST"},{"data":"Creative AI","floor":23,"key":"SMITH"},{"floor":29,"key":"REST"},{"floor":32,"key":"REST"},{"floor":42,"key":"REST"},{"floor":45,"key":"REST"},{"floor":49,"key":"RECALL"}],"neow_cost":"NONE","seed_source_timestamp":1224422742200255,"circlet_count":0,"master_deck":["Strike_B+1","Strike_B+1","Strike_B+1","Defend_B+1","Defend_B+1","Defend_B+1","Defend_B+1","Zap+1","Dualcast+1","Rip and Tear+1","Sweeping Beam+1","Conserve Battery+1","Conserve Battery+1","Ball Lightning+1","Ball Lightning+1","Creative AI+1","Undo+1","Immolate+1","Leap+1","Creative AI+1","Double Energy+1","Auto Shields+1","Conserve Battery+1","Ball Lightning+1","Amplify+1","Auto Shields+1","Go for the Eyes+1","Writhe","Ball Lightning+1","Discovery+1"],"relics":["Cracked Core","Bronze Scales","Juzu Bracelet","Oddly Smooth Stone","Ancient Tea Set","Boot","MawBank","Runic Dome","Red Mask","Matryoshka","Strawberry","Question Card","The Courier","Bottled Lightning","Art of War","White Beast Statue","Ornamental Fan","PreservedInsect","Mark of the Bloom"],"potions_floor_usage":[11,25,25,25,30,33,38,40,40,40,44,50],"damage_taken":[{"damage":6,"enemies":"Cultist","floor":1,"turns":3},{"damage":1,"enemies":"2 Louse","floor":3,"turns":2},{"damage":25,"enemies":"3 Sentries","floor":6,"turns":5},{"damage":0,"enemies":"Jaw Worm","floor":7,"turns":3},{"damage":0,"enemies":"Gremlin Nob","floor":11,"turns":3},{"damage":0,"enemies":"3 Louse","floor":12,"turns":2},{"damage":14,"enemies":"Gremlin Gang","floor":14,"turns":2},{"damage":28,"enemies":"Hexaghost","floor":16,"turns":8},{"damage":0,"enemies":"Spheric Guardian","floor":18,"turns":3},{"damage":3,"enemies":"Masked Bandits","floor":21,"turns":3},{"damage":15,"enemies":"Slavers","floor":25,"turns":4},{"damage":14,"enemies":"2 Thieves","floor":27,"turns":4},{"damage":14,"enemies":"Book of Stabbing","floor":28,"turns":5},{"damage":2,"enemies":"3 Cultists","floor":30,"turns":4},{"damage":0,"enemies":"Centurion and Healer","floor":31,"turns":4},{"damage":54,"enemies":"Automaton","floor":33,"turns":11},{"damage":29,"enemies":"3 Darklings","floor":35,"turns":4},{"damage":9,"enemies":"Orb Walker","floor":36,"turns":3},{"damage":14,"enemies":"3 Darklings","floor":38,"turns":3},{"damage":53,"enemies":"Nemesis","floor":40,"turns":9},{"damage":8,"enemies":"4 Shapes","floor":44,"turns":4},{"damage":53,"enemies":"Time Eater","floor":50,"turns":5}],"seed_played":"-4182295410839457725","potions_obtained":[{"floor":6,"key":"EssenceOfSteel"},{"floor":7,"key":"Poison Potion"},{"floor":11,"key":"EssenceOfSteel"},{"floor":16,"key":"Poison Potion"},{"floor":21,"key":"Ancient Potion"},{"floor":28,"key":"FearPotion"},{"floor":30,"key":"EssenceOfSteel"},{"floor":33,"key":"Fire Potion"},{"floor":35,"key":"Weak Potion"},{"floor":36,"key":"Block Potion"},{"floor":38,"key":"SkillPotion"},{"floor":40,"key":"SneckoOil"},{"floor":44,"key":"AttackPotion"}],"is_trial":false,"path_per_floor":["M","?","M","?","?","E","M","R","T","R","E","M","T","M","R","B",null,"M","?","?","?","?","R","$","E","T","M","E","R","M","M","R","B",null,"M","M","?","M","?","E","?","R","T","M","R","?","?","?","R","B"],"character_chosen":"DEFECT","items_purchased":["Matryoshka","Creative AI","Strawberry"],"campfire_rested":6,"item_purchase_floors":[24,24,24],"current_hp_per_floor":[69,69,68,53,53,28,28,28,28,50,50,50,50,36,58,30,75,75,75,75,72,58,58,65,50,50,36,22,48,46,46,72,18,87,58,49,49,35,57,4,4,30,30,22,48,48,48,48,48,0],"gold":633,"neow_bonus":"RANDOM_COMMON_RELIC","is_prod":false,"is_daily":false,"chose_seed":false,"campfire_upgraded":2,"win_rate":0,"timestamp":1543570943,"path_taken":["M","?","M","?","?","E","M","R","T","R","E","M","?","M","R","BOSS","M","?","?","?","?","R","$","E","T","M","E","R","M","M","R","BOSS","M","M","?","M","?","E","?","R","T","M","R","?","?","?","R","BOSS"],"build_version":"2018-11-15","purchased_purges":1,"victory":false,"max_hp_per_floor":[75,75,75,75,75,75,75,75,75,75,75,75,75,75,75,75,75,75,75,75,75,80,80,87,87,87,87,87,87,87,87,87,87,87,87,87,87,87,87,87,87,87,87,87,87,87,87,87,87,87],"card_choices":[{"not_picked":["Gash","Doom and Gloom"],"picked":"Rip and Tear","floor":1},{"not_picked":["Streamline","Turbo"],"picked":"Sweeping Beam","floor":3},{"not_picked":["Turbo","Rebound"],"picked":"Conserve Battery","floor":6},{"not_picked":["Gash","Fission"],"picked":"Conserve Battery","floor":7},{"not_picked":["Aggregate","Skim"],"picked":"Conserve Battery","floor":11},{"not_picked":["Stack","Loop"],"picked":"Ball Lightning","floor":12},{"not_picked":["Cold Snap","Fusion"],"picked":"Ball Lightning","floor":14},{"not_picked":["Seek","Rainbow"],"picked":"Creative AI","floor":16},{"not_picked":["Loop","Beam Cell+1"],"picked":"Undo","floor":18},{"not_picked":["Redo","Turbo"],"picked":"Leap","floor":21},{"not_picked":["Gash+1","Leap"],"picked":"Double Energy","floor":25},{"not_picked":["Doom and Gloom+1","Lockon","Leap"],"picked":"Auto Shields","floor":27},{"not_picked":["Steam","Ball Lightning","Capacitor"],"picked":"Conserve Battery","floor":28},{"not_picked":["Steam+1","Rebound","Compile Driver"],"picked":"Ball Lightning+1","floor":30},{"not_picked":["Steam","Doom and Gloom+1","All For One","Gash"],"picked":"SKIP","floor":31},{"not_picked":["Multi-Cast","Buffer","Core Surge"],"picked":"Amplify","floor":33},{"not_picked":["Go for the Eyes+1","Redo","Hello World","Gash+1"],"picked":"SKIP","floor":35},{"not_picked":["Turbo","Steam+1","Conserve Battery"],"picked":"Auto Shields+1","floor":36},{"not_picked":["Rip and Tear","Blizzard+1","Melter"],"picked":"Go for the Eyes","floor":38},{"not_picked":["Loop","Recycle","Compile Driver+1"],"picked":"Ball Lightning+1","floor":40},{"not_picked":["Thinking Ahead","Trip","Panacea"],"picked":"Discovery","floor":41},{"not_picked":["Compile Driver","Barrage","Cold Snap","Gash"],"picked":"SKIP","floor":44}],"player_experience":301529,"relics_obtained":[{"floor":6,"key":"Oddly Smooth Stone"},{"floor":9,"key":"Ancient Tea Set"},{"floor":11,"key":"Boot"},{"floor":13,"key":"MawBank"},{"floor":21,"key":"Red Mask"},{"floor":25,"key":"Question Card"},{"floor":26,"key":"The Courier"},{"floor":26,"key":"Bottled Lightning"},{"floor":28,"key":"Art of War"},{"floor":40,"key":"Ornamental Fan"},{"floor":43,"key":"PreservedInsect"}],"event_choices":[{"damage_healed":0,"gold_gain":0,"player_choice":"Paid Gold","damage_taken":0,"relics_obtained":["Juzu Bracelet"],"max_hp_gain":0,"max_hp_loss":0,"event_name":"WeMeetAgain","floor":2,"gold_loss":66},{"damage_healed":0,"gold_gain":0,"player_choice":"Entered Light","damage_taken":15,"max_hp_gain":0,"max_hp_loss":0,"event_name":"Shining Light","floor":4,"gold_loss":0,"cards_upgraded":["Dualcast","Strike_B"]},{"damage_healed":0,"gold_gain":175,"player_choice":"AGREE","damage_taken":0,"max_hp_gain":0,"max_hp_loss":0,"event_name":"Liars Game","floor":5,"gold_loss":0,"cards_obtained":["Doubt"]},{"cards_removed":["Conserve Battery"],"damage_healed":0,"gold_gain":0,"player_choice":"Took Card","damage_taken":0,"max_hp_gain":0,"max_hp_loss":0,"event_name":"NoteForYourself","floor":19,"gold_loss":0,"cards_obtained":["Immolate"]},{"damage_healed":0,"gold_gain":0,"player_choice":"Simplicity","damage_taken":0,"max_hp_gain":0,"max_hp_loss":0,"event_name":"Back to Basics","floor":20,"gold_loss":0,"cards_upgraded":["Strike_B","Strike_B","Strike_B","Defend_B","Defend_B","Defend_B","Defend_B"]},{"damage_healed":0,"gold_gain":0,"player_choice":"Fought Bandits","damage_taken":0,"max_hp_gain":0,"max_hp_loss":0,"event_name":"Masked Bandits","floor":21,"gold_loss":0},{"damage_healed":0,"gold_gain":0,"player_choice":"Shed Blood","damage_taken":19,"max_hp_gain":5,"max_hp_loss":0,"event_name":"Forgotten Altar","floor":22,"gold_loss":0},{"damage_healed":0,"gold_gain":0,"player_choice":"Ignored","damage_taken":0,"max_hp_gain":0,"max_hp_loss":0,"event_name":"Mysterious Sphere","floor":37,"gold_loss":0},{"damage_healed":22,"gold_gain":0,"player_choice":"Writhe","damage_taken":0,"max_hp_gain":0,"max_hp_loss":0,"event_name":"Winding Halls","floor":39,"gold_loss":0,"cards_obtained":["Writhe"]},{"damage_healed":0,"gold_gain":0,"player_choice":"Memory 1","damage_taken":0,"max_hp_gain":0,"max_hp_loss":0,"event_name":"SensoryStone","floor":41,"gold_loss":0},{"damage_healed":0,"gold_gain":0,"player_choice":"Upgrade","damage_taken":0,"relics_obtained":["Mark of the Bloom"],"max_hp_gain":0,"max_hp_loss":0,"event_name":"MindBloom","floor":46,"gold_loss":0,"cards_upgraded":["Zap","Sweeping Beam","Conserve Battery","Conserve Battery","Ball Lightning","Ball Lightning","Undo","Leap","Creative AI","Double Energy","Auto Shields","Conserve Battery","Amplify","Go for the Eyes","Discovery"]},{"cards_removed":["Strike_B"],"damage_healed":0,"gold_gain":0,"player_choice":"Removed Attack","damage_taken":0,"max_hp_gain":0,"max_hp_loss":0,"event_name":"Falling","floor":47,"gold_loss":0},{"damage_healed":0,"gold_gain":222,"player_choice":"Wore Mask","damage_taken":0,"max_hp_gain":0,"max_hp_loss":0,"event_name":"Tomb of Lord Red Mask","floor":48,"gold_loss":0}],"is_beta":true,"boss_relics":[{"not_picked":["FrozenCore","Empty Cage"],"picked":"Runic Dome"},{"not_picked":["Velvet Choker","Snecko Eye"],"picked":"White Beast Statue"}],"items_purged_floors":[24],"is_endless":false,"potions_floor_spawned":[6,7,11,16,21,28,30,33,35,36,38,40,44],"killed_by":"Time Eater","ascension_level":0}