{"path_per_floor":["M","M","$","M","M","E","M","?","T","M","M","M","?","T","R","B",null,"M","?","?","?","M","E","R","M","T","?","$","M","M","M","R","B",null,"M","M","$","M","?","R","?","R","T","?","$","T","R","E","R","B"],"character_chosen":"IRONCLAD","items_purchased":["Gambling Chip","Orichalcum","Singing Bowl","Inflame","Thinking Ahead","Deep Breath"],"gold_per_floor":[114,129,129,144,159,189,204,204,254,269,314,329,382,407,407,507,507,522,522,522,522,537,567,567,582,607,607,97,112,127,142,142,242,242,257,272,42,57,57,57,57,57,57,57,57,107,107,137,137,137],"floor_reached":51,"campfire_rested":3,"playtime":6064,"current_hp_per_floor":[78,94,94,94,94,79,74,67,74,71,73,71,58,58,88,42,101,101,101,101,91,92,90,107,83,83,83,83,89,87,89,109,109,111,106,111,111,111,111,111,111,111,113,113,113,115,115,117,117,114],"items_purged":[],"gold":137,"score":999,"play_id":"893cb0ff-af94-4cba-97ef-46094eebc4cc","local_time":"20180430163258","daily_mods":["Allstar","Vintage","Hoarder"],"is_prod":false,"is_daily":true,"chose_seed":false,"is_ascension_mode":false,"campfire_upgraded":4,"timestamp":1525098778,"path_taken":["M","M","$","M","M","E","M","?","T","M","M","M","?","?","R","BOSS","M","?","?","?","M","E","R","?","T","?","$","M","M","M","R","BOSS","M","M","$","M","?","R","?","R","T","?","$","?","R","E","R","BOSS"],"build_version":"2018-04-27v3","seed_source_timestamp":966351826626,"purchased_purges":0,"victory":true,"master_deck":["Strike_R","Strike_R","Strike_R","Defend_R","Defend_R+1","Defend_R","Bash","Thinking Ahead","Thinking Ahead","Thinking Ahead","Panache+1","Panache","Panache","Blind","Blind","Blind","Blind+1","Blind","Blind","Apotheosis+1","Apotheosis+1","Apotheosis+1","Searing Blow","Flex","Flex","Flex","Offering","Offering","Offering+1","Offering+1","Offering+1","Bludgeon+1","Bludgeon+1","Bludgeon+1","Ghostly Armor+1","Ghostly Armor+1","Ghostly Armor+1","Necronomicurse","Necronomicurse","Necronomicurse","Inflame","Inflame","Inflame","Thinking Ahead","Thinking Ahead","Thinking Ahead","Deep Breath","Deep Breath","Deep Breath","Finesse","Finesse","Finesse"],"max_hp_per_floor":[80,94,94,94,94,94,94,94,101,101,101,101,101,101,101,101,101,101,101,101,107,107,107,107,107,107,107,107,107,107,107,109,111,111,111,111,111,111,111,111,111,111,113,113,113,115,115,117,117,117],"relics":["Black Blood","Art of War","Mango","Dodecahedron","Darkstone Periapt","Vajra","Prayer Wheel","Strawberry","Ornamental Fan","Tiny Chest","Mercury Hourglass","Sundial","Bag of Marbles","Pen Nib","Astrolabe","Oddly Smooth Stone","Necronomicon","The Courier","Dream Catcher","Du-Vu Doll","War Paint","Gambling Chip","Orichalcum","Singing Bowl","Letter Opener","Paper Frog","Happy Flower","Ancient Tea Set","Bag of Preparation","Bronze Scales","Juzu Bracelet","Matryoshka","Smiling Mask","Anchor","Bottled Tornado"],"card_choices":[{"not_picked":["Rampage","Uppercut"],"picked":"Searing Blow","floor":6},{"not_picked":["Cleave","Perfected Strike"],"picked":"Flex","floor":13},{"not_picked":["Reaper","Impervious"],"picked":"Offering","floor":16},{"not_picked":["Madness","Swift Strike"],"picked":"Finesse","floor":44}],"player_experience":9507,"potions_floor_usage":[7,50,50],"damage_taken":[{"damage":8,"enemies":"Jaw Worm","floor":1,"turns":2},{"damage":0,"enemies":"Small Slimes","floor":2,"turns":2},{"damage":1,"enemies":"2 Louse","floor":4,"turns":2},{"damage":2,"enemies":"2 Fungi Beasts","floor":5,"turns":3},{"damage":21,"enemies":"3 Sentries","floor":6,"turns":5},{"damage":11,"enemies":"Gremlin Gang","floor":7,"turns":4},{"damage":9,"enemies":"Blue Slaver","floor":10,"turns":4},{"damage":4,"enemies":"Red Slaver","floor":11,"turns":2},{"damage":8,"enemies":"Large Slime","floor":12,"turns":4},{"damage":19,"enemies":"Lagavulin Event","floor":13,"turns":5},{"damage":52,"enemies":"Hexaghost","floor":16,"turns":8},{"damage":6,"enemies":"Shell Parasite","floor":18,"turns":4},{"damage":5,"enemies":"3 Byrds","floor":22,"turns":4},{"damage":8,"enemies":"Slavers","floor":23,"turns":2},{"damage":30,"enemies":"Snake Plant","floor":25,"turns":3},{"damage":0,"enemies":"Cultist and Chosen","floor":29,"turns":4},{"damage":8,"enemies":"Snecko","floor":30,"turns":1},{"damage":4,"enemies":"Slaver and Parasite","floor":31,"turns":3},{"damage":8,"enemies":"Collector","floor":33,"turns":2},{"damage":15,"enemies":"3 Darklings","floor":35,"turns":4},{"damage":0,"enemies":"Flame Bruiser 1 Orb","floor":36,"turns":1},{"damage":4,"enemies":"Spire Growth","floor":38,"turns":1},{"damage":4,"enemies":"Giant Head","floor":48,"turns":3},{"damage":13,"enemies":"Donu and Deca","floor":50,"turns":3}],"event_choices":[{"event_name":"Golden Wing","player_choice":"Card Removal","floor":8,"damage_taken":0},{"event_name":"Dead Adventurer","player_choice":"Searched \u00272\u0027 times","floor":13,"damage_taken":0},{"event_name":"Accursed Blacksmith","player_choice":"Ignore","floor":19,"damage_taken":0},{"event_name":"Back to Basics","player_choice":"Elegance","floor":20,"damage_taken":0},{"event_name":"Cursed Tome","player_choice":"Obtained Book","floor":21,"damage_taken":0},{"event_name":"Beggar","player_choice":"Ignored","floor":27,"damage_taken":0},{"event_name":"Mysterious Sphere","player_choice":"Ignore","floor":41,"damage_taken":0},{"event_name":"SensoryStone","player_choice":"Memory 1","floor":44,"damage_taken":0}],"boss_relics":[{"not_picked":["Philosopher\u0027s Stone","Snecko Eye"],"picked":"Astrolabe"},{"not_picked":["Tiny House","Black Star"],"picked":"Black Blood"}],"potions_floor_spawned":[2,7,11,13,16,23,25,29,31,33,35,48],"seed_played":"459085969939576442","ascension_level":0,"is_trial":false}