{"gold_per_floor":[10,185,201,201,219,219,239,239,239,239,239,49,109,147,147,272,272,197,197],"floor_reached":19,"playtime":591,"items_purged":[],"score":188,"play_id":"f8fbbfe6-f86a-4fdf-9d8f-9a9d3c5be5b1","local_time":"20190201222230","is_ascension_mode":true,"campfire_choices":[{"data":"Zap","floor":6,"key":"SMITH"},{"data":"Hologram","floor":8,"key":"SMITH"},{"data":"Self Repair","floor":11,"key":"SMITH"},{"data":"Dualcast","floor":15,"key":"SMITH"}],"neow_cost":"NO_GOLD","seed_source_timestamp":748484543028994,"circlet_count":0,"master_deck":["Strike_B","Strike_B","Defend_B","Defend_B","Defend_B","Zap+1","Dualcast+1","Hologram+1","Cold Snap","Scrape","Chill","Coolheaded","Self Repair+1","HandOfGreed","Scrape","Coolheaded","Reboot","Coolheaded"],"relics":["FrozenCore","Potion Belt"],"potions_floor_usage":[7,16],"damage_taken":[{"damage":0,"enemies":"Jaw Worm","floor":1,"turns":3},{"damage":0,"enemies":"Small Slimes","floor":3,"turns":2},{"damage":2,"enemies":"Cultist","floor":5,"turns":3},{"damage":15,"enemies":"Gremlin Gang","floor":7,"turns":4},{"damage":17,"enemies":"Large Slime","floor":13,"turns":6},{"damage":6,"enemies":"Exordium Thugs","floor":14,"turns":4},{"damage":33,"enemies":"Hexaghost","floor":16,"turns":12},{"damage":23,"enemies":"2 Thieves","floor":18,"turns":5},{"damage":0,"enemies":"Colosseum Slavers","floor":19,"turns":1}],"seed_played":"-2253680300553190460","potions_obtained":[{"floor":5,"key":"PowerPotion"},{"floor":13,"key":"EssenceOfSteel"}],"is_trial":false,"path_per_floor":["M","?","M","?","M","R","M","R","T","?","R","$","M","M","R","B",null,"M","?"],"character_chosen":"DEFECT","items_purchased":["HandOfGreed"],"campfire_rested":0,"item_purchase_floors":[12],"current_hp_per_floor":[75,75,75,75,73,73,58,58,58,51,51,51,44,48,48,25,75,62,62],"gold":197,"neow_bonus":"TRANSFORM_TWO_CARDS","is_prod":false,"is_daily":false,"chose_seed":false,"campfire_upgraded":4,"win_rate":0,"timestamp":1549081350,"path_taken":["M","?","M","?","?","R","?","R","T","?","R","$","M","M","R","BOSS","M","?"],"build_version":"2019-01-23","purchased_purges":0,"victory":false,"max_hp_per_floor":[75,75,75,75,75,75,75,75,75,75,75,75,75,75,75,75,75,75,75],"card_choices":[{"not_picked":["Streamline","Static Discharge"],"picked":"Scrape","floor":1},{"not_picked":["Reinforced Body","Tempest"],"picked":"Chill","floor":3},{"not_picked":["Rebound","Barrage"],"picked":"Coolheaded","floor":5},{"not_picked":["Go for the Eyes","Undo"],"picked":"Self Repair","floor":7},{"not_picked":["Hello World","Redo"],"picked":"Scrape","floor":13},{"not_picked":["Steam","Heatsinks"],"picked":"Coolheaded","floor":14},{"not_picked":["Machine Learning","Buffer"],"picked":"Reboot","floor":16},{"not_picked":["Streamline","Aggregate+1"],"picked":"Coolheaded","floor":18}],"player_experience":422849,"relics_obtained":[{"floor":9,"key":"Potion Belt"}],"event_choices":[{"damage_healed":0,"gold_gain":175,"player_choice":"AGREE","damage_taken":0,"max_hp_gain":0,"max_hp_loss":0,"event_name":"Liars Game","floor":2,"gold_loss":0,"cards_obtained":["Doubt"]},{"cards_removed":["Doubt"],"damage_healed":0,"gold_gain":0,"player_choice":"Removed Curses","damage_taken":0,"max_hp_gain":0,"max_hp_loss":0,"event_name":"Fountain of Cleansing","floor":4,"gold_loss":0},{"cards_removed":["Strike_B"],"damage_healed":0,"gold_gain":0,"player_choice":"Card Removal","damage_taken":7,"max_hp_gain":0,"max_hp_loss":0,"event_name":"Golden Wing","floor":10,"gold_loss":0},{"damage_healed":0,"gold_gain":0,"player_choice":"Fight","damage_taken":0,"max_hp_gain":0,"max_hp_loss":0,"event_name":"Colosseum","floor":19,"gold_loss":0}],"is_beta":true,"boss_relics":[{"not_picked":["Inserter","Eternal Feather"],"picked":"FrozenCore"}],"items_purged_floors":[],"is_endless":false,"potions_floor_spawned":[5,13],"killed_by":"Colosseum Slavers","ascension_level":4}