{"gold_per_floor":[110,124,143,163,20,46,46,80,155,1,12,287,38,38,38,138,138,148,108,33,33,33,33,67,67,67,67],"floor_reached":27,"playtime":1476,"items_purged":["Regret"],"score":249,"play_id":"3f6d59f2-d24d-46e4-83a2-3d080072bf76","local_time":"20190604214657","is_ascension_mode":true,"campfire_choices":[{"floor":7,"key":"REST"},{"floor":15,"key":"REST"},{"floor":23,"key":"REST"},{"data":"Cloak And Dagger","floor":25,"key":"SMITH"}],"neow_cost":"NONE","seed_source_timestamp":14318798048272,"circlet_count":0,"master_deck":["Defend_G","Defend_G","Defend_G","Defend_G","Defend_G","Strike_G","Strike_G","Strike_G","Strike_G","Survivor","Neutralize","Malaise","Sucker Punch","Choke","Skewer","Quick Slash","Heel Hook","Flying Knee","Backstab","Slice","A Thousand Cuts","Cloak And Dagger+1","Dodge and Roll"],"relics":["Ring of the Snake","Lantern","Bottled Flame","WingedGreaves","Mercury Hourglass","Regal Pillow","Juzu Bracelet","Runic Pyramid","Oddly Smooth Stone","Blue Candle"],"potions_floor_usage":[8,16,16,24,24,24,27],"damage_taken":[{"damage":4,"enemies":"Cultist","floor":1,"turns":6},{"damage":0,"enemies":"Jaw Worm","floor":2,"turns":5},{"damage":1,"enemies":"2 Louse","floor":3,"turns":3},{"damage":21,"enemies":"Lots of Slimes","floor":4,"turns":5},{"damage":22,"enemies":"Lagavulin","floor":6,"turns":8},{"damage":15,"enemies":"3 Sentries","floor":8,"turns":9},{"damage":8,"enemies":"Exordium Thugs","floor":11,"turns":4},{"damage":36,"enemies":"Slime Boss","floor":16,"turns":10},{"damage":19,"enemies":"2 Thieves","floor":18,"turns":4},{"damage":21,"enemies":"Colosseum Slavers","floor":22,"turns":5},{"damage":27,"enemies":"Slavers","floor":24,"turns":6},{"damage":40,"enemies":"Gremlin Leader","floor":27,"turns":10}],"seed_played":"3765249850787357178","potions_obtained":[{"floor":3,"key":"Explosive Potion"},{"floor":4,"key":"GamblersBrew"},{"floor":11,"key":"Fire Potion"},{"floor":19,"key":"Energy Potion"},{"floor":19,"key":"Weak Potion"},{"floor":19,"key":"Weak Potion"},{"floor":24,"key":"AttackPotion"}],"is_trial":false,"path_per_floor":["M","M","M","M","$","E","R","E","T","$","M","?","$","T","R","B",null,"M","?","?","$","?","R","E","R","T","E"],"character_chosen":"THE_SILENT","items_purchased":["Lantern","Regal Pillow","Juzu Bracelet","Slice"],"campfire_rested":3,"item_purchase_floors":[5,10,13,13],"current_hp_per_floor":[66,66,65,44,44,22,43,28,28,28,20,20,20,20,56,20,70,51,51,51,51,30,66,39,39,39,0],"gold":67,"neow_bonus":"ONE_RANDOM_RARE_CARD","is_prod":false,"is_daily":false,"chose_seed":false,"campfire_upgraded":1,"win_rate":0,"timestamp":1559699217,"path_taken":["M","M","M","M","$","E","R","E","T","?","?","?","?","?","R","BOSS","M","?","?","$","?","R","E","R","T","E"],"build_version":"2019-01-23","purchased_purges":1,"victory":false,"max_hp_per_floor":[70,70,70,70,70,70,70,70,70,70,70,70,70,70,70,70,70,70,70,70,70,70,70,70,70,70,70],"card_choices":[{"not_picked":["Dagger Spray","Eviscerate"],"picked":"Sucker Punch","floor":1},{"not_picked":["Crippling Poison","Slice"],"picked":"Choke","floor":2},{"not_picked":["Terror","Bane"],"picked":"Skewer","floor":3},{"not_picked":["Escape Plan","Dagger Spray"],"picked":"Quick Slash","floor":4},{"not_picked":["Catalyst","Heel Hook","Quick Slash"],"picked":"SKIP","floor":6},{"not_picked":["Catalyst","Quick Slash"],"picked":"Heel Hook","floor":6},{"not_picked":["Underhanded Strike","Reflex"],"picked":"Flying Knee","floor":8},{"not_picked":["Slice","Flechettes"],"picked":"Backstab","floor":11},{"not_picked":["Night Terror","Burst"],"picked":"A Thousand Cuts","floor":16},{"not_picked":["Noxious Fumes+1","Deflect"],"picked":"Cloak And Dagger","floor":18},{"not_picked":["Outmaneuver","Poisoned Stab"],"picked":"Dodge and Roll","floor":24}],"player_experience":101681,"relics_obtained":[{"floor":6,"key":"Bottled Flame"},{"floor":8,"key":"WingedGreaves"},{"floor":9,"key":"Mercury Hourglass"},{"floor":24,"key":"Oddly Smooth Stone"},{"floor":26,"key":"Blue Candle"}],"event_choices":[{"damage_healed":0,"gold_gain":275,"player_choice":"Desecrate","damage_taken":0,"max_hp_gain":0,"max_hp_loss":0,"event_name":"Golden Shrine","floor":12,"gold_loss":0,"cards_obtained":["Regret"]},{"damage_healed":0,"gold_gain":0,"player_choice":"Bought 3 Potions","damage_taken":0,"max_hp_gain":0,"max_hp_loss":0,"event_name":"The Woman in Blue","floor":19,"gold_loss":0},{"cards_removed":["Strike_G"],"damage_healed":0,"gold_gain":0,"player_choice":"Gave Gold","damage_taken":0,"max_hp_gain":0,"max_hp_loss":0,"event_name":"Beggar","floor":20,"gold_loss":75},{"damage_healed":0,"gold_gain":0,"player_choice":"Fight","damage_taken":0,"max_hp_gain":0,"max_hp_loss":0,"event_name":"Colosseum","floor":22,"gold_loss":0},{"damage_healed":0,"gold_gain":0,"player_choice":"Fled From Nobs","damage_taken":0,"max_hp_gain":0,"max_hp_loss":0,"event_name":"Colosseum","floor":22,"gold_loss":0}],"is_beta":false,"boss_relics":[{"not_picked":["Sozu","Ring of the Serpent"],"picked":"Runic Pyramid"}],"items_purged_floors":[13],"is_endless":false,"potions_floor_spawned":[3,4,11,24],"killed_by":"Gremlin Leader","ascension_level":1}