{"path_per_floor":["M","?","?","?","M","E","M","R","T","R","E","$","M","$","R","B",null,"M","$","?","T","?","R","?","M","T","R","?","R","M","$","R","B",null,"M","M","?","?","$","R","?","E","T","M","R","$","M","$","R","B"],"character_chosen":"DEFECT","items_purchased":["Juzu Bracelet","Dead Branch","Omamori","Storm","Tempest","Energy Potion","Strength Potion"],"gold_per_floor":[212,212,387,387,402,433,446,446,527,527,559,35,52,52,52,149,149,160,11,11,81,0,0,0,13,13,13,13,13,24,24,24,122,122,134,146,196,196,15,15,15,47,104,121,121,83,101,0,0,0],"floor_reached":51,"campfire_rested":2,"playtime":2701,"current_hp_per_floor":[74,74,74,74,73,57,57,57,57,57,51,51,51,51,51,11,75,57,57,57,57,57,57,57,36,50,50,50,50,50,50,76,44,89,89,84,57,79,79,79,79,68,68,68,68,68,66,66,89,39],"items_purged":["Doubt","Writhe"],"gold":0,"score":652,"play_id":"52130360-c41e-439e-93b9-bf0e494254aa","local_time":"20180504050348","is_prod":false,"is_daily":false,"chose_seed":false,"is_ascension_mode":false,"campfire_upgraded":7,"timestamp":1525428228,"path_taken":["M","?","?","?","M","E","M","R","T","R","E","$","M","$","R","BOSS","M","?","?","?","?","R","?","M","T","R","?","R","M","$","R","BOSS","M","M","?","?","$","R","?","E","T","M","R","$","M","?","R","BOSS"],"build_version":"2018-05-02","seed_source_timestamp":2021332392980313,"purchased_purges":2,"victory":true,"master_deck":["Strike_B+1","Strike_B+1","Defend_B+1","Defend_B+1","Defend_B+1","Defend_B+1","Zap+1","Dualcast+1","FTL+1","Tempest","Beam Cell","Go for the Eyes+1","BootSequence+1","Lockon","Ball Lightning+1","Creative AI+1","Double Energy+1","Streamline+1","Rainbow","Loop+1","Leap+1","Storm+1","Clumsy","Barrage+1","Tempest"],"max_hp_per_floor":[75,75,75,75,75,75,75,75,75,75,75,75,75,75,75,75,75,75,75,75,75,75,75,75,75,89,89,89,89,89,89,89,89,89,89,89,89,89,89,89,89,89,89,89,89,89,89,89,89,89],"relics":["Cracked Core","Bronze Scales","Gremlin Horn","Art of War","Dead Branch","Cursed Key","Omamori","Centennial Puzzle","Nloth\u0027s Gift","Mango","Inserter","Shovel","Bottled Lightning","Tiny Chest","Blood Vial"],"card_choices":[{"not_picked":["Ball Lightning","Leap"],"picked":"FTL","floor":1},{"not_picked":["Barrage","Heatsinks"],"picked":"Beam Cell","floor":5},{"not_picked":["Hologram","Beam Cell"],"picked":"Go for the Eyes","floor":6},{"not_picked":["Rebound","Coolheaded"],"picked":"BootSequence","floor":7},{"not_picked":["Beam Cell","Cold Snap"],"picked":"Lockon","floor":11},{"not_picked":["Streamline","Tempest"],"picked":"Ball Lightning","floor":13},{"not_picked":["Amplify","Fission"],"picked":"Creative AI","floor":16},{"not_picked":["Go for the Eyes","Stack"],"picked":"Double Energy","floor":18},{"not_picked":["Hologram","Skim"],"picked":"Streamline","floor":25},{"not_picked":["Amplify","Redo"],"picked":"Rainbow","floor":33},{"not_picked":["Hologram","Static Discharge"],"picked":"Loop","floor":35},{"not_picked":["Reinforced Body","Ball Lightning"],"picked":"Leap","floor":37},{"not_picked":["Glacier","Go for the Eyes"],"picked":"Barrage","floor":44}],"player_experience":130550,"potions_floor_usage":[25,30,30,33,37,50,50,50],"damage_taken":[{"damage":1,"enemies":"Jaw Worm","floor":1,"turns":4},{"damage":1,"enemies":"Cultist","floor":5,"turns":4},{"damage":16,"enemies":"Lagavulin","floor":6,"turns":5},{"damage":0,"enemies":"2 Louse","floor":7,"turns":2},{"damage":6,"enemies":"3 Sentries","floor":11,"turns":5},{"damage":0,"enemies":"Large Slime","floor":13,"turns":3},{"damage":40,"enemies":"The Guardian","floor":16,"turns":8},{"damage":18,"enemies":"Shell Parasite","floor":18,"turns":5},{"damage":21,"enemies":"Chosen","floor":25,"turns":4},{"damage":0,"enemies":"Snecko","floor":30,"turns":3},{"damage":32,"enemies":"Collector","floor":33,"turns":7},{"damage":0,"enemies":"Orb Walker","floor":35,"turns":3},{"damage":5,"enemies":"Flame Bruiser 1 Orb","floor":36,"turns":5},{"damage":27,"enemies":"Mysterious Sphere","floor":37,"turns":6},{"damage":11,"enemies":"2 Orb Walkers","floor":42,"turns":4},{"damage":12,"enemies":"4 Shapes","floor":44,"turns":3},{"damage":4,"enemies":"Spire Growth","floor":47,"turns":3},{"damage":50,"enemies":"Time Eater","floor":50,"turns":9}],"event_choices":[{"event_name":"Purifier","player_choice":"One Purge","floor":2,"damage_taken":0},{"event_name":"Liars Game","player_choice":"agreed","floor":3,"damage_taken":0},{"event_name":"Transmorgrifier","player_choice":"Transform","floor":4,"damage_taken":0},{"event_name":"Drug Dealer","player_choice":"Ignored","floor":20,"damage_taken":0},{"event_name":"Masked Bandits","player_choice":"Paid Bandits 81 gold","floor":22,"damage_taken":0},{"event_name":"N\u0027loth","player_choice":"Traded a Juzu Bracelet","floor":24,"damage_taken":0},{"event_name":"Back to Basics","player_choice":"Simplicity","floor":28,"damage_taken":0},{"event_name":"Mysterious Sphere","player_choice":"Fight","floor":37,"damage_taken":0},{"event_name":"Winding Halls","player_choice":"Writhe","floor":38,"damage_taken":0},{"event_name":"Accursed Blacksmith","player_choice":"Forge","floor":41,"damage_taken":0}],"boss_relics":[{"not_picked":["Velvet Choker","Philosopher\u0027s Stone"],"picked":"Cursed Key"},{"not_picked":["Black Star","Calling Bell"],"picked":"Inserter"}],"potions_floor_spawned":[6,11,25,30,35,47],"seed_played":"-3251675362272359268","ascension_level":0,"is_trial":false}