{"gold_per_floor":[110,192,9,9,22,53,53,70,70,70,70,87,117,7,7,105,105,118,118,87,87,9,9,9],"floor_reached":24,"playtime":802,"items_purged":["Parasite"],"score":263,"play_id":"f361b43a-b099-431f-a92e-2c20f6918080","local_time":"20190713110859","is_ascension_mode":true,"campfire_choices":[{"data":"True Grit","floor":7,"key":"SMITH"},{"floor":10,"key":"REST"},{"data":"Thunderclap","floor":15,"key":"SMITH"},{"floor":23,"key":"REST"}],"neow_cost":"CURSE","seed_source_timestamp":7691855994510,"circlet_count":0,"master_deck":["Strike_R","Strike_R","Strike_R","Strike_R","Defend_R","Defend_R","Defend_R","Defend_R","Bash","True Grit+1","Inflame","Thunderclap+1","Shrug It Off","Heavy Blade","Shrug It Off","Metallicize","Impervious","Wild Strike","Flex","Limit Break"],"relics":["Black Blood","Champion Belt","Lantern","PreservedInsect","Darkstone Periapt","Nunchaku","Charon\u0027s Ashes"],"potions_floor_usage":[13,16,20,24],"damage_taken":[{"damage":4,"enemies":"Cultist","floor":1,"turns":4},{"damage":7,"enemies":"Small Slimes","floor":5,"turns":4},{"damage":45,"enemies":"Lagavulin","floor":6,"turns":7},{"damage":2,"enemies":"Jaw Worm","floor":8,"turns":4},{"damage":15,"enemies":"2 Fungi Beasts","floor":12,"turns":4},{"damage":6,"enemies":"Gremlin Nob","floor":13,"turns":3},{"damage":10,"enemies":"Slime Boss","floor":16,"turns":7},{"damage":36,"enemies":"Spheric Guardian","floor":18,"turns":8},{"damage":11,"enemies":"2 Thieves","floor":20,"turns":5},{"damage":62,"enemies":"Gremlin Leader","floor":24,"turns":8}],"seed_played":"7521275813615319446","potions_obtained":[{"floor":8,"key":"SkillPotion"},{"floor":12,"key":"Energy Potion"},{"floor":13,"key":"PowerPotion"},{"floor":16,"key":"Dexterity Potion"},{"floor":18,"key":"FearPotion"}],"is_trial":false,"path_per_floor":["M","T","$","?","M","E","R","M","T","R","?","M","E","$","R","B",null,"M","?","M","T","$","R","E"],"character_chosen":"IRONCLAD","items_purchased":["Lantern","Inflame","Metallicize","Limit Break"],"campfire_rested":2,"item_purchase_floors":[3,3,14,22],"current_hp_per_floor":[74,74,74,79,78,39,39,43,43,68,61,52,52,52,52,48,74,48,32,31,31,31,57,0],"gold":9,"neow_bonus":"ONE_RARE_RELIC","is_prod":false,"is_daily":false,"chose_seed":false,"campfire_upgraded":2,"win_rate":0,"timestamp":1563030539,"path_taken":["M","?","$","?","M","E","R","?","T","R","?","M","E","$","R","BOSS","M","?","M","?","$","R","E"],"build_version":"2019-07-05","purchased_purges":1,"victory":false,"max_hp_per_floor":[80,80,80,85,85,85,85,85,85,85,85,85,85,82,82,82,82,82,87,87,87,87,87,87],"card_choices":[{"not_picked":["Body Slam","Bloodletting"],"picked":"True Grit","floor":1},{"not_picked":["Sword Boomerang","Body Slam"],"picked":"Thunderclap","floor":5},{"not_picked":["Seeing Red","Cleave"],"picked":"Shrug It Off","floor":6},{"not_picked":["Havoc","Bloodletting","Headbutt"],"picked":"SKIP","floor":8},{"not_picked":["Perfected Strike","Twin Strike"],"picked":"Heavy Blade","floor":12},{"not_picked":["Fiend Fire","Seeing Red"],"picked":"Shrug It Off","floor":13},{"not_picked":["Juggernaut","Exhume"],"picked":"Impervious","floor":16},{"not_picked":["Cleave","True Grit"],"picked":"Wild Strike","floor":18},{"not_picked":["Clash","True Grit+1"],"picked":"Flex","floor":20}],"player_experience":283158,"relics_obtained":[{"floor":6,"key":"PreservedInsect"},{"floor":9,"key":"Darkstone Periapt"},{"floor":13,"key":"Nunchaku"},{"floor":21,"key":"Charon\u0027s Ashes"}],"event_choices":[{"damage_healed":0,"gold_gain":0,"player_choice":"Donut","damage_taken":0,"max_hp_gain":5,"max_hp_loss":0,"event_name":"Big Fish","floor":4,"gold_loss":0},{"cards_removed":["Strike_R"],"damage_healed":0,"gold_gain":0,"player_choice":"Card Removal","damage_taken":7,"max_hp_gain":0,"max_hp_loss":0,"event_name":"Golden Wing","floor":11,"gold_loss":0},{"damage_healed":0,"gold_gain":0,"player_choice":"Shed Blood","damage_taken":21,"max_hp_gain":5,"max_hp_loss":0,"event_name":"Forgotten Altar","floor":19,"gold_loss":0}],"is_beta":false,"boss_relics":[{"not_picked":["Empty Cage","Philosopher\u0027s Stone"],"picked":"Black Blood"}],"items_purged_floors":[14],"is_endless":false,"potions_floor_spawned":[8,12,13,16,18],"killed_by":"Gremlin Leader","ascension_level":6}