{"gold_per_floor":[116,131,25,44,54,54,72,72,72,27,46,72,90,3,3,101,101,84,102,113,130,32,32,52,52,134,153,169,189,200,200],"floor_reached":31,"playtime":4885,"items_purged":[],"score":272,"play_id":"00121a3e-d103-4f40-bbc1-f510e844f001","local_time":"20190911053622","is_ascension_mode":false,"campfire_choices":[{"floor":6,"key":"REST"},{"data":"Hologram","floor":8,"key":"SMITH"},{"floor":15,"key":"REST"},{"floor":23,"key":"REST"}],"neow_cost":"NONE","seed_source_timestamp":53031416439295,"circlet_count":0,"master_deck":["Strike_B","Strike_B","Strike_B","Strike_B","Defend_B","Defend_B","Defend_B","Defend_B","Zap","Dualcast","Coolheaded","Gash","Skim","Capacitor","Heatsinks","FTL","Hologram+1","Leap","White Noise","Go for the Eyes","Sunder","Gash","Loop","Machine Learning","Fusion+1","Reinforced Body","Glacier","Stack","Hello World","Turbo","Darkness","Hologram+1","Heatsinks","Capacitor","Hologram+1"],"relics":["Cracked Core","NeowsBlessing","Mummified Hand","Torii","White Beast Statue","Meat on the Bone"],"potions_floor_usage":[30,31,31,31],"damage_taken":[{"damage":0,"enemies":"Cultist","floor":1,"turns":1},{"damage":0,"enemies":"Jaw Worm","floor":2,"turns":1},{"damage":0,"enemies":"2 Louse","floor":4,"turns":1},{"damage":22,"enemies":"Lots of Slimes","floor":5,"turns":5},{"damage":9,"enemies":"Red Slaver","floor":7,"turns":4},{"damage":4,"enemies":"3 Louse","floor":11,"turns":4},{"damage":40,"enemies":"Gremlin Nob","floor":12,"turns":5},{"damage":14,"enemies":"Gremlin Gang","floor":13,"turns":6},{"damage":6,"enemies":"Hexaghost","floor":16,"turns":13},{"damage":18,"enemies":"2 Thieves","floor":18,"turns":4},{"damage":9,"enemies":"Chosen","floor":19,"turns":5},{"damage":8,"enemies":"Centurion and Healer","floor":20,"turns":7},{"damage":15,"enemies":"Shelled Parasite and Fungi","floor":21,"turns":11},{"damage":22,"enemies":"Snake Plant","floor":24,"turns":8},{"damage":2,"enemies":"Centurion and Healer","floor":27,"turns":13},{"damage":19,"enemies":"3 Cultists","floor":28,"turns":8},{"damage":8,"enemies":"Snecko","floor":29,"turns":5},{"damage":26,"enemies":"Shelled Parasite and Fungi","floor":30,"turns":10},{"damage":27,"enemies":"Sentry and Sphere","floor":31,"turns":5}],"seed_played":"51618860556568510","potions_obtained":[{"floor":4,"key":"GamblersBrew"},{"floor":11,"key":"Weak Potion"},{"floor":13,"key":"Weak Potion"},{"floor":16,"key":"SteroidPotion"},{"floor":29,"key":"PowerPotion"},{"floor":30,"key":"FocusPotion"}],"is_trial":false,"path_per_floor":["M","M","$","M","M","R","M","R","T","$","M","E","M","$","R","B",null,"M","M","M","M","$","R","M","?","T","M","M","M","M","M"],"character_chosen":"DEFECT","items_purchased":["Skim","Capacitor","Leap","Gash","Loop","Hello World","Turbo"],"campfire_rested":3,"item_purchase_floors":[3,3,10,14,14,22,22],"current_hp_per_floor":[75,75,75,75,53,75,66,66,66,66,62,22,8,8,30,24,75,57,48,40,25,25,47,25,25,25,35,28,32,18,0],"gold":200,"neow_bonus":"THREE_ENEMY_KILL","is_prod":false,"is_daily":false,"chose_seed":false,"campfire_upgraded":1,"win_rate":0,"timestamp":1568190982,"path_taken":["M","M","$","M","M","R","M","R","T","$","?","E","M","$","R","BOSS","M","M","M","M","$","R","M","?","T","M","M","M","M","M"],"build_version":"2019-07-17","purchased_purges":0,"victory":false,"max_hp_per_floor":[75,75,75,75,75,75,75,75,75,75,75,75,75,75,75,75,75,75,75,75,75,75,75,75,75,75,75,75,75,75,75],"card_choices":[{"not_picked":["Leap","Turbo"],"picked":"Coolheaded","floor":1},{"not_picked":["Go for the Eyes","Steam"],"picked":"Gash","floor":2},{"not_picked":["Steam","Turbo"],"picked":"Heatsinks","floor":4},{"not_picked":["Cold Snap","Ball Lightning"],"picked":"FTL","floor":5},{"not_picked":["Echo Form","Rebound"],"picked":"Hologram","floor":7},{"not_picked":["Streamline","Rip and Tear"],"picked":"White Noise","floor":11},{"not_picked":["Capacitor","Streamline"],"picked":"Go for the Eyes","floor":12},{"not_picked":["Reprogram","Beam Cell"],"picked":"Sunder","floor":13},{"not_picked":["Fission","Core Surge"],"picked":"Machine Learning","floor":16},{"not_picked":["Self Repair","Ball Lightning+1"],"picked":"Fusion+1","floor":18},{"not_picked":["Ball Lightning+1","Beam Cell"],"picked":"Reinforced Body","floor":19},{"not_picked":["Self Repair","Sweeping Beam"],"picked":"Glacier","floor":20},{"not_picked":["BootSequence","FTL"],"picked":"Stack","floor":21},{"not_picked":["Barrage","Steam"],"picked":"Darkness","floor":24},{"not_picked":["Steam","Thunder Strike"],"picked":"Hologram+1","floor":27},{"not_picked":["Redo+1","Blizzard+1"],"picked":"Heatsinks","floor":28},{"not_picked":["Redo+1","Coolheaded"],"picked":"Capacitor","floor":29},{"not_picked":["Fusion","Ball Lightning"],"picked":"Hologram+1","floor":30}],"player_experience":120491,"relics_obtained":[{"floor":9,"key":"Mummified Hand"},{"floor":12,"key":"Torii"},{"floor":26,"key":"Meat on the Bone"}],"event_choices":[],"is_beta":false,"boss_relics":[{"not_picked":["Empty Cage","Sozu"],"picked":"White Beast Statue"}],"items_purged_floors":[],"is_endless":false,"potions_floor_spawned":[4,11,13,16,18,19,20,21,24,27,28,29,30],"killed_by":"Sentry and Sphere","ascension_level":0}