{"path_per_floor":["M","?","M","$","?","R","E","$","T","M","M","E","M","M","R"],"character_chosen":"DEFECT","items_purchased":[],"gold_per_floor":[119,194,212,137,87,87,114,14,14,32,50,85,96,114,114,114],"floor_reached":16,"campfire_rested":1,"playtime":3467,"current_hp_per_floor":[75,64,64,64,64,64,64,64,64,64,64,47,47,38,60,0],"items_purged":["Strike_B","Defend_B"],"gold":114,"score":137,"play_id":"78a3ce9c-46e3-4d09-a851-d2af8dbf6ee4","local_time":"20180517200918","is_prod":false,"is_daily":false,"chose_seed":false,"is_ascension_mode":false,"campfire_upgraded":1,"timestamp":1526580558,"campfire_choices":[{"data":"Tempest","floor":6,"key":"SMITH"},{"floor":15,"key":"REST"}],"path_taken":["M","?","M","$","?","R","E","$","T","M","M","E","M","?","R","BOSS"],"build_version":"2018-05-16","seed_source_timestamp":10643182242120,"purchased_purges":3,"victory":false,"master_deck":["Strike_B","Strike_B","Strike_B","Defend_B","Defend_B","Zap","Dualcast","Tempest+1","Leap","Consume","Genetic Algorithm"],"max_hp_per_floor":[75,75,75,75,75,75,75,75,75,75,75,75,75,75,75,75],"relics":["Cracked Core","NeowsBlessing","Pen Nib","Molten Egg 2","Anchor"],"card_choices":[{"not_picked":["Stack","Fusion","Capacitor"],"picked":"SKIP","floor":1},{"not_picked":["Leap","Steam"],"picked":"Tempest","floor":3},{"not_picked":["Go for the Eyes","Skim"],"picked":"Leap","floor":7},{"not_picked":["Skim","Barrage+1","Force Field"],"picked":"SKIP","floor":10},{"not_picked":["Seek","Doom and Gloom+1"],"picked":"Consume","floor":11},{"not_picked":["Steam","Rebound+1","Coolheaded"],"picked":"SKIP","floor":12},{"not_picked":["Cold Snap+1","Skim"],"picked":"Genetic Algorithm","floor":13},{"not_picked":["Axe Kick+1","Go for the Eyes+1","Rip and Tear+1"],"picked":"SKIP","floor":14}],"player_experience":67147,"potions_floor_usage":[],"damage_taken":[{"damage":0,"enemies":"2 Louse","floor":1,"turns":1},{"damage":0,"enemies":"Jaw Worm","floor":3,"turns":1},{"damage":0,"enemies":"3 Sentries","floor":7,"turns":1},{"damage":0,"enemies":"Cultist","floor":10,"turns":3},{"damage":0,"enemies":"Large Slime","floor":11,"turns":4},{"damage":17,"enemies":"Lagavulin","floor":12,"turns":6},{"damage":0,"enemies":"Looter","floor":13,"turns":2},{"damage":9,"enemies":"Lots of Slimes","floor":14,"turns":4},{"damage":62,"enemies":"The Guardian","floor":16,"turns":12}],"relics_obtained":[{"floor":7,"key":"Pen Nib"},{"floor":9,"key":"Molten Egg 2"},{"floor":12,"key":"Anchor"}],"event_choices":[{"event_name":"World of Goop","player_choice":"Gather Gold","floor":2,"damage_taken":0},{"event_name":"The Cleric","player_choice":"Card Removal","floor":5,"damage_taken":0}],"boss_relics":[],"potions_floor_spawned":[1,11,12,13,14],"seed_played":"-5296141425476047604","killed_by":"The Guardian","ascension_level":0,"potions_obtained":[{"floor":1,"key":"SneckoOil"},{"floor":11,"key":"FocusPotion"},{"floor":12,"key":"SpeedPotion"},{"floor":13,"key":"Swift Potion"}],"is_trial":false}