{"path_per_floor":["M","M","$","?","M","R","E","R","T","$","E","R","M","$","R","B",null,"M","?","$","$","T","M"],"character_chosen":"IRONCLAD","items_purchased":[],"gold_per_floor":[118,132,57,57,73,73,101,101,101,1,31,31,46,46,46,147,147,163,163,38,38,62,74,74],"floor_reached":24,"campfire_rested":0,"playtime":1586,"current_hp_per_floor":[80,80,80,80,80,80,66,66,66,66,56,56,60,60,60,17,80,75,75,75,75,75,71,0],"items_purged":["Strike_R","Strike_R","Strike_R"],"gold":74,"score":212,"play_id":"5b5fa719-5a7f-4213-9048-b91526414056","local_time":"20180516210824","is_prod":false,"is_daily":false,"chose_seed":false,"is_ascension_mode":true,"campfire_upgraded":4,"timestamp":1526497704,"path_taken":["M","M","$","?","M","R","E","R","T","$","E","R","M","$","R","BOSS","M","?","?","$","?","?","E"],"build_version":"2018-05-15","seed_source_timestamp":23236871476129,"purchased_purges":3,"victory":false,"master_deck":["Strike_R","Defend_R+1","Defend_R+1","Bash+1","Pommel Strike+1","Offering","Iron Wave"],"max_hp_per_floor":[80,80,80,80,80,80,80,80,80,80,80,80,80,80,80,80,80,80,80,80,80,80,80,80],"relics":["Burning Blood","Lantern","Gremlin Horn","Omamori","Lizard Tail","Prayer Wheel"],"card_choices":[{"not_picked":["Heavy Blade","Rupture"],"picked":"Pommel Strike","floor":1},{"not_picked":["Feel No Pain","Shrug It Off","Flame Barrier"],"picked":"SKIP","floor":2},{"not_picked":["Thunderclap","Reckless Charge","Whirlwind"],"picked":"SKIP","floor":5},{"not_picked":["Thunderclap","Reckless Charge","Whirlwind"],"picked":"SKIP","floor":5},{"not_picked":["Rage","Searing Blow","Sword Boomerang"],"picked":"SKIP","floor":7},{"not_picked":["Wild Strike","Shrug It Off","Limit Break"],"picked":"SKIP","floor":11},{"not_picked":["Whirlwind","Havoc","Heavy Blade"],"picked":"SKIP","floor":13},{"not_picked":["Exhume","Feed"],"picked":"Offering","floor":16},{"not_picked":["Thunderclap+1","Rampage+1","Warcry"],"picked":"SKIP","floor":18},{"not_picked":["Body Slam","Anger"],"picked":"Iron Wave","floor":23},{"not_picked":["Thunderclap","Perfected Strike","Headbutt"],"picked":"SKIP","floor":23}],"player_experience":64151,"potions_floor_usage":[11,16,24],"damage_taken":[{"damage":4,"enemies":"Jaw Worm","floor":1,"turns":5},{"damage":6,"enemies":"Cultist","floor":2,"turns":3},{"damage":6,"enemies":"2 Louse","floor":5,"turns":3},{"damage":20,"enemies":"Gremlin Nob","floor":7,"turns":4},{"damage":16,"enemies":"Lagavulin","floor":11,"turns":6},{"damage":2,"enemies":"Exordium Wildlife","floor":13,"turns":3},{"damage":49,"enemies":"Slime Boss","floor":16,"turns":14},{"damage":11,"enemies":"2 Thieves","floor":18,"turns":5},{"damage":10,"enemies":"Shell Parasite","floor":23,"turns":10},{"damage":123,"enemies":"Gremlin Leader","floor":24,"turns":11}],"relics_obtained":[{"floor":7,"key":"Lantern"},{"floor":9,"key":"Gremlin Horn"},{"floor":11,"key":"Omamori"},{"floor":22,"key":"Prayer Wheel"}],"event_choices":[{"event_name":"Purifier","player_choice":"One Purge","floor":4,"damage_taken":0},{"event_name":"Purifier","player_choice":"One Purge","floor":19,"damage_taken":0}],"boss_relics":[{"not_picked":["Runic Cube","Tiny House"],"picked":"Lizard Tail"}],"potions_floor_spawned":[2,5,7,16,18,23],"seed_played":"4249442800326964166","killed_by":"Gremlin Leader","ascension_level":1,"potions_obtained":[{"floor":2,"key":"Weak Potion"},{"floor":5,"key":"Ancient Potion"},{"floor":7,"key":"Poison Potion"},{"floor":16,"key":"FearPotion"},{"floor":18,"key":"LiquidBronze"}],"is_trial":false}