{"gold_per_floor":[365,6,24,199,199,230,240,240,240,240,240,310,330,343,343,444,444,459,96,107,119,169,196,246,396,443,476,494,494,744,804,804,901,951,968,978,7,57,0,0],"floor_reached":40,"playtime":2791,"items_purged":["Doubt","Strike_G"],"score":544,"play_id":"f669bc42-de75-433a-807d-da10d452bbb7","local_time":"20190602122628","is_ascension_mode":true,"campfire_choices":[{"floor":8,"key":"REST"},{"data":"Backflip","floor":10,"key":"SMITH"},{"data":"Infinite Blades","floor":15,"key":"SMITH"},{"floor":29,"key":"REST"},{"data":"Glass Knife","floor":32,"key":"SMITH"}],"neow_cost":"TEN_PERCENT_HP_LOSS","seed_source_timestamp":3709254578569,"circlet_count":0,"master_deck":["Defend_G","Defend_G","Defend_G","Defend_G","Defend_G","Strike_G","Strike_G+1","Strike_G+1","Strike_G","Survivor","Neutralize","Deadly Poison","Backstab","Backflip+1","Leg Sweep","PiercingWail","Die Die Die+1","Infinite Blades+1","Poisoned Stab","Glass Knife+1","Backstab","Crippling Poison","PiercingWail+1","Backstab","Bane+1","Tools of the Trade","After Image","Sucker Punch","Dodge and Roll+1","Panache"],"relics":["Ring of the Serpent","Letter Opener","Mummified Hand","Bronze Scales","Kunai","SsserpentHead","Meat on the Bone","Bag of Marbles","Bird Faced Urn","The Courier","Juzu Bracelet","Tiny Chest","Tiny House","TheAbacus","Regal Pillow","Strawberry","Whetstone","Snake Skull","The Specimen","Red Mask"],"potions_floor_usage":[6,16,27,31,33,33,40,40],"damage_taken":[{"damage":0,"enemies":"2 Louse","floor":1,"turns":5},{"damage":1,"enemies":"Jaw Worm","floor":3,"turns":4},{"damage":22,"enemies":"Gremlin Nob","floor":6,"turns":6},{"damage":0,"enemies":"Cultist","floor":7,"turns":3},{"damage":0,"enemies":"Looter","floor":12,"turns":3},{"damage":0,"enemies":"Exordium Wildlife","floor":13,"turns":5},{"damage":3,"enemies":"Large Slime","floor":14,"turns":7},{"damage":0,"enemies":"Hexaghost","floor":16,"turns":9},{"damage":0,"enemies":"3 Byrds","floor":18,"turns":3},{"damage":2,"enemies":"Chosen","floor":20,"turns":4},{"damage":0,"enemies":"Snake Plant","floor":21,"turns":4},{"damage":13,"enemies":"Book of Stabbing","floor":23,"turns":7},{"damage":6,"enemies":"Colosseum Slavers","floor":25,"turns":4},{"damage":8,"enemies":"Colosseum Nobs","floor":25,"turns":4},{"damage":2,"enemies":"Slavers","floor":27,"turns":4},{"damage":11,"enemies":"Centurion and Healer","floor":28,"turns":3},{"damage":2,"enemies":"Gremlin Leader","floor":31,"turns":7},{"damage":60,"enemies":"Automaton","floor":33,"turns":16},{"damage":35,"enemies":"3 Darklings","floor":35,"turns":6},{"damage":0,"enemies":"3 Shapes","floor":36,"turns":2},{"damage":64,"enemies":"Giant Head","floor":40,"turns":13}],"seed_played":"1583901778071239068","potions_obtained":[{"floor":3,"key":"EssenceOfSteel"},{"floor":6,"key":"GamblersBrew"},{"floor":12,"key":"PowerPotion"},{"floor":13,"key":"Swift Potion"},{"floor":14,"key":"SpeedPotion"},{"floor":18,"key":"Regen Potion"},{"floor":23,"key":"SteroidPotion"},{"floor":28,"key":"Weak Potion"},{"floor":33,"key":"Block Potion"},{"floor":34,"key":"LiquidBronze"}],"is_trial":false,"path_per_floor":["M","$","M","?","?","E","M","R","T","R","?","M","M","M","R","B",null,"M","$","M","M","?","E","?","?","T","E","M","R","?","E","R","B",null,"M","M","$","?","?","E"],"character_chosen":"THE_SILENT","items_purchased":["Letter Opener","Backstab","Backflip","Crippling Poison","Meat on the Bone","TheAbacus","Regal Pillow","Strawberry","Whetstone","Snake Skull","The Specimen"],"campfire_rested":2,"item_purchase_floors":[2,2,2,19,19,37,37,37,37,37,37],"current_hp_per_floor":[63,63,62,62,55,33,33,51,51,51,51,51,51,48,48,48,63,63,63,61,61,50,37,59,45,45,45,36,56,56,58,58,29,73,42,44,51,51,51,0],"gold":0,"neow_bonus":"TWO_FIFTY_GOLD","is_prod":false,"is_daily":false,"chose_seed":false,"campfire_upgraded":3,"win_rate":0,"timestamp":1559492788,"path_taken":["M","$","M","?","?","E","M","R","T","R","?","?","M","M","R","BOSS","M","$","M","M","?","E","?","?","T","E","M","R","?","E","R","BOSS","M","M","$","?","?","E"],"build_version":"2019-01-23","purchased_purges":2,"victory":false,"max_hp_per_floor":[63,63,63,63,63,63,63,63,63,63,63,63,63,63,63,63,63,63,63,63,63,68,68,68,68,68,68,68,68,68,68,68,68,73,73,73,80,80,80,80],"card_choices":[{"not_picked":["Bane","Outmaneuver"],"picked":"Deadly Poison","floor":1},{"not_picked":["Tactician","Heel Hook"],"picked":"Leg Sweep","floor":3},{"not_picked":["Escape Plan","Quick Slash"],"picked":"PiercingWail","floor":6},{"not_picked":["Blade Dance","Outmaneuver","Dash"],"picked":"SKIP","floor":7},{"not_picked":["Masterful Stab","Backflip"],"picked":"Die Die Die","floor":12},{"not_picked":["Cloak And Dagger","PiercingWail"],"picked":"Infinite Blades","floor":13},{"not_picked":["Dagger Throw","Deflect"],"picked":"Poisoned Stab","floor":14},{"not_picked":["Die Die Die","Adrenaline"],"picked":"Glass Knife","floor":16},{"not_picked":["Terror+1","Quick Slash"],"picked":"Backstab","floor":18},{"not_picked":["Dagger Spray","Leg Sweep","Tactician+1"],"picked":"SKIP","floor":20},{"not_picked":["Quick Slash","Acrobatics"],"picked":"PiercingWail+1","floor":21},{"not_picked":["Quick Slash","Outmaneuver"],"picked":"Backstab","floor":23},{"not_picked":["Terror","Cloak And Dagger"],"picked":"Bane+1","floor":25},{"not_picked":["Cloak And Dagger+1","Slice","Underhanded Strike"],"picked":"SKIP","floor":27},{"not_picked":["Expertise","Acrobatics"],"picked":"Tools of the Trade","floor":28},{"not_picked":["Tactician","Finisher","Eviscerate"],"picked":"SKIP","floor":31},{"not_picked":["Unload","Night Terror"],"picked":"After Image","floor":33},{"not_picked":["Quick Slash","PiercingWail"],"picked":"Sucker Punch","floor":34},{"not_picked":["Dodge and Roll","Prepared","Deadly Poison+1"],"picked":"SKIP","floor":35},{"not_picked":["After Image","Underhanded Strike+1"],"picked":"Dodge and Roll+1","floor":36},{"not_picked":["Panacea","Thinking Ahead"],"picked":"Panache","floor":38}],"player_experience":76327,"relics_obtained":[{"floor":6,"key":"Bronze Scales"},{"floor":9,"key":"Kunai"},{"floor":23,"key":"Bag of Marbles"},{"floor":25,"key":"Bird Faced Urn"},{"floor":25,"key":"The Courier"},{"floor":27,"key":"Juzu Bracelet"},{"floor":31,"key":"Tiny Chest"}],"event_choices":[{"damage_healed":0,"gold_gain":175,"player_choice":"AGREE","damage_taken":0,"max_hp_gain":0,"max_hp_loss":0,"event_name":"Liars Game","floor":4,"gold_loss":0,"cards_obtained":["Doubt"]},{"damage_healed":0,"gold_gain":0,"player_choice":"Success","damage_taken":7,"relics_obtained":["Mummified Hand"],"max_hp_gain":0,"max_hp_loss":0,"event_name":"Scrap Ooze","floor":5,"gold_loss":0},{"damage_healed":0,"gold_gain":0,"player_choice":"Trade","damage_taken":0,"relics_obtained":["SsserpentHead"],"max_hp_gain":0,"max_hp_loss":0,"event_name":"FaceTrader","floor":11,"gold_loss":0},{"damage_healed":0,"gold_gain":0,"player_choice":"Shed Blood","damage_taken":16,"max_hp_gain":5,"max_hp_loss":0,"event_name":"Forgotten Altar","floor":22,"gold_loss":0},{"damage_healed":22,"gold_gain":0,"player_choice":"Heal","damage_taken":0,"max_hp_gain":0,"max_hp_loss":0,"event_name":"The Library","floor":24,"gold_loss":0},{"damage_healed":0,"gold_gain":0,"player_choice":"Fight","damage_taken":0,"max_hp_gain":0,"max_hp_loss":0,"event_name":"Colosseum","floor":25,"gold_loss":0},{"damage_healed":0,"gold_gain":0,"player_choice":"Fought Nobs","damage_taken":0,"max_hp_gain":0,"max_hp_loss":0,"event_name":"Colosseum","floor":25,"gold_loss":0},{"damage_healed":0,"gold_gain":200,"player_choice":"Gold","damage_taken":0,"max_hp_gain":0,"max_hp_loss":0,"event_name":"Wheel of Change","floor":30,"gold_loss":0},{"damage_healed":0,"gold_gain":0,"player_choice":"Memory 1","damage_taken":0,"max_hp_gain":0,"max_hp_loss":0,"event_name":"SensoryStone","floor":38,"gold_loss":0},{"damage_healed":0,"gold_gain":0,"player_choice":"Paid","damage_taken":0,"relics_obtained":["Red Mask"],"max_hp_gain":0,"max_hp_loss":0,"event_name":"Tomb of Lord Red Mask","floor":39,"gold_loss":107}],"is_beta":false,"boss_relics":[{"not_picked":["Busted Crown","Lizard Tail"],"picked":"Ring of the Serpent"},{"not_picked":["Snecko Eye","Runic Dome"],"picked":"Tiny House"}],"items_purged_floors":[19,37],"is_endless":false,"potions_floor_spawned":[3,6,12,13,14,18,21,23,25,28,33],"killed_by":"Giant Head","ascension_level":1}