{"gold_per_floor":[113,2,19,19,19,19,45,45,45,64,82,92,103,3,3,102,102,113,213,228,245,265,292,292,292,318,338,365,365,378,183,183,282,282,292,310,310,328,348,378,395,395],"floor_reached":42,"playtime":2301,"items_purged":["Strike_B","Strike_B","Regret"],"score":549,"play_id":"914d5835-7c64-4a05-a4b4-4097de005df4","local_time":"20190311174247","is_ascension_mode":false,"campfire_choices":[{"data":"Zap","floor":6,"key":"SMITH"},{"data":"Dualcast","floor":8,"key":"SMITH"},{"data":"Defragment","floor":15,"key":"SMITH"},{"data":"Loop","floor":25,"key":"SMITH"},{"data":"Barrage","floor":29,"key":"SMITH"},{"data":"Capacitor","floor":32,"key":"SMITH"}],"neow_cost":"NONE","seed_source_timestamp":2186476977432331,"circlet_count":0,"master_deck":["Strike_B","Strike_B","Defend_B","Defend_B","Defend_B","Defend_B","Zap+1","Dualcast+1","Leap","Self Repair","Loop+1","Glacier","Streamline","Defragment+1","Barrage+1","Electrodynamics","Leap+1","BootSequence+1","Cold Snap","Ball Lightning","Core Surge","Capacitor+1","Double Energy+1","Multi-Cast","Recycle+1"],"relics":["Cracked Core","NeowsBlessing","Ancient Tea Set","Dream Catcher","Gremlin Horn","Cursed Key","FossilizedHelix","Cables","Pantograph","Pear","Nuclear Battery","Oddly Smooth Stone"],"potions_floor_usage":[19,19,38,40],"damage_taken":[{"damage":0,"enemies":"Cultist","floor":1,"turns":1},{"damage":0,"enemies":"2 Louse","floor":3,"turns":1},{"damage":0,"enemies":"3 Sentries","floor":7,"turns":1},{"damage":0,"enemies":"Small Slimes","floor":10,"turns":3},{"damage":10,"enemies":"Exordium Wildlife","floor":11,"turns":6},{"damage":8,"enemies":"Red Slaver","floor":12,"turns":3},{"damage":1,"enemies":"Blue Slaver","floor":13,"turns":3},{"damage":0,"enemies":"The Guardian","floor":16,"turns":12},{"damage":1,"enemies":"Chosen","floor":18,"turns":5},{"damage":15,"enemies":"Colosseum Slavers","floor":19,"turns":4},{"damage":5,"enemies":"Colosseum Nobs","floor":19,"turns":3},{"damage":0,"enemies":"3 Byrds","floor":20,"turns":4},{"damage":0,"enemies":"Shelled Parasite and Fungi","floor":21,"turns":6},{"damage":8,"enemies":"Centurion and Healer","floor":22,"turns":3},{"damage":27,"enemies":"Slavers","floor":23,"turns":5},{"damage":0,"enemies":"Snake Plant","floor":27,"turns":3},{"damage":15,"enemies":"Gremlin Leader","floor":28,"turns":6},{"damage":0,"enemies":"Chosen and Byrds","floor":30,"turns":4},{"damage":11,"enemies":"Automaton","floor":33,"turns":7},{"damage":21,"enemies":"Orb Walker","floor":35,"turns":4},{"damage":8,"enemies":"3 Darklings","floor":36,"turns":5},{"damage":0,"enemies":"Spire Growth","floor":38,"turns":4},{"damage":29,"enemies":"Maw","floor":39,"turns":9},{"damage":11,"enemies":"Reptomancer","floor":40,"turns":8},{"damage":0,"enemies":"Writhing Mass","floor":41,"turns":7},{"damage":65,"enemies":"Nemesis","floor":42,"turns":8}],"seed_played":"2769687491594512872","potions_obtained":[{"floor":7,"key":"SkillPotion"},{"floor":11,"key":"Block Potion"},{"floor":12,"key":"Strength Potion"},{"floor":20,"key":"SpeedPotion"},{"floor":30,"key":"SteroidPotion"},{"floor":33,"key":"SteroidPotion"},{"floor":38,"key":"Dexterity Potion"},{"floor":39,"key":"Swift Potion"}],"is_trial":false,"path_per_floor":["M","$","M","$","?","R","E","R","T","M","M","M","M","$","R","B",null,"M","?","M","M","M","E","?","R","T","M","E","R","M","$","R","B",null,"M","M","?","M","M","E","M","E"],"character_chosen":"DEFECT","items_purchased":["Self Repair","Capacitor"],"campfire_rested":0,"item_purchase_floors":[2,31],"current_hp_per_floor":[75,75,75,75,68,68,75,75,75,75,72,71,75,75,75,75,75,75,69,75,75,74,54,54,54,54,61,63,63,70,70,70,81,85,64,63,63,70,48,44,51,0],"gold":395,"neow_bonus":"THREE_ENEMY_KILL","is_prod":false,"is_daily":false,"chose_seed":false,"campfire_upgraded":6,"win_rate":0,"timestamp":1552293767,"path_taken":["M","?","M","$","?","R","E","R","T","M","M","M","M","$","R","BOSS","M","?","M","M","M","E","?","R","T","M","E","R","M","$","R","BOSS","M","M","?","M","M","E","M","E"],"build_version":"2019-01-23","purchased_purges":3,"victory":false,"max_hp_per_floor":[75,75,75,75,75,75,75,75,75,75,75,75,75,75,75,75,75,75,75,75,75,75,75,75,75,75,75,85,85,85,85,85,85,85,85,85,85,85,85,85,85,85],"card_choices":[{"not_picked":["Sweeping Beam","Fusion"],"picked":"Leap","floor":1},{"not_picked":["Steam","Go for the Eyes"],"picked":"Loop","floor":3},{"not_picked":["Recycle","Genetic Algorithm"],"picked":"Glacier","floor":7},{"not_picked":["Chill","Skim"],"picked":"Streamline","floor":10},{"not_picked":["Go for the Eyes","Compile Driver","Skim"],"picked":"SKIP","floor":11},{"not_picked":["Genetic Algorithm","Tempest"],"picked":"Defragment","floor":12},{"not_picked":["Sweeping Beam","Coolheaded"],"picked":"Barrage","floor":13},{"not_picked":["Thunder Strike","Amplify"],"picked":"Electrodynamics","floor":16},{"not_picked":["Conserve Battery","Barrage"],"picked":"Leap+1","floor":18},{"not_picked":["Consume","Conserve Battery"],"picked":"BootSequence+1","floor":19},{"not_picked":["Sweeping Beam+1","Turbo"],"picked":"Cold Snap","floor":20},{"not_picked":["Leap","Barrage","Turbo"],"picked":"SKIP","floor":21},{"not_picked":["Sweeping Beam","Go for the Eyes"],"picked":"Ball Lightning","floor":22},{"not_picked":["Hologram","Genetic Algorithm","Lockon+1"],"picked":"SKIP","floor":23},{"not_picked":["Beam Cell","Streamline","Rebound"],"picked":"SKIP","floor":27},{"not_picked":["Sweeping Beam","Aggregate","Hello World"],"picked":"SKIP","floor":28},{"not_picked":["Barrage","Reprogram","Electrodynamics"],"picked":"SKIP","floor":30},{"not_picked":["Compile Driver","Gash+1"],"picked":"Double Energy+1","floor":35},{"not_picked":["Consume","Beam Cell+1","Ball Lightning+1"],"picked":"SKIP","floor":36},{"not_picked":["Streamline+1","Leap+1"],"picked":"Multi-Cast","floor":38},{"not_picked":["Rebound","Ball Lightning+1","Turbo+1"],"picked":"SKIP","floor":39},{"not_picked":["Leap+1","Rebound+1"],"picked":"Recycle+1","floor":40},{"not_picked":["Capacitor","Melter+1","Sweeping Beam"],"picked":"SKIP","floor":41}],"player_experience":264921,"relics_obtained":[{"floor":7,"key":"Dream Catcher"},{"floor":9,"key":"Gremlin Horn"},{"floor":19,"key":"FossilizedHelix"},{"floor":19,"key":"Cables"},{"floor":23,"key":"Pantograph"},{"floor":28,"key":"Pear"},{"floor":40,"key":"Oddly Smooth Stone"}],"event_choices":[{"damage_healed":0,"gold_gain":0,"player_choice":"Success","damage_taken":7,"relics_obtained":["Ancient Tea Set"],"max_hp_gain":0,"max_hp_loss":0,"event_name":"Scrap Ooze","floor":5,"gold_loss":0},{"damage_healed":0,"gold_gain":0,"player_choice":"Fight","damage_taken":0,"max_hp_gain":0,"max_hp_loss":0,"event_name":"Colosseum","floor":19,"gold_loss":0},{"damage_healed":0,"gold_gain":0,"player_choice":"Fought Nobs","damage_taken":0,"max_hp_gain":0,"max_hp_loss":0,"event_name":"Colosseum","floor":19,"gold_loss":0},{"damage_healed":0,"gold_gain":0,"player_choice":"Read","damage_taken":0,"max_hp_gain":0,"max_hp_loss":0,"event_name":"The Library","floor":24,"gold_loss":0,"cards_obtained":["Core Surge"]},{"damage_healed":0,"gold_gain":0,"player_choice":"Ignored","damage_taken":0,"max_hp_gain":0,"max_hp_loss":0,"event_name":"NoteForYourself","floor":37,"gold_loss":0}],"is_beta":false,"boss_relics":[{"not_picked":["Eternal Feather","Orrery"],"picked":"Cursed Key"},{"not_picked":["Tiny House","White Beast Statue"],"picked":"Nuclear Battery"}],"items_purged_floors":[2,14,31],"is_endless":false,"potions_floor_spawned":[7,11,12,18,19,20,30,33,36,38,39],"killed_by":"Nemesis","ascension_level":0}