{"gold_per_floor":[115,134,134,134,145,145,159,186,237,272,272,287,287,287,287,388,388,408,340,69,81,81,81,81,92,117,147,160,40,53,65,65,164,164,174,18,35,35,0,0,19,19,46,46,64,80,93,6,6,6],"floor_reached":51,"playtime":3140,"items_purged":[],"score":654,"play_id":"14c4d596-5c92-4939-be0a-37af9b009157","local_time":"20181109203825","is_ascension_mode":false,"campfire_choices":[{"data":"Go for the Eyes","floor":6,"key":"SMITH"},{"data":"Genetic Algorithm","floor":11,"key":"SMITH"},{"data":"Hologram","floor":13,"key":"SMITH"},{"data":"Leap","floor":15,"key":"SMITH"},{"data":"Conserve Battery","floor":23,"key":"SMITH"},{"data":"Thunder Strike","floor":32,"key":"SMITH"},{"data":"Thunder Strike","floor":40,"key":"SMITH"},{"data":"Reboot","floor":44,"key":"SMITH"},{"data":"Lockon","floor":49,"key":"SMITH"}],"neow_cost":"NONE","seed_source_timestamp":2561700072918770,"circlet_count":0,"master_deck":["Strike_B+1","Strike_B","Defend_B","Defend_B","Zap+1","Dualcast+1","Leap+1","Sweeping Beam","Go for the Eyes+1","Genetic Algorithm+1","Hologram+1","Thunder Strike+1","Heatsinks+1","Capacitor+1","Self Repair+1","Conserve Battery+1","Storm+1","Thunder Strike+1","Barrage","Reboot+1","Redo+1","Self Repair+1","Consume+1","Scrape+1","Echo Form+1","Conserve Battery+1","Static Discharge+1","Discovery","Loop+1","Go for the Eyes+1","Biased Cognition+1","Lockon+1"],"relics":["Cracked Core","Frozen Egg 2","Whetstone","Bag of Preparation","Philosopher\u0027s Stone","Toolbox","Bag of Marbles","Darkstone Periapt","Lizard Tail","Red Mask","Ancient Tea Set"],"potions_floor_usage":[7,8,8,8,10,16,18,25,25,27,28,30,35,50,50,50],"damage_taken":[{"damage":1,"enemies":"Cultist","floor":1,"turns":4},{"damage":0,"enemies":"Small Slimes","floor":2,"turns":2},{"damage":0,"enemies":"2 Louse","floor":5,"turns":3},{"damage":2,"enemies":"Gremlin Gang","floor":7,"turns":3},{"damage":14,"enemies":"3 Sentries","floor":8,"turns":6},{"damage":10,"enemies":"Lagavulin","floor":10,"turns":5},{"damage":0,"enemies":"Lots of Slimes","floor":12,"turns":1},{"damage":12,"enemies":"The Guardian","floor":16,"turns":13},{"damage":10,"enemies":"3 Byrds","floor":18,"turns":5},{"damage":21,"enemies":"Chosen","floor":21,"turns":5},{"damage":7,"enemies":"3 Cultists","floor":25,"turns":5},{"damage":37,"enemies":"Book of Stabbing","floor":27,"turns":5},{"damage":0,"enemies":"Chosen and Byrds","floor":28,"turns":4},{"damage":0,"enemies":"Shelled Parasite and Fungi","floor":30,"turns":3},{"damage":28,"enemies":"Snecko","floor":31,"turns":4},{"damage":40,"enemies":"Champ","floor":33,"turns":8},{"damage":16,"enemies":"Orb Walker","floor":35,"turns":4},{"damage":5,"enemies":"3 Darklings","floor":37,"turns":4},{"damage":20,"enemies":"Jaw Worm Horde","floor":41,"turns":5},{"damage":10,"enemies":"4 Shapes","floor":45,"turns":3},{"damage":12,"enemies":"Spire Growth","floor":46,"turns":4},{"damage":26,"enemies":"Jaw Worm Horde","floor":47,"turns":4},{"damage":27,"enemies":"Awakened One","floor":50,"turns":12}],"seed_played":"-6902650678341095256","potions_obtained":[{"floor":2,"key":"Weak Potion"},{"floor":4,"key":"Energy Potion"},{"floor":4,"key":"GamblersBrew"},{"floor":4,"key":"EntropicBrew"},{"floor":7,"key":"Dexterity Potion"},{"floor":10,"key":"Fire Potion"},{"floor":18,"key":"SkillPotion"},{"floor":25,"key":"LiquidBronze"},{"floor":27,"key":"Explosive Potion"},{"floor":33,"key":"Regen Potion"},{"floor":37,"key":"SkillPotion"},{"floor":45,"key":"Energy Potion"}],"is_trial":false,"path_per_floor":["M","M","?","?","M","R","M","E","T","E","R","M","R","?","R","B",null,"M","$","$","M","?","R","?","M","T","E","M","$","M","M","R","B",null,"M","$","M","?","?","R","M","$","T","R","M","M","M","$","R","B",null],"character_chosen":"DEFECT","items_purchased":["Capacitor+1","Self Repair+1","Toolbox","Self Repair+1","Block Potion","Static Discharge+1","Discovery","Lockon","Energy Potion"],"campfire_rested":0,"item_purchase_floors":[19,20,20,29,29,36,36,48,48],"current_hp_per_floor":[74,74,74,74,74,74,72,58,58,48,48,48,48,48,48,36,75,65,65,65,54,54,54,54,57,57,30,40,40,60,52,52,32,75,75,75,75,75,75,75,75,75,75,75,75,75,69,69,69,52],"gold":6,"neow_bonus":"UPGRADE_CARD","is_prod":false,"is_daily":false,"chose_seed":false,"campfire_upgraded":9,"win_rate":0,"timestamp":1541817505,"path_taken":["M","?","?","?","?","R","?","E","T","E","R","M","R","?","R","BOSS","M","?","$","M","?","R","?","M","T","E","M","$","M","M","R","BOSS","M","$","M","?","?","R","M","?","T","R","M","?","M","$","R","BOSS"],"build_version":"2018-11-08","purchased_purges":0,"victory":true,"max_hp_per_floor":[75,75,75,75,75,75,75,75,75,75,75,75,75,75,75,75,75,75,75,75,75,75,75,75,75,75,75,75,75,75,75,75,75,75,75,75,75,75,75,75,75,75,75,75,75,75,75,75,75,75],"card_choices":[{"not_picked":["Stack","Steam"],"picked":"Leap","floor":1},{"not_picked":["Reinforced Body","Blizzard"],"picked":"Sweeping Beam","floor":2},{"not_picked":["Steam Power","Stack"],"picked":"Go for the Eyes","floor":5},{"not_picked":["Rebound","Compile Driver"],"picked":"Genetic Algorithm","floor":7},{"not_picked":["Reprogram","Auto Shields","Steam"],"picked":"SKIP","floor":8},{"not_picked":["Reinforced Body","Multi-Cast"],"picked":"Hologram","floor":10},{"not_picked":["Streamline","Barrage","Tempest"],"picked":"SKIP","floor":12},{"not_picked":["Fission","Rainbow"],"picked":"Thunder Strike","floor":16},{"not_picked":["Stack+1","Conserve Battery+1"],"picked":"Heatsinks+1","floor":18},{"not_picked":["Stack","Sweeping Beam"],"picked":"Conserve Battery","floor":21},{"not_picked":["Reinforced Body+1","Turbo","Skim"],"picked":"SKIP","floor":25},{"not_picked":["Steam Power+1","Cold Snap"],"picked":"Reboot","floor":27},{"not_picked":["Chaos","Genetic Algorithm"],"picked":"Redo+1","floor":28},{"not_picked":["Turbo","Conserve Battery+1"],"picked":"Consume+1","floor":30},{"not_picked":["Streamline","Chaos+1"],"picked":"Scrape+1","floor":31},{"not_picked":["Core Surge","Seek"],"picked":"Echo Form+1","floor":33},{"not_picked":["Hologram+1","Auto Shields+1"],"picked":"Conserve Battery+1","floor":35},{"not_picked":["Genetic Algorithm+1","Undo+1","Coolheaded+1"],"picked":"SKIP","floor":37},{"not_picked":["Scrape","Compile Driver+1","Skim"],"picked":"SKIP","floor":41},{"not_picked":["Turbo","Recycle"],"picked":"Loop+1","floor":45},{"not_picked":["Go for the Eyes+1","Coolheaded","Stack+1"],"picked":"SKIP","floor":46},{"not_picked":["Coolheaded","Stack+1"],"picked":"Go for the Eyes+1","floor":46},{"not_picked":["Barrage","Coolheaded+1"],"picked":"Biased Cognition+1","floor":47}],"player_experience":228001,"relics_obtained":[{"floor":8,"key":"Frozen Egg 2"},{"floor":9,"key":"Whetstone"},{"floor":10,"key":"Bag of Preparation"},{"floor":26,"key":"Bag of Marbles"},{"floor":27,"key":"Darkstone Periapt"},{"floor":43,"key":"Ancient Tea Set"}],"event_choices":[{"damage_healed":0,"gold_gain":0,"player_choice":"Grow","damage_taken":0,"max_hp_gain":0,"max_hp_loss":0,"event_name":"Living Wall","floor":3,"gold_loss":0,"cards_upgraded":["Dualcast"]},{"damage_healed":0,"gold_gain":0,"player_choice":"Got Potions","damage_taken":0,"max_hp_gain":0,"max_hp_loss":0,"event_name":"Lab","floor":4,"gold_loss":0},{"cards_removed":["Strike_B"],"damage_healed":0,"gold_gain":0,"player_choice":"Offered Basic","damage_taken":0,"max_hp_gain":0,"max_hp_loss":0,"event_name":"Bonfire Elementals","floor":14,"gold_loss":0},{"damage_healed":0,"gold_gain":0,"player_choice":"Read","damage_taken":0,"max_hp_gain":0,"max_hp_loss":0,"event_name":"The Library","floor":22,"gold_loss":0,"cards_obtained":["Storm"]},{"damage_healed":0,"gold_gain":0,"cards_transformed":["Defend_B","Defend_B"],"player_choice":"Became Test Subject","damage_taken":0,"max_hp_gain":0,"max_hp_loss":0,"event_name":"Drug Dealer","floor":24,"gold_loss":0,"cards_obtained":["Thunder Strike","Barrage"]},{"cards_removed":["Strike_B"],"damage_healed":0,"gold_gain":0,"player_choice":"Removed Attack","damage_taken":0,"max_hp_gain":0,"max_hp_loss":0,"event_name":"Falling","floor":38,"gold_loss":0},{"damage_healed":0,"gold_gain":0,"player_choice":"Paid","damage_taken":0,"relics_obtained":["Red Mask"],"max_hp_gain":0,"max_hp_loss":0,"event_name":"Tomb of Lord Red Mask","floor":39,"gold_loss":35}],"is_beta":true,"boss_relics":[{"not_picked":["Velvet Choker","Empty Cage"],"picked":"Philosopher\u0027s Stone"},{"not_picked":["Fusion Hammer","Eternal Feather"],"picked":"Lizard Tail"}],"items_purged_floors":[],"is_endless":false,"potions_floor_spawned":[2,7,8,10,18,25,27,33,37,45],"ascension_level":0}