{"gold_per_floor":[110,129,139,151,76,76,90,90,90,119,119,133,133,153,153,251,251,263,263,273,286,90,90,108,139,139,17,37,65,65,83,83,182,182,201,219,119,119,135,165,181,181,181,55,55,55,69,88,88,88],"floor_reached":51,"playtime":2540,"items_purged":["Strike_B","Strike_B","Strike_B"],"score":748,"play_id":"72d4359f-e6d6-4436-96d5-e9dbd01484fe","local_time":"20190219233313","is_ascension_mode":false,"campfire_choices":[{"data":"Dualcast","floor":6.0,"key":"SMITH"},{"data":"Zap","floor":11.0,"key":"SMITH"},{"data":"Rip and Tear","floor":13.0,"key":"SMITH"},{"data":"Leap","floor":15.0,"key":"SMITH"},{"data":"Glacier","floor":23.0,"key":"SMITH"},{"data":"Chaos","floor":30,"key":"SMITH"},{"data":"Electrodynamics","floor":32,"key":"SMITH"},{"data":"Madness","floor":46,"key":"SMITH"},{"data":"Madness","floor":49,"key":"SMITH"}],"neow_cost":"NONE","seed_source_timestamp":479203930183190,"circlet_count":0,"master_deck":["Strike_B","Defend_B","Defend_B","Defend_B","Defend_B","Zap+1","Dualcast+1","Coolheaded","Chill","Steam","Self Repair","Rip and Tear+1","Ball Lightning","Melter","Leap+1","Electrodynamics+1","Ball Lightning","Conserve Battery","Glacier+1","Defragment+1","Heatsinks+1","Chaos+1","Leap+1","Storm+1","Defragment+1","Force Field","Machine Learning+1","Biased Cognition+1","Double Energy+1","Madness+1","Madness+1","Capacitor+1"],"special_seed":0,"relics":["Cracked Core","Cables","The Courier","Eternal Feather","Frozen Egg 2","Juzu Bracelet","Bottled Flame","Bottled Tornado","Sozu","Art of War","Gremlin Horn","Anchor"],"potions_floor_usage":[25,29,50,50,50],"damage_taken":[{"damage":1.0,"enemies":"Jaw Worm","floor":1.0,"turns":3.0},{"damage":0.0,"enemies":"Small Slimes","floor":2.0,"turns":3.0},{"damage":1.0,"enemies":"Cultist","floor":3.0,"turns":3.0},{"damage":9.0,"enemies":"Large Slime","floor":4.0,"turns":7.0},{"damage":0.0,"enemies":"3 Louse","floor":7.0,"turns":6.0},{"damage":20.0,"enemies":"3 Sentries","floor":10.0,"turns":8.0},{"damage":6.0,"enemies":"Red Slaver","floor":12.0,"turns":2.0},{"damage":0.0,"enemies":"Lots of Slimes","floor":14.0,"turns":4.0},{"damage":25.0,"enemies":"The Guardian","floor":16.0,"turns":10.0},{"damage":22.0,"enemies":"3 Byrds","floor":18.0,"turns":4.0},{"damage":10.0,"enemies":"Shell Parasite","floor":20.0,"turns":4.0},{"damage":4.0,"enemies":"Centurion and Healer","floor":21.0,"turns":8.0},{"damage":1.0,"enemies":"Shelled Parasite and Fungi","floor":24.0,"turns":7.0},{"damage":11,"enemies":"Slavers","floor":25,"turns":2},{"damage":9,"enemies":"Snake Plant","floor":28,"turns":4},{"damage":16,"enemies":"Gremlin Leader","floor":29,"turns":5},{"damage":10,"enemies":"Cultist and Chosen","floor":31,"turns":4},{"damage":10,"enemies":"Automaton","floor":33,"turns":8},{"damage":6,"enemies":"Orb Walker","floor":35,"turns":3},{"damage":0,"enemies":"3 Darklings","floor":36,"turns":2},{"damage":0,"enemies":"Sphere and 2 Shapes","floor":39,"turns":2},{"damage":0,"enemies":"Giant Head","floor":40,"turns":7},{"damage":7,"enemies":"Spire Growth","floor":41,"turns":4},{"damage":0,"enemies":"4 Shapes","floor":47,"turns":2},{"damage":0,"enemies":"Sphere and 2 Shapes","floor":48,"turns":3},{"damage":19,"enemies":"Time Eater","floor":50,"turns":12}],"seed_played":"6963117436008108841","potions_obtained":[{"floor":0.0,"key":"SneckoOil"},{"floor":0.0,"key":"Dexterity Potion"},{"floor":0.0,"key":"EssenceOfSteel"},{"floor":4.0,"key":"SpeedPotion"},{"floor":7.0,"key":"SkillPotion"},{"floor":10.0,"key":"Strength Potion"},{"floor":18.0,"key":"EssenceOfSteel"},{"floor":24.0,"key":"Dexterity Potion"},{"floor":25,"key":"EssenceOfSteel"},{"floor":29,"key":"Ancient Potion"}],"is_trial":false,"path_per_floor":["M","M","M","M","$","R","M","?","T","E","R","M","R","M","R","B",null,"M","?","M","M","$","R","M","E","T","$","M","E","R","M","R","B",null,"M","M","$","?","M","E","M","?","T","$","?","R","M","M","R","B",null],"character_chosen":"DEFECT","items_purchased":["Defragment+1","Heatsinks+1","Storm+1","Defragment+1","Anchor"],"campfire_rested":0,"item_purchase_floors":[22,22,27,27,44],"current_hp_per_floor":[74,74,73,64,64,64,71,76,76,63,63,57,57,64,64,46,80,65,65,55,58,58,70,76,65,65,65,63,47,62,59,74,71,80,80,80,80,70,77,80,80,80,80,80,80,80,80,80,80,68],"gold":88,"neow_bonus":"THREE_SMALL_POTIONS","is_prod":false,"is_daily":false,"chose_seed":false,"campfire_upgraded":9,"win_rate":0,"timestamp":1550586793,"path_taken":["M","M","M","M","$","R","M","?","T","E","R","M","R","M","R","BOSS","M","?","M","M","$","R","M","E","T","$","M","E","R","M","R","BOSS","M","M","$","?","M","E","M","?","T","$","?","R","M","M","R","BOSS"],"build_version":"2019-01-23","purchased_purges":3,"victory":true,"max_hp_per_floor":[75,75,75,75,75,75,75,80,80,80,80,80,80,80,80,80,80,80,80,80,80,80,80,80,80,80,80,80,80,80,80,80,80,80,80,80,80,80,80,80,80,80,80,80,80,80,80,80,80,80],"card_choices":[{"not_picked":["FTL","Stack"],"picked":"Coolheaded","floor":1.0},{"not_picked":["Beam Cell","Stack"],"picked":"Chill","floor":2.0},{"not_picked":["Rebound","Blizzard"],"picked":"Steam","floor":3.0},{"not_picked":["Beam Cell","Steam"],"picked":"Self Repair","floor":4.0},{"not_picked":["Steam","Go for the Eyes"],"picked":"Rip and Tear","floor":7.0},{"not_picked":["Conserve Battery","Reboot"],"picked":"Ball Lightning","floor":10.0},{"not_picked":["Beam Cell","Turbo"],"picked":"Melter","floor":12.0},{"not_picked":["Skim","Undo"],"picked":"Leap","floor":14.0},{"not_picked":["Fission","Machine Learning"],"picked":"Electrodynamics","floor":16.0},{"not_picked":["Cold Snap+1","Chill"],"picked":"Ball Lightning","floor":18.0},{"not_picked":["Coolheaded","Barrage"],"picked":"Conserve Battery","floor":20.0},{"not_picked":["Hologram","Conserve Battery+1"],"picked":"Glacier","floor":21.0},{"not_picked":["Conserve Battery","Thunder Strike"],"picked":"Chaos","floor":24.0},{"not_picked":["Conserve Battery+1","Compile Driver"],"picked":"Leap+1","floor":25},{"not_picked":["Rebound","Cold Snap"],"picked":"Force Field","floor":28},{"not_picked":["Go for the Eyes","Steam Power"],"picked":"Machine Learning+1","floor":29},{"not_picked":["Sunder","Beam Cell+1","Compile Driver"],"picked":"SKIP","floor":31},{"not_picked":["Core Surge","All For One"],"picked":"Biased Cognition+1","floor":33},{"not_picked":["Redo","Gash+1"],"picked":"Double Energy+1","floor":35},{"not_picked":["Undo","Stack+1","Barrage+1"],"picked":"SKIP","floor":36},{"not_picked":["Double Energy","Go for the Eyes"],"picked":"Capacitor+1","floor":39},{"not_picked":["Scrape+1","Turbo","Hyperbeam"],"picked":"SKIP","floor":40},{"not_picked":["Conserve Battery+1","FTL","Redo+1"],"picked":"SKIP","floor":41},{"not_picked":["Ball Lightning","Leap+1","Cold Snap"],"picked":"SKIP","floor":47},{"not_picked":["Turbo","Reboot","Sunder"],"picked":"SKIP","floor":48}],"player_experience":248546,"relics_obtained":[{"floor":9.0,"key":"Cables"},{"floor":10.0,"key":"The Courier"},{"floor":19.0,"key":"Frozen Egg 2"},{"floor":25,"key":"Juzu Bracelet"},{"floor":26,"key":"Bottled Flame"},{"floor":29,"key":"Bottled Tornado"},{"floor":40,"key":"Art of War"},{"floor":43,"key":"Gremlin Horn"}],"event_choices":[{"damage_healed":0.0,"max_hp_gain":5.0,"max_hp_loss":0.0,"gold_gain":0.0,"event_name":"Big Fish","player_choice":"Donut","floor":8.0,"gold_loss":0.0,"damage_taken":0.0},{"damage_healed":0.0,"max_hp_gain":0.0,"max_hp_loss":0.0,"gold_gain":0.0,"event_name":"Wheel of Change","player_choice":"Relic","floor":19.0,"gold_loss":0.0,"damage_taken":0.0},{"damage_healed":0,"gold_gain":0,"player_choice":"Embrace Madness","damage_taken":10,"max_hp_gain":0,"max_hp_loss":0,"event_name":"Winding Halls","floor":38,"gold_loss":0,"cards_obtained":["Madness","Madness"]},{"damage_healed":0,"gold_gain":0,"player_choice":"Ignored","damage_taken":0,"max_hp_gain":0,"max_hp_loss":0,"event_name":"Tomb of Lord Red Mask","floor":42,"gold_loss":0},{"damage_healed":0,"gold_gain":0,"player_choice":"Ignored","damage_taken":0,"max_hp_gain":0,"max_hp_loss":0,"event_name":"Mysterious Sphere","floor":45,"gold_loss":0}],"is_beta":false,"boss_relics":[{"not_picked":["Lizard Tail","Philosopher\u0027s Stone"],"picked":"Eternal Feather"},{"not_picked":["Coffee Dripper","Black Star"],"picked":"Sozu"}],"items_purged_floors":[5,22,37],"is_endless":false,"potions_floor_spawned":[4,7,10,18,24,25,29,31,35,39,40],"ascension_level":0}