{"path_per_floor":["M","?","M","?","M","R","E","T","T","R","$","?","M","?","R","B",null,"M","M","$","?","T","R","M","M","T","$","?","E","R","?","R","B",null,"M","M","M","?","M","R","E","$","T","M","R","?","$","M","R"],"character_chosen":"IRONCLAD","items_purchased":["Perfected Strike","True Grit","Armaments","True Grit","Pen Nib","Paper Frog","Twin Strike"],"gold_per_floor":[117,117,136,211,221,221,255,280,356,356,152,102,117,139,139,241,241,254,274,127,127,176,176,192,209,232,78,78,109,109,109,109,207,207,225,239,259,310,328,328,355,17,17,32,62,62,12,25,25,25],"floor_reached":50,"campfire_rested":0,"playtime":2145,"item_purchase_floors":[11,11,11,20,27,42,42],"current_hp_per_floor":[80,80,80,69,73,73,71,71,71,71,71,71,77,79,79,80,80,80,80,80,80,80,80,80,80,80,80,80,71,71,71,71,46,80,80,80,75,79,80,80,74,74,74,78,78,78,78,79,86,0],"items_purged":["Regret","Defend_R","Defend_R","Doubt"],"gold":25,"score":612,"play_id":"6187bec2-0f8d-476f-9f12-56b6129a6c37","local_time":"20180615135511","is_prod":false,"is_daily":false,"chose_seed":false,"is_ascension_mode":false,"campfire_upgraded":3,"win_rate":0,"timestamp":1529063711,"campfire_choices":[{"data":"Perfected Strike","floor":6,"key":"SMITH"},{"data":"Bash","floor":10,"key":"SMITH"},{"data":"Perfected Strike","floor":15,"key":"SMITH"},{"floor":23,"key":"DIG"},{"floor":30,"key":"DIG"},{"floor":32,"key":"DIG"},{"floor":40,"key":"DIG"},{"floor":45,"key":"DIG"},{"floor":49,"key":"DIG"}],"path_taken":["BOSS","M","?","M","?","M","R","E","?","T","R","$","?","M","?","R","BOSS","M","M","$","?","?","R","M","M","T","$","?","E","R","?","R","BOSS","M","M","M","?","M","R","E","$","T","M","R","?","$","M","R","BOSS"],"build_version":"2018-06-14v2","seed_source_timestamp":0,"purchased_purges":4,"victory":false,"master_deck":["Strike_R","Strike_R","Strike_R","Strike_R","Defend_R","Defend_R","Bash+1","Cleave+1","Perfected Strike+1","Twin Strike","Wild Strike+1","Perfected Strike+1","True Grit","Armaments","Evolve","Offering","Pommel Strike","True Grit","Shrug It Off","Double Tap","Twin Strike+1","Dual Wield","Twin Strike","Battle Trance","Wild Strike"],"max_hp_per_floor":[80,80,80,80,80,80,80,80,80,80,80,80,80,80,80,80,80,80,80,80,80,80,80,80,80,80,80,80,80,80,80,80,80,80,80,80,80,80,80,80,80,80,80,80,80,80,80,80,87,87],"special_seed":0,"relics":["Burning Blood","Juzu Bracelet","Anchor","Gambling Chip","Whetstone","Meat on the Bone","Odd Mushroom","Velvet Choker","Shovel","Bag of Preparation","Ancient Tea Set","Lantern","Pen Nib","Happy Flower","Blood Vial","Spirit Poop","Pantograph","Cursed Key","Charon\u0027s Ashes","Smiling Mask","Centennial Puzzle","Paper Frog","Matryoshka","Tiny Chest","Strawberry"],"card_choices":[{"not_picked":["Havoc","Second Wind"],"picked":"Cleave","floor":1},{"not_picked":["Reckless Charge","Heavy Blade"],"picked":"Perfected Strike","floor":3},{"not_picked":["Heavy Blade","Headbutt"],"picked":"Twin Strike","floor":5},{"not_picked":["Brutality","Cleave"],"picked":"Wild Strike","floor":7},{"not_picked":["Heavy Blade","Warcry"],"picked":"Evolve","floor":13},{"not_picked":["Limit Break","Barricade"],"picked":"Offering","floor":16},{"not_picked":["Clothesline","Iron Wave"],"picked":"Pommel Strike","floor":18},{"not_picked":["Rampage+1","Metallicize+1","Body Slam"],"picked":"SKIP","floor":19},{"not_picked":["Iron Wave","Reckless Charge","Bloodletting+1"],"picked":"SKIP","floor":24},{"not_picked":["Rupture","Spot Weakness"],"picked":"Shrug It Off","floor":25},{"not_picked":["Seeing Red","Entrench","Flex"],"picked":"SKIP","floor":29},{"not_picked":["Brutality","Immolate"],"picked":"Double Tap","floor":33},{"not_picked":["Clothesline","Uppercut"],"picked":"Twin Strike+1","floor":35},{"not_picked":["Anger","Clothesline","Body Slam"],"picked":"SKIP","floor":36},{"not_picked":["Cleave+1","Hemokinesis+1","Metallicize"],"picked":"SKIP","floor":37},{"not_picked":["Inflame","Hemokinesis+1","Shrug It Off"],"picked":"SKIP","floor":39},{"not_picked":["Searing Blow+1","Inflame+1"],"picked":"Dual Wield","floor":41},{"not_picked":["Corruption+1","Havoc+1"],"picked":"Battle Trance","floor":44},{"not_picked":["Twin Strike","Havoc+1"],"picked":"Wild Strike","floor":48}],"player_experience":188332,"potions_floor_usage":[18,29,33,37,39,50,50,50],"damage_taken":[{"damage":6,"enemies":"Cultist","floor":1,"turns":3},{"damage":0,"enemies":"Small Slimes","floor":3,"turns":2},{"damage":2,"enemies":"Jaw Worm","floor":5,"turns":3},{"damage":8,"enemies":"Gremlin Nob","floor":7,"turns":3},{"damage":0,"enemies":"Blue Slaver","floor":13,"turns":2},{"damage":4,"floor":14,"turns":3},{"damage":0,"enemies":"Slime Boss","floor":16,"turns":5},{"damage":4,"enemies":"3 Byrds","floor":18,"turns":4},{"damage":0,"enemies":"Spheric Guardian","floor":19,"turns":1},{"damage":4,"enemies":"Snake Plant","floor":24,"turns":1},{"damage":4,"enemies":"Snecko","floor":25,"turns":2},{"damage":15,"enemies":"Slavers","floor":29,"turns":4},{"damage":52,"enemies":"Collector","floor":33,"turns":6},{"damage":4,"enemies":"Orb Walker","floor":35,"turns":1},{"damage":0,"enemies":"3 Darklings","floor":36,"turns":2},{"damage":11,"enemies":"Maw","floor":37,"turns":4},{"damage":4,"floor":38,"turns":1},{"damage":13,"enemies":"Spire Growth","floor":39,"turns":3},{"damage":12,"enemies":"Nemesis","floor":41,"turns":3},{"damage":4,"enemies":"Sphere and 2 Shapes","floor":44,"turns":1},{"damage":7,"enemies":"3 Darklings","floor":48,"turns":4},{"damage":96,"enemies":"Awakened One","floor":50,"turns":6}],"relics_obtained":[{"floor":7,"key":"Gambling Chip"},{"floor":8,"key":"Whetstone"},{"floor":9,"key":"Meat on the Bone"},{"floor":14,"key":"Odd Mushroom"},{"floor":22,"key":"Bag of Preparation"},{"floor":23,"key":"Ancient Tea Set"},{"floor":26,"key":"Lantern"},{"floor":29,"key":"Happy Flower"},{"floor":30,"key":"Blood Vial"},{"floor":32,"key":"Pantograph"},{"floor":38,"key":"Charon\u0027s Ashes"},{"floor":40,"key":"Smiling Mask"},{"floor":41,"key":"Centennial Puzzle"},{"floor":43,"key":"Matryoshka"},{"floor":45,"key":"Tiny Chest"},{"floor":49,"key":"Strawberry"}],"event_choices":[{"event_name":"Big Fish","player_choice":"Box","floor":2,"damage_taken":0},{"event_name":"World of Goop","player_choice":"Gather Gold","floor":4,"damage_taken":0},{"event_name":"The Cleric","player_choice":"Card Removal","floor":12,"damage_taken":0},{"event_name":"Mushrooms","player_choice":"Fought Mushrooms","floor":14,"damage_taken":0},{"event_name":"The Mausoleum","player_choice":"Yes","floor":21,"damage_taken":0},{"event_name":"The Lab","player_choice":"Got Potions","floor":28,"damage_taken":0},{"event_name":"Bonfire Elementals","player_choice":"CURSE","floor":31,"damage_taken":0},{"event_name":"Mysterious Sphere","player_choice":"Fight","floor":38,"damage_taken":0},{"event_name":"SecretPortal","player_choice":"Rejected Portal.","floor":46,"damage_taken":0}],"boss_relics":[{"not_picked":["Busted Crown","Ectoplasm"],"picked":"Velvet Choker"},{"not_picked":["Black Blood","Eternal Feather"],"picked":"Cursed Key"}],"items_purged_floors":[11,20,42,47],"is_endless":false,"potions_floor_spawned":[3,13,16,18,29,33,36,37,38,48],"seed_played":"-4834749823131592793","killed_by":"Awakened One","ascension_level":0,"potions_obtained":[{"floor":3,"key":"Swift Potion"},{"floor":13,"key":"Block Potion"},{"floor":16,"key":"Block Potion"},{"floor":18,"key":"Poison Potion"},{"floor":28,"key":"Energy Potion"},{"floor":29,"key":"SkillPotion"},{"floor":33,"key":"Regen Potion"},{"floor":37,"key":"EssenceOfSteel"},{"floor":48,"key":"FearPotion"}],"is_trial":false}