{"gold_per_floor":[20,32,52,72,38,38,55,55,106,106,136,136,162,174,174,273,273,292,306,306,326,338,369,369,208,208,12,22,39,39,71,71,169,169,188,202,282,10,20,20,39,39,39,51,67,67,77,77,77,77],"floor_reached":50,"playtime":2698,"items_purged":[],"score":498,"play_id":"2e985026-e575-4971-807c-176caebe8248","local_time":"20181110201234","is_ascension_mode":false,"campfire_choices":[{"data":"Storm","floor":6,"key":"SMITH"},{"data":"White Noise","floor":10,"key":"SMITH"},{"floor":15,"key":"RECALL"},{"floor":24,"key":"REST"},{"floor":32,"key":"REST"},{"data":"Self Repair","floor":40,"key":"SMITH"},{"data":"White Noise","floor":42,"key":"SMITH"},{"data":"Machine Learning","floor":49,"key":"SMITH"}],"neow_cost":"NO_GOLD","seed_source_timestamp":2647010118687141,"circlet_count":0,"master_deck":["Strike_B+1","Strike_B+1","Strike_B+1","Defend_B+1","Defend_B+1","Defend_B+1","Defend_B+1","Zap","Dualcast+1","Electrodynamics+1","Auto Shields","Storm+1","Conserve Battery","Heatsinks","Defragment","White Noise+1","Conserve Battery","Machine Learning+1","Capacitor","Echo Form","Self Repair+1","Finesse","Fusion+1","White Noise+1","Reinforced Body+1"],"relics":["Cracked Core","Symbiotic Virus","Ancient Tea Set","Busted Crown","StoneCalendar","Regal Pillow","Runic Capacitor","Dead Branch","Coffee Dripper","Pantograph","PreservedInsect","Mummified Hand"],"potions_floor_usage":[13,16,23,33,33,35,35,35,39,39,41,44,50],"damage_taken":[{"damage":1,"enemies":"Jaw Worm","floor":1,"turns":4},{"damage":0,"enemies":"Small Slimes","floor":2,"turns":4},{"damage":0,"enemies":"2 Louse","floor":3,"turns":3},{"damage":3,"enemies":"Red Slaver","floor":4,"turns":4},{"damage":5,"enemies":"Looter","floor":7,"turns":4},{"damage":14,"enemies":"Lagavulin","floor":11,"turns":4},{"damage":6,"enemies":"Gremlin Nob","floor":13,"turns":4},{"damage":9,"enemies":"2 Fungi Beasts","floor":14,"turns":2},{"damage":10,"enemies":"The Guardian","floor":16,"turns":7},{"damage":5,"enemies":"3 Byrds","floor":18,"turns":2},{"damage":10,"enemies":"2 Thieves","floor":19,"turns":3},{"damage":8,"enemies":"Centurion and Healer","floor":21,"turns":2},{"damage":10,"enemies":"Cultist and Chosen","floor":22,"turns":3},{"damage":14,"enemies":"Book of Stabbing","floor":23,"turns":3},{"damage":15,"enemies":"Shelled Parasite and Fungi","floor":28,"turns":4},{"damage":0,"enemies":"3 Cultists","floor":29,"turns":3},{"damage":19,"enemies":"Gremlin Leader","floor":31,"turns":4},{"damage":2,"enemies":"Collector","floor":33,"turns":6},{"damage":12,"enemies":"3 Darklings","floor":35,"turns":2},{"damage":15,"enemies":"Orb Walker","floor":36,"turns":3},{"damage":18,"enemies":"Jaw Worm Horde","floor":39,"turns":3},{"damage":10,"enemies":"4 Shapes","floor":41,"turns":2},{"damage":16,"enemies":"Writhing Mass","floor":44,"turns":4},{"damage":22,"enemies":"Jaw Worm Horde","floor":45,"turns":4},{"damage":0,"enemies":"Sphere and 2 Shapes","floor":47,"turns":3},{"damage":90,"enemies":"Awakened One","floor":50,"turns":7}],"seed_played":"6824530051211358797","potions_obtained":[{"floor":3,"key":"SteroidPotion"},{"floor":7,"key":"FearPotion"},{"floor":13,"key":"Regen Potion"},{"floor":16,"key":"SkillPotion"},{"floor":19,"key":"Swift Potion"},{"floor":22,"key":"EssenceOfSteel"},{"floor":28,"key":"FocusPotion"},{"floor":33,"key":"EntropicBrew"},{"floor":35,"key":"Fire Potion"},{"floor":39,"key":"Strength Potion"},{"floor":41,"key":"Poison Potion"},{"floor":47,"key":"Poison Potion"}],"is_trial":false,"path_per_floor":["M","M","M","M","$","R","M","?","T","R","E","?","E","M","R","B",null,"M","M","?","M","M","E","R","$","T","$","M","M","?","E","R","B",null,"M","M","T","$","M","R","M","R","T","M","M","?","M","?","R","B"],"character_chosen":"DEFECT","items_purchased":["Defragment","Self Repair","Finesse","Runic Capacitor","PreservedInsect","White Noise","Block Potion"],"campfire_rested":2,"item_purchase_floors":[5,25,25,27,38,38,38],"current_hp_per_floor":[74,74,74,71,71,71,66,51,51,51,37,62,56,47,47,52,75,70,60,60,52,42,28,50,50,50,50,49,49,49,37,74,75,75,75,60,60,60,49,49,49,49,49,43,41,41,41,41,41,0],"gold":77,"neow_bonus":"THREE_RARE_CARDS","is_prod":false,"is_daily":false,"chose_seed":false,"campfire_upgraded":5,"win_rate":0,"timestamp":1541902354,"path_taken":["M","M","M","M","$","R","M","?","T","R","E","?","E","M","R","BOSS","M","M","?","M","M","E","R","$","T","$","M","M","?","E","R","BOSS","M","M","?","$","M","R","M","R","T","M","M","?","M","?","R","BOSS"],"build_version":"2018-11-08","purchased_purges":0,"victory":false,"max_hp_per_floor":[75,75,75,75,75,75,75,75,75,75,75,75,75,75,75,75,75,75,75,75,75,75,75,75,75,75,75,75,75,75,75,75,75,75,75,75,75,75,75,75,75,75,75,75,75,71,71,71,71,71],"card_choices":[{"not_picked":["Multi-Cast","Machine Learning"],"picked":"Electrodynamics","floor":0},{"not_picked":["Barrage","Streamline"],"picked":"Auto Shields","floor":1},{"not_picked":["Barrage","Turbo"],"picked":"Storm","floor":2},{"not_picked":["Streamline","Blizzard"],"picked":"Conserve Battery","floor":3},{"not_picked":["Chill","Skim"],"picked":"Heatsinks","floor":4},{"not_picked":["Hologram","Conserve Battery"],"picked":"White Noise","floor":7},{"not_picked":["Scrape","Ball Lightning"],"picked":"Conserve Battery","floor":11},{"not_picked":["Streamline","Genetic Algorithm"],"picked":"Machine Learning","floor":13},{"not_picked":["Darkness","Barrage"],"picked":"Capacitor","floor":14},{"not_picked":["All For One","Multi-Cast"],"picked":"Echo Form","floor":16},{"not_picked":["Stack"],"picked":"SKIP","floor":18},{"not_picked":["Beam Cell+1"],"picked":"SKIP","floor":19},{"not_picked":["Cold Snap"],"picked":"SKIP","floor":21},{"not_picked":["Beam Cell"],"picked":"SKIP","floor":22},{"not_picked":["Sweeping Beam"],"picked":"SKIP","floor":23},{"not_picked":["Reprogram+1"],"picked":"SKIP","floor":28},{"not_picked":[],"picked":"Fusion+1","floor":29},{"not_picked":["Barrage"],"picked":"SKIP","floor":31},{"not_picked":["Streamline+1"],"picked":"SKIP","floor":35},{"not_picked":["Gash+1"],"picked":"SKIP","floor":36},{"not_picked":["Auto Shields+1"],"picked":"SKIP","floor":39},{"not_picked":["Turbo"],"picked":"SKIP","floor":41},{"not_picked":["Redo"],"picked":"SKIP","floor":44},{"not_picked":[],"picked":"Reinforced Body+1","floor":45},{"not_picked":["Steam+1"],"picked":"SKIP","floor":47}],"player_experience":240268,"relics_obtained":[{"floor":11,"key":"Symbiotic Virus"},{"floor":13,"key":"Ancient Tea Set"},{"floor":23,"key":"StoneCalendar"},{"floor":26,"key":"Regal Pillow"},{"floor":31,"key":"Dead Branch"},{"floor":37,"key":"Pantograph"},{"floor":43,"key":"Mummified Hand"}],"event_choices":[{"damage_healed":0,"gold_gain":0,"player_choice":"Entered Light","damage_taken":15,"max_hp_gain":0,"max_hp_loss":0,"event_name":"Shining Light","floor":8,"gold_loss":0,"cards_upgraded":["Dualcast","Electrodynamics"]},{"damage_healed":25,"gold_gain":0,"player_choice":"Banana","damage_taken":0,"max_hp_gain":0,"max_hp_loss":0,"event_name":"Big Fish","floor":12,"gold_loss":0},{"damage_healed":0,"gold_gain":0,"player_choice":"Simplicity","damage_taken":0,"max_hp_gain":0,"max_hp_loss":0,"event_name":"Back to Basics","floor":20,"gold_loss":0,"cards_upgraded":["Strike_B","Strike_B","Strike_B","Strike_B","Defend_B","Defend_B","Defend_B","Defend_B"]},{"damage_healed":0,"gold_gain":0,"player_choice":"Ignored","damage_taken":0,"max_hp_gain":0,"max_hp_loss":0,"event_name":"NoteForYourself","floor":30,"gold_loss":0},{"damage_healed":0,"gold_gain":0,"player_choice":"Max HP","damage_taken":0,"max_hp_gain":0,"max_hp_loss":4,"event_name":"Winding Halls","floor":46,"gold_loss":0},{"cards_removed":["Strike_B"],"damage_healed":0,"gold_gain":0,"player_choice":"Removed Attack","damage_taken":0,"max_hp_gain":0,"max_hp_loss":0,"event_name":"Falling","floor":48,"gold_loss":0}],"is_beta":true,"boss_relics":[{"not_picked":["Empty Cage","Nuclear Battery"],"picked":"Busted Crown"},{"not_picked":["White Beast Statue","Orrery"],"picked":"Coffee Dripper"}],"items_purged_floors":[],"is_endless":false,"potions_floor_spawned":[3,7,13,16,19,22,28,33,35,39,41,47],"killed_by":"Awakened One","ascension_level":0}