{"gold_per_floor":[118,16,16,16,29,57,69,87,87,87,87,106,106,141,141,240,240,258,285,13,13,30,30,30,61,61,80,99,116,116,134,134,134],"floor_reached":33,"playtime":3286,"items_purged":["Strike_G","Strike_G"],"score":302,"play_id":"0eace107-cf50-44a5-aa4e-e1ffc7973726","local_time":"20190129103704","is_ascension_mode":false,"campfire_choices":[{"data":"Deflect","floor":11,"key":"SMITH"},{"data":"Quick Slash","floor":13,"key":"SMITH"},{"data":"Flying Knee","floor":15,"key":"SMITH"},{"floor":23,"key":"REST"},{"floor":30,"key":"REST"},{"floor":32,"key":"REST"}],"neow_cost":"NONE","seed_source_timestamp":87245489450954,"circlet_count":0,"master_deck":["Defend_G","Defend_G","Defend_G","Strike_G","Strike_G","Survivor","Neutralize","Quick Slash+1","Deadly Poison","Dagger Throw","Masterful Stab","Sucker Punch","Deflect+1","Blur","Flying Knee+1","After Image","Calculated Gamble+1","PiercingWail+1","PiercingWail+1","Deflect","Flying Knee+1","Blade Dance","Backflip+1","Acrobatics","Backstab+1","Deflect+1","Masterful Stab","Dodge and Roll+1"],"relics":["Ring of the Snake","NeowsBlessing","Ancient Tea Set","Matryoshka","The Specimen","Astrolabe","Red Mask","Blood Vial","CultistMask","Bag of Marbles","Mummified Hand","Ninja Scroll"],"potions_floor_usage":[16,19,25,33,33,33,33,33,33],"damage_taken":[{"damage":0,"enemies":"Jaw Worm","floor":1,"turns":1},{"damage":0,"enemies":"2 Louse","floor":5,"turns":1},{"damage":0,"enemies":"3 Sentries","floor":6,"turns":1},{"damage":0,"enemies":"Small Slimes","floor":7,"turns":2},{"damage":1,"enemies":"2 Fungi Beasts","floor":8,"turns":3},{"damage":0,"enemies":"Looter","floor":12,"turns":3},{"damage":6,"enemies":"Lagavulin","floor":14,"turns":6},{"damage":33,"enemies":"Hexaghost","floor":16,"turns":11},{"damage":4,"enemies":"Shell Parasite","floor":18,"turns":9},{"damage":34,"enemies":"Masked Bandits","floor":19,"turns":7},{"damage":12,"enemies":"3 Byrds","floor":22,"turns":6},{"damage":33,"enemies":"Slavers","floor":25,"turns":10},{"damage":12,"enemies":"Snake Plant","floor":27,"turns":6},{"damage":0,"enemies":"Sentry and Sphere","floor":28,"turns":4},{"damage":6,"enemies":"Chosen and Byrds","floor":29,"turns":5},{"damage":0,"enemies":"Snake Plant","floor":31,"turns":2},{"damage":72,"enemies":"Automaton","floor":33,"turns":12}],"seed_played":"-3884157519708793435","potions_obtained":[{"floor":1,"key":"Poison Potion"},{"floor":5,"key":"EssenceOfSteel"},{"floor":14,"key":"LiquidBronze"},{"floor":19,"key":"FearPotion"},{"floor":22,"key":"SkillPotion"},{"floor":27,"key":"Fire Potion"},{"floor":28,"key":"EntropicBrew"}],"is_trial":false,"path_per_floor":["M","$","?","$","M","E","M","M","T","?","R","M","R","E","R","B",null,"M","?","$","?","M","R","?","E","T","M","M","M","R","M","R","B"],"character_chosen":"THE_SILENT","items_purchased":["Deadly Poison","Blood Vial","Blade Dance"],"campfire_rested":3,"item_purchase_floors":[2,20,20],"current_hp_per_floor":[70,70,70,70,70,70,70,69,69,74,74,74,74,68,68,35,75,71,37,37,37,27,49,49,18,18,8,10,6,28,30,52,0],"gold":134,"neow_bonus":"THREE_ENEMY_KILL","is_prod":false,"is_daily":false,"chose_seed":false,"campfire_upgraded":3,"win_rate":0.0,"timestamp":1548725824,"path_taken":["M","$","?","$","M","E","M","M","T","?","R","M","R","E","R","BOSS","M","?","$","?","M","R","?","E","T","M","M","M","R","M","R","BOSS"],"build_version":"2019-01-23","purchased_purges":2,"victory":false,"max_hp_per_floor":[70,70,70,70,70,70,70,70,70,75,75,75,75,75,75,75,75,75,75,75,75,75,75,75,75,75,75,75,75,75,75,75,75],"card_choices":[{"not_picked":["Reflex","Dodge and Roll"],"picked":"Quick Slash","floor":1},{"not_picked":["Backflip","Finisher"],"picked":"Dagger Throw","floor":5},{"not_picked":["Calculated Gamble","Heel Hook"],"picked":"Masterful Stab","floor":6},{"not_picked":["Heel Hook","Doppelganger"],"picked":"Sucker Punch","floor":7},{"not_picked":["Poisoned Stab","Flying Knee"],"picked":"Deflect","floor":8},{"not_picked":["Backflip","Venomology"],"picked":"Blur","floor":12},{"not_picked":["Prepared","Sucker Punch"],"picked":"Flying Knee","floor":14},{"not_picked":["Glass Knife","Doppelganger"],"picked":"After Image","floor":16},{"not_picked":["Dodge and Roll","Backflip+1"],"picked":"Deflect","floor":18},{"not_picked":["Dodge and Roll","Caltrops"],"picked":"Flying Knee+1","floor":19},{"not_picked":["Flying Knee","Dodge and Roll"],"picked":"Backflip+1","floor":22},{"not_picked":["Sucker Punch","Finisher"],"picked":"Acrobatics","floor":25},{"not_picked":["Crippling Poison+1","Terror"],"picked":"Backstab+1","floor":27},{"not_picked":["Glass Knife","Backflip"],"picked":"Deflect+1","floor":28},{"not_picked":["Heel Hook","PiercingWail"],"picked":"Masterful Stab","floor":29},{"not_picked":["Backflip","Crippling Poison"],"picked":"Dodge and Roll+1","floor":31}],"player_experience":8798,"relics_obtained":[{"floor":6,"key":"Ancient Tea Set"},{"floor":9,"key":"Matryoshka"},{"floor":14,"key":"The Specimen"},{"floor":19,"key":"Red Mask"},{"floor":25,"key":"Bag of Marbles"},{"floor":26,"key":"Mummified Hand"},{"floor":26,"key":"Ninja Scroll"}],"event_choices":[{"damage_healed":0,"gold_gain":0,"player_choice":"Leave","damage_taken":0,"max_hp_gain":0,"max_hp_loss":0,"event_name":"The Cleric","floor":3,"gold_loss":0},{"damage_healed":0,"gold_gain":0,"player_choice":"Donut","damage_taken":0,"max_hp_gain":5,"max_hp_loss":0,"event_name":"Big Fish","floor":10,"gold_loss":0},{"damage_healed":0,"gold_gain":0,"player_choice":"Fought Bandits","damage_taken":0,"max_hp_gain":0,"max_hp_loss":0,"event_name":"Masked Bandits","floor":19,"gold_loss":0},{"damage_healed":0,"gold_gain":0,"player_choice":"Ignored","damage_taken":0,"max_hp_gain":0,"max_hp_loss":0,"event_name":"Beggar","floor":21,"gold_loss":0},{"damage_healed":0,"gold_gain":0,"player_choice":"Trade","damage_taken":0,"relics_obtained":["CultistMask"],"max_hp_gain":0,"max_hp_loss":0,"event_name":"FaceTrader","floor":24,"gold_loss":0}],"is_beta":false,"boss_relics":[{"not_picked":["Calling Bell","Coffee Dripper"],"picked":"Astrolabe"}],"items_purged_floors":[2,20],"is_endless":false,"potions_floor_spawned":[1,5,14,19,22,27,28],"killed_by":"Automaton","ascension_level":0}