{"path_per_floor":["M","?","M","M","?","R","M","E","T","R","$","R","$","?","R","B",null,"M","M","?","?","$","R","?","M","T","?","M","R","M","M","R","B",null,"M","$","?","?","M","R","?","$","T","M","$","M","M"],"character_chosen":"THE_SILENT","items_purchased":["Shuriken","Footwork","Blur","Tough Bandages"],"gold_per_floor":[116,66,77,87,162,162,178,212,291,291,33,33,33,33,33,131,131,142,153,153,153,78,78,78,92,119,44,62,62,80,90,90,193,193,213,38,38,392,402,402,402,77,77,89,89,106,117,117],"floor_reached":48,"campfire_rested":3,"playtime":4844,"item_purchase_floors":[],"current_hp_per_floor":[68,68,67,67,56,56,52,43,43,43,43,43,43,48,70,40,75,71,63,63,63,63,63,63,50,50,50,47,47,32,4,26,17,75,69,69,64,34,34,56,56,56,56,36,36,29,3,0],"items_purged":["Strike_G","Defend_G"],"gold":117,"score":455,"play_id":"7b50e2e1-8eb9-439c-892d-376c44c6e851","local_time":"20180610022118","is_prod":false,"is_daily":false,"chose_seed":false,"is_ascension_mode":false,"campfire_upgraded":5,"win_rate":0,"timestamp":1528590078,"campfire_choices":[{"data":"Infinite Blades","floor":6.0,"key":"SMITH"},{"data":"Footwork","floor":10.0,"key":"SMITH"},{"data":"Blade Dance","floor":12.0,"key":"SMITH"},{"floor":15.0,"key":"REST"},{"data":"Accuracy","floor":23.0,"key":"SMITH"},{"data":"After Image","floor":29.0,"key":"SMITH"},{"floor":32,"key":"REST"},{"floor":40,"key":"REST"}],"path_taken":["M","?","M","M","?","R","?","E","T","R","$","R","$","?","R","BOSS","M","M","?","?","$","R","?","M","T","?","M","R","M","M","R","BOSS","M","$","?","?","M","R","?","?","T","M","$","M","?","M"],"build_version":"2018-06-08","seed_source_timestamp":0,"purchased_purges":2,"victory":false,"master_deck":["Defend_G","Defend_G","Defend_G","Strike_G","Survivor","Neutralize","Infinite Blades+1","Leg Sweep","Footwork+1","Blade Dance+1","Phantasmal Killer","Cloak And Dagger","Accuracy+1","Blade Dance","Flying Knee","Crippling Poison","Cloak And Dagger","Outmaneuver","After Image+1","Endless Agony","Cloak And Dagger","Escape Plan","Storm of Steel","Footwork","Panache","Secret Weapon","Flying Knee+1","Accuracy+1","Blur"],"max_hp_per_floor":[70,70,70,70,70,70,70,70,70,70,70,70,70,75,75,75,75,75,75,75,75,75,75,75,75,75,75,75,75,75,75,75,75,75,75,75,75,75,75,75,75,75,75,75,75,75,75,75],"relics":["Ring of the Snake","Prayer Wheel","Darkstone Periapt","Shuriken","Orrery","Anchor","White Beast Statue","Old Coin","Tough Bandages","Snake Skull"],"card_choices":[{"not_picked":["Eviscerate","Backflip"],"picked":"Infinite Blades","floor":1.0},{"not_picked":["All Out Attack","Setup"],"picked":"Leg Sweep","floor":3.0},{"not_picked":["Slice","All Out Attack"],"picked":"Finisher","floor":4.0},{"not_picked":["Crippling Poison","Caltrops"],"picked":"Footwork","floor":7.0},{"not_picked":["Riddle With Holes","Sucker Punch"],"picked":"Blade Dance","floor":8.0},{"not_picked":["Unload","Envenom"],"picked":"Phantasmal Killer","floor":16.0},{"not_picked":["Acrobatics","Endless Agony"],"picked":"Cloak And Dagger","floor":17.0},{"not_picked":["Blade Dance","Dagger Throw"],"picked":"Accuracy","floor":17.0},{"not_picked":["Choke","Sucker Punch"],"picked":"Blade Dance","floor":17.0},{"not_picked":["Underhanded Strike","Heel Hook","Bane"],"picked":"SKIP","floor":18.0},{"not_picked":["Masterful Stab","Bane+1","Backflip"],"picked":"SKIP","floor":18.0},{"not_picked":["Distraction+1","Terror"],"picked":"Flying Knee","floor":19.0},{"not_picked":["A Thousand Cuts","Quick Slash","Backflip"],"picked":"SKIP","floor":19.0},{"not_picked":["Deflect","Dagger Spray"],"picked":"Cloak And Dagger","floor":25.0},{"not_picked":["Poisoned Stab+1","Finisher"],"picked":"Outmaneuver","floor":25.0},{"not_picked":["Expertise","Endless Agony"],"picked":"After Image","floor":28.0},{"not_picked":["Concentrate","Bouncing Flask","Dagger Throw+1"],"picked":"SKIP","floor":28.0},{"not_picked":["Sucker Punch+1","Expertise+1"],"picked":"Endless Agony","floor":30},{"not_picked":["Flying Knee+1","Sucker Punch"],"picked":"Cloak And Dagger","floor":30},{"not_picked":["Prepared+1","Dagger Spray"],"picked":"Escape Plan","floor":31},{"not_picked":["Slice","Predator","Catalyst"],"picked":"SKIP","floor":31},{"not_picked":["Venomology","Unload"],"picked":"Storm of Steel","floor":33},{"not_picked":["Poisoned Stab+1","Calculated Gamble+1","Slice"],"picked":"SKIP","floor":35},{"not_picked":["Predator","Skewer","Backflip"],"picked":"SKIP","floor":35},{"not_picked":["Dramatic Entrance","Deep Breath"],"picked":"Panache","floor":37},{"not_picked":["Apotheosis","Dark Shackles"],"picked":"Secret Weapon","floor":37},{"not_picked":["Deflect+1","Blade Dance"],"picked":"Flying Knee+1","floor":38},{"not_picked":["Well Laid Plans","Backstab"],"picked":"Accuracy+1","floor":39},{"not_picked":["Flying Knee+1","Noxious Fumes+1","Sucker Punch"],"picked":"SKIP","floor":39},{"not_picked":["Dagger Spray","Distraction","Crippling Poison"],"picked":"SKIP","floor":44},{"not_picked":["Setup+1","Dagger Spray","Dagger Throw"],"picked":"SKIP","floor":44},{"not_picked":["Slice+1","Backflip","Eviscerate+1"],"picked":"SKIP","floor":46},{"not_picked":["Quick Slash+1","Caltrops","Expertise"],"picked":"SKIP","floor":46},{"not_picked":["Corpse Explosion","Skewer+1","Sucker Punch+1"],"picked":"SKIP","floor":47},{"not_picked":["All Out Attack+1","Calculated Gamble","Finisher+1"],"picked":"SKIP","floor":47}],"player_experience":156561,"potions_floor_usage":[30,33,33,35,38,46,47,47,48],"damage_taken":[{"damage":2.0,"enemies":"2 Louse","floor":1.0,"turns":4.0},{"damage":1.0,"enemies":"Jaw Worm","floor":3.0,"turns":5.0},{"damage":0.0,"enemies":"Cultist","floor":4.0,"turns":4.0},{"damage":4.0,"enemies":"Exordium Wildlife","floor":7.0,"turns":8.0},{"damage":9.0,"enemies":"3 Sentries","floor":8.0,"turns":10.0},{"damage":30.0,"enemies":"The Guardian","floor":16.0,"turns":8.0},{"damage":4.0,"enemies":"3 Byrds","floor":18.0,"turns":4.0},{"damage":8.0,"enemies":"2 Thieves","floor":19.0,"turns":4.0},{"damage":13.0,"enemies":"Snake Plant","floor":25.0,"turns":6.0},{"damage":3.0,"enemies":"Sentry and Sphere","floor":28.0,"turns":4.0},{"damage":15,"enemies":"Centurion and Healer","floor":30,"turns":5},{"damage":28,"enemies":"Chosen and Byrds","floor":31,"turns":7},{"damage":9,"enemies":"Collector","floor":33,"turns":9},{"damage":6,"enemies":"3 Darklings","floor":35,"turns":7},{"damage":30,"floor":38,"turns":5},{"damage":0,"enemies":"Orb Walker","floor":39,"turns":5},{"damage":20,"enemies":"Transient","floor":44,"turns":5},{"damage":7,"enemies":"Sphere and 2 Shapes","floor":46,"turns":2},{"damage":26,"enemies":"Spire Growth","floor":47,"turns":4},{"damage":10,"enemies":"4 Shapes","floor":48,"turns":1}],"relics_obtained":[{"floor":8.0,"key":"Prayer Wheel"},{"floor":9.0,"key":"Darkstone Periapt"},{"floor":26.0,"key":"Anchor"},{"floor":38,"key":"Old Coin"},{"floor":43,"key":"Snake Skull"}],"event_choices":[{"event_name":"The Cleric","player_choice":"Card Removal","floor":2.0,"damage_taken":0.0},{"event_name":"World of Goop","player_choice":"Gather Gold","floor":5.0,"damage_taken":0.0},{"event_name":"Big Fish","player_choice":"Donut","floor":14.0,"damage_taken":0.0},{"event_name":"Transmorgrifier","player_choice":"Transform","floor":20.0,"damage_taken":0.0},{"event_name":"Addict","player_choice":"Ignored","floor":21.0,"damage_taken":0.0},{"event_name":"Back to Basics","player_choice":"Elegance","floor":24.0,"damage_taken":0.0},{"event_name":"Beggar","player_choice":"Gave Gold","floor":27.0,"damage_taken":0.0},{"event_name":"SensoryStone","player_choice":"Memory 2","floor":37,"damage_taken":0},{"event_name":"Mysterious Sphere","player_choice":"Fight","floor":38,"damage_taken":0},{"event_name":"Falling","player_choice":"Removed Attack","floor":41,"damage_taken":0}],"boss_relics":[{"not_picked":["Tiny House","Philosopher\u0027s Stone"],"picked":"Orrery"},{"not_picked":["Eternal Feather","Runic Dome"],"picked":"White Beast Statue"}],"items_purged_floors":[],"potions_floor_spawned":[1,4,7,16,18,19,25,31,33,35,38,39,44,46,47],"seed_played":"-7852210142244928047","killed_by":"4 Shapes","ascension_level":0,"potions_obtained":[{"floor":1.0,"key":"Weak Potion"},{"floor":4.0,"key":"SneckoOil"},{"floor":7.0,"key":"Energy Potion"},{"floor":16.0,"key":"Strength Potion"},{"floor":19.0,"key":"Fire Potion"},{"floor":25.0,"key":"Explosive Potion"},{"floor":31,"key":"Explosive Potion"},{"floor":33,"key":"Energy Potion"},{"floor":35,"key":"Explosive Potion"},{"floor":38,"key":"Dexterity Potion"},{"floor":39,"key":"Explosive Potion"},{"floor":44,"key":"SkillPotion"},{"floor":46,"key":"EssenceOfSteel"},{"floor":47,"key":"Explosive Potion"}],"is_trial":false}