{"gold_per_floor":[116,116,116,185,200,231,231,259,259,294,294,45,45,76,76,76],"floor_reached":16,"playtime":645,"items_purged":[],"score":139,"play_id":"ecaa59b3-988f-41eb-8010-12a72528bdaa","local_time":"20190813161115","is_ascension_mode":true,"campfire_choices":[{"floor":7,"key":"REST"},{"floor":11,"key":"REST"},{"data":"Uppercut","floor":13,"key":"SMITH"},{"floor":15,"key":"REST"}],"neow_cost":"NONE","seed_source_timestamp":316383995887587,"circlet_count":0,"master_deck":["Strike_R","Strike_R","Strike_R","Strike_R","Defend_R","Defend_R","Defend_R","Defend_R","Bash","Twin Strike","Clothesline","Fire Breathing","Juggernaut","Uppercut+1","Armaments+1","Armaments+1"],"relics":["Burning Blood","NeowsBlessing","SsserpentHead","Toxic Egg 2","Matryoshka","Bag of Marbles","Frozen Egg 2","Omamori","Paper Frog","Calipers"],"potions_floor_usage":[6,10],"damage_taken":[{"damage":0,"enemies":"2 Louse","floor":1,"turns":1},{"damage":0,"enemies":"Small Slimes","floor":4,"turns":1},{"damage":0,"enemies":"Cultist","floor":5,"turns":1},{"damage":34,"enemies":"Lagavulin","floor":6,"turns":7},{"damage":24,"enemies":"Gremlin Nob","floor":8,"turns":4},{"damage":34,"enemies":"Lagavulin","floor":10,"turns":6},{"damage":21,"enemies":"Gremlin Nob","floor":14,"turns":4},{"damage":66,"enemies":"Slime Boss","floor":16,"turns":14}],"seed_played":"-9109554231927806242","potions_obtained":[{"floor":4,"key":"Fire Potion"},{"floor":6,"key":"SpeedPotion"}],"is_trial":false,"path_per_floor":["M","?","?","M","M","E","R","E","T","E","R","$","R","E","R","B"],"character_chosen":"IRONCLAD","items_purchased":["Paper Frog"],"campfire_rested":3,"item_purchase_floors":[12],"current_hp_per_floor":[80,73,73,79,80,52,76,58,58,30,54,54,54,39,63,0],"gold":76,"neow_bonus":"THREE_ENEMY_KILL","is_prod":false,"is_daily":false,"chose_seed":false,"campfire_upgraded":1,"win_rate":0,"timestamp":1565727075,"path_taken":["M","?","?","?","M","E","R","E","T","E","R","$","R","E","R","BOSS"],"build_version":"2019-07-17","purchased_purges":0,"victory":false,"max_hp_per_floor":[80,80,80,80,80,80,80,80,80,80,80,80,80,80,80,80],"card_choices":[{"not_picked":["Havoc","Wild Strike"],"picked":"Twin Strike","floor":1},{"not_picked":["Sword Boomerang","Twin Strike"],"picked":"Clothesline","floor":4},{"not_picked":["Infernal Blade","Sword Boomerang"],"picked":"Fire Breathing","floor":5},{"not_picked":["Burning Pact","Rupture"],"picked":"Juggernaut","floor":6},{"not_picked":["Iron Wave","Rampage"],"picked":"Uppercut","floor":8},{"not_picked":["Cleave","Thunderclap"],"picked":"Armaments+1","floor":10},{"not_picked":["Burning Pact+1","Iron Wave"],"picked":"Armaments+1","floor":14}],"player_experience":105753,"relics_obtained":[{"floor":6,"key":"Toxic Egg 2"},{"floor":8,"key":"Matryoshka"},{"floor":9,"key":"Bag of Marbles"},{"floor":9,"key":"Frozen Egg 2"},{"floor":10,"key":"Omamori"},{"floor":14,"key":"Calipers"}],"event_choices":[{"cards_removed":["Strike_R"],"damage_healed":0,"gold_gain":0,"player_choice":"Card Removal","damage_taken":7,"max_hp_gain":0,"max_hp_loss":0,"event_name":"Golden Wing","floor":2,"gold_loss":0},{"damage_healed":0,"gold_gain":0,"player_choice":"Trade","damage_taken":0,"relics_obtained":["SsserpentHead"],"max_hp_gain":0,"max_hp_loss":0,"event_name":"FaceTrader","floor":3,"gold_loss":0}],"is_beta":false,"boss_relics":[],"items_purged_floors":[],"is_endless":false,"potions_floor_spawned":[4,6],"killed_by":"Slime Boss","ascension_level":2}