{"gold_per_floor":[111,127,143,161,161,161,174,190,190,190,190,216,14,33,33,136,186,206,61,73,88,88,88,88,88,111,111,143,158,158,173,173,273,273,285,302,320,64,64,64,64,64,64,76,76,89,89,22,22,22],"floor_reached":51,"playtime":3110,"items_purged":[],"score":644,"play_id":"cab43a24-29d0-48e6-8ad5-4b60dfbb5b9a","local_time":"20190808224938","is_ascension_mode":false,"campfire_choices":[{"data":"Entrench","floor":6,"key":"SMITH"},{"floor":15,"key":"REST"},{"data":"Dark Embrace","floor":23,"key":"SMITH"},{"floor":25,"key":"REST"},{"floor":32,"key":"REST"},{"floor":40,"key":"REST"},{"data":"Double Tap","floor":45,"key":"SMITH"},{"floor":49,"key":"REST"}],"neow_cost":"NONE","seed_source_timestamp":95023402667589,"circlet_count":0,"master_deck":["Strike_R+1","Strike_R+1","Strike_R+1","Defend_R+1","Defend_R+1","Defend_R+1","Defend_R+1","Bash+1","Cleave","Entrench+1","Carnage","Seeing Red+1","Burning Pact","Dark Embrace+1","Seeing Red+1","Cleave","Offering","Feel No Pain","Clothesline","Iron Wave+1","Ghostly Armor","Warcry","Double Tap+1","Warcry","Iron Wave","Berserk+1","Whirlwind+1","Seeing Red","Parasite","Headbutt+1","Writhe","Bloodletting+1","Uppercut+1","Corruption"],"relics":["Black Blood","Shuriken","Gremlin Horn","WarpedTongs","Mercury Hourglass","DollysMirror","Tiny House","Bronze Scales","Lantern","Ice Cream","Dodecahedron","Meat on the Bone","Vajra"],"potions_floor_usage":[16,28,28,31,31,33,33,37,50,50],"damage_taken":[{"damage":6,"enemies":"Cultist","floor":1,"turns":3},{"damage":10,"enemies":"Small Slimes","floor":2,"turns":3},{"damage":6,"enemies":"Jaw Worm","floor":3,"turns":3},{"damage":14,"enemies":"Blue Slaver","floor":4,"turns":3},{"damage":10,"enemies":"Looter","floor":7,"turns":3},{"damage":8,"enemies":"Exordium Thugs","floor":8,"turns":4},{"damage":17,"enemies":"Gremlin Nob","floor":12,"turns":3},{"damage":10,"enemies":"Red Slaver","floor":14,"turns":3},{"damage":39,"enemies":"Hexaghost","floor":16,"turns":7},{"damage":31,"enemies":"2 Thieves","floor":18,"turns":3},{"damage":0,"enemies":"3 Byrds","floor":20,"turns":2},{"damage":9,"enemies":"Centurion and Healer","floor":21,"turns":6},{"damage":32,"enemies":"Gremlin Leader","floor":28,"turns":5},{"damage":11,"enemies":"Snake Plant","floor":29,"turns":3},{"damage":8,"enemies":"Shelled Parasite and Fungi","floor":31,"turns":3},{"damage":72,"enemies":"Collector","floor":33,"turns":8},{"damage":23,"enemies":"3 Darklings","floor":35,"turns":4},{"damage":6,"enemies":"Orb Walker","floor":36,"turns":3},{"damage":49,"enemies":"Writhing Mass","floor":37,"turns":6},{"damage":20,"enemies":"Maw","floor":44,"turns":8},{"damage":15,"enemies":"4 Shapes","floor":46,"turns":2},{"damage":39,"enemies":"Donu and Deca","floor":50,"turns":3}],"seed_played":"5280977415052059971","potions_obtained":[{"floor":2,"key":"GamblersBrew"},{"floor":8,"key":"Fire Potion"},{"floor":12,"key":"AttackPotion"},{"floor":16,"key":"Ancient Potion"},{"floor":17,"key":"Block Potion"},{"floor":28,"key":"Weak Potion"},{"floor":29,"key":"Regen Potion"},{"floor":31,"key":"Swift Potion"},{"floor":33,"key":"Poison Potion"},{"floor":35,"key":"GamblersBrew"},{"floor":44,"key":"Weak Potion"}],"is_trial":false,"path_per_floor":["M","M","M","M","T","R","M","M","T","?","?","E","$","M","R","B",null,"M","$","M","M","?","R","?","R","T","T","E","M","?","M","R","B",null,"M","M","M","$","?","R","$","?","T","M","R","M","?","$","R","B",null],"character_chosen":"IRONCLAD","items_purchased":["DollysMirror","Bronze Scales","Meat on the Bone","Corruption"],"campfire_rested":5,"item_purchase_floors":[13,19,38,48],"current_hp_per_floor":[80,76,76,68,68,68,64,62,62,62,62,51,51,47,71,38,85,60,60,66,63,63,63,63,85,85,85,59,54,54,64,85,19,85,72,76,37,37,58,83,83,83,83,73,73,68,68,68,85,56],"gold":22,"neow_bonus":"UPGRADE_CARD","is_prod":false,"is_daily":false,"chose_seed":false,"campfire_upgraded":3,"win_rate":0.0,"timestamp":1565318978,"path_taken":["M","M","M","M","?","R","M","?","T","?","?","E","$","M","R","BOSS","M","$","?","M","?","R","?","R","T","?","E","M","?","M","R","BOSS","M","M","M","$","?","R","$","?","T","M","R","?","?","$","R","BOSS"],"build_version":"2019-07-17","purchased_purges":0,"victory":true,"max_hp_per_floor":[80,80,80,80,80,80,80,80,80,80,80,80,80,80,80,80,85,85,85,85,85,85,85,85,85,85,85,85,85,85,85,85,85,85,85,85,85,85,85,85,85,85,85,85,85,85,85,85,85,85],"card_choices":[{"not_picked":["Perfected Strike","Iron Wave"],"picked":"Cleave","floor":1},{"not_picked":["Headbutt","Sword Boomerang"],"picked":"Entrench","floor":2},{"not_picked":["Headbutt","Twin Strike"],"picked":"Carnage","floor":3},{"not_picked":["Sever Soul","Clash"],"picked":"Seeing Red","floor":4},{"not_picked":["Thunderclap","Twin Strike"],"picked":"Burning Pact","floor":7},{"not_picked":["Sever Soul","Intimidate","Pummel"],"picked":"SKIP","floor":8},{"not_picked":["Armaments","Battle Trance"],"picked":"Dark Embrace","floor":12},{"not_picked":["Battle Trance","Flex"],"picked":"Cleave","floor":14},{"not_picked":["Brutality","Dark Embrace"],"picked":"Offering","floor":16},{"not_picked":["Heavy Blade","Warcry"],"picked":"Feel No Pain","floor":17},{"not_picked":["Thunderclap","Sword Boomerang"],"picked":"Clothesline","floor":18},{"not_picked":["Anger","Offering"],"picked":"Iron Wave+1","floor":20},{"not_picked":["Iron Wave","Heavy Blade"],"picked":"Ghostly Armor","floor":21},{"not_picked":["Twin Strike","Anger"],"picked":"Warcry","floor":28},{"not_picked":["Heavy Blade","Clash","Perfected Strike"],"picked":"SKIP","floor":29},{"not_picked":["Power Through","Intimidate","Clash+1"],"picked":"SKIP","floor":31},{"not_picked":["Dark Embrace","Double Tap"],"picked":"Berserk","floor":33},{"not_picked":["Flex","Rupture"],"picked":"Whirlwind+1","floor":35},{"not_picked":["Headbutt","Sever Soul"],"picked":"Seeing Red","floor":36},{"not_picked":["Warcry+1","Thunderclap+1"],"picked":"Headbutt+1","floor":37},{"not_picked":["Iron Wave","True Grit+1"],"picked":"Bloodletting+1","floor":44},{"not_picked":["Twin Strike","Cleave+1"],"picked":"Uppercut+1","floor":46}],"player_experience":8008,"relics_obtained":[{"floor":5,"key":"Shuriken"},{"floor":9,"key":"Gremlin Horn"},{"floor":12,"key":"Mercury Hourglass"},{"floor":26,"key":"Lantern"},{"floor":27,"key":"Ice Cream"},{"floor":28,"key":"Dodecahedron"},{"floor":43,"key":"Vajra"}],"event_choices":[{"damage_healed":0,"gold_gain":0,"player_choice":"Grow","damage_taken":0,"max_hp_gain":0,"max_hp_loss":0,"event_name":"Living Wall","floor":10,"gold_loss":0,"cards_upgraded":["Seeing Red"]},{"damage_healed":0,"gold_gain":0,"player_choice":"Rummage","damage_taken":0,"relics_obtained":["WarpedTongs"],"max_hp_gain":0,"max_hp_loss":0,"event_name":"Accursed Blacksmith","floor":11,"gold_loss":0,"cards_obtained":["Pain"]},{"damage_healed":0,"gold_gain":0,"cards_transformed":["Strike_R","Strike_R"],"player_choice":"Became Test Subject","damage_taken":0,"max_hp_gain":0,"max_hp_loss":0,"event_name":"Drug Dealer","floor":22,"gold_loss":0,"cards_obtained":["Warcry","Double Tap"]},{"damage_healed":0,"gold_gain":0,"player_choice":"Simplicity","damage_taken":0,"max_hp_gain":0,"max_hp_loss":0,"event_name":"Back to Basics","floor":24,"gold_loss":0,"cards_upgraded":["Strike_R","Strike_R","Defend_R","Defend_R","Defend_R","Defend_R"]},{"cards_removed":["Pain"],"damage_healed":0,"gold_gain":0,"player_choice":"Took Card","damage_taken":0,"max_hp_gain":0,"max_hp_loss":0,"event_name":"NoteForYourself","floor":30,"gold_loss":0,"cards_obtained":["Iron Wave"]},{"damage_healed":21,"gold_gain":0,"player_choice":"Writhe","damage_taken":0,"max_hp_gain":0,"max_hp_loss":0,"event_name":"Winding Halls","floor":39,"gold_loss":0,"cards_obtained":["Writhe"]},{"damage_healed":0,"gold_gain":0,"player_choice":"Upgraded","damage_taken":0,"max_hp_gain":0,"max_hp_loss":0,"event_name":"Upgrade Shrine","floor":42,"gold_loss":0,"cards_upgraded":["Berserk"]},{"damage_healed":0,"gold_gain":0,"player_choice":"Memory 1","damage_taken":0,"max_hp_gain":0,"max_hp_loss":0,"event_name":"SensoryStone","floor":47,"gold_loss":0}],"is_beta":false,"boss_relics":[{"not_picked":["White Beast Statue","Busted Crown"],"picked":"Tiny House"},{"not_picked":["Runic Dome","Eternal Feather"],"picked":"Black Blood"}],"items_purged_floors":[],"is_endless":false,"potions_floor_spawned":[2,8,12,16,18,28,29,31,33,35,44],"ascension_level":0}