{"gold_per_floor":[117,136,147,167,117,147,147,177,249,249,20,20,195,3,3,106,106,123,139,0,0,0,0,29,39,39,51,51,62,72,72,72,72],"floor_reached":33,"playtime":1437,"items_purged":["Doubt"],"score":300,"play_id":"660abebe-9d6e-4355-b4ce-db5e840c652f","local_time":"20181109154443","is_ascension_mode":false,"campfire_choices":[{"data":"Underhanded Strike","floor":7,"key":"SMITH"},{"data":"Dagger Throw","floor":10,"key":"SMITH"},{"data":"Apotheosis","floor":12,"key":"SMITH"},{"data":"Predator","floor":15,"key":"SMITH"},{"data":"Doppelganger","floor":23,"key":"SMITH"},{"floor":28,"key":"REST"},{"data":"Finisher","floor":32,"key":"SMITH"}],"neow_cost":"NONE","seed_source_timestamp":2545796562998178,"circlet_count":0,"master_deck":["Defend_G","Defend_G","Defend_G","Defend_G+1","Defend_G","Strike_G","Strike_G","Strike_G","Strike_G","Survivor","Neutralize","Underhanded Strike+1","Predator+1","Dagger Throw+1","Poisoned Stab","Poisoned Stab","Slice","Slice","Apotheosis+1","Unload","Slice","Doppelganger+1","Finisher","Impatience","Backflip+1","Finisher+1"],"relics":["Ring of the Snake","Bottled Flame","Torii","Singing Bowl","Eternal Feather","War Paint","Potion Belt","MutagenicStrength"],"potions_floor_usage":[3,6,8,27,27,27,33],"damage_taken":[{"damage":0,"enemies":"2 Louse","floor":1,"turns":4},{"damage":1,"enemies":"Small Slimes","floor":2,"turns":3},{"damage":0,"enemies":"Jaw Worm","floor":3,"turns":3},{"damage":2,"enemies":"Blue Slaver","floor":4,"turns":3},{"damage":16,"enemies":"Lagavulin","floor":6,"turns":5},{"damage":26,"enemies":"3 Sentries","floor":8,"turns":8},{"damage":25,"enemies":"The Guardian","floor":16,"turns":9},{"damage":0,"enemies":"Chosen","floor":18,"turns":3},{"damage":10,"enemies":"3 Byrds","floor":19,"turns":5},{"damage":36,"enemies":"Gremlin Leader","floor":24,"turns":7},{"damage":7,"enemies":"Shelled Parasite and Fungi","floor":25,"turns":5},{"damage":0,"enemies":"Cultist and Chosen","floor":27,"turns":5},{"damage":0,"enemies":"Centurion and Healer","floor":29,"turns":5},{"damage":14,"enemies":"3 Cultists","floor":30,"turns":5},{"damage":79,"enemies":"Automaton","floor":33,"turns":10}],"seed_played":"-1911613279269281160","potions_obtained":[{"floor":1,"key":"GamblersBrew"},{"floor":4,"key":"Weak Potion"},{"floor":6,"key":"Regen Potion"},{"floor":24,"key":"AttackPotion"},{"floor":25,"key":"Ancient Potion"},{"floor":30,"key":"SpeedPotion"}],"is_trial":false,"path_per_floor":["M","M","M","M","?","E","R","E","T","R","$","R","?","$","R","B",null,"M","M","$","?","$","R","E","M","T","M","R","M","M","?","R","B"],"character_chosen":"THE_SILENT","items_purchased":["Apotheosis","Swift Potion","Unload","Slice","Impatience","Backflip"],"campfire_rested":1,"item_purchase_floors":[11,11,14,14,20,20],"current_hp_per_floor":[70,69,69,67,67,51,51,40,40,40,40,40,40,40,40,15,70,70,62,62,49,49,64,30,23,23,25,64,66,54,54,69,0],"gold":72,"neow_bonus":"THREE_CARDS","is_prod":false,"is_daily":false,"chose_seed":false,"campfire_upgraded":6,"win_rate":0,"timestamp":1541799883,"path_taken":["M","M","M","M","?","E","R","E","T","R","$","R","?","?","R","BOSS","M","M","$","?","?","R","E","M","T","M","R","M","M","?","R","BOSS"],"build_version":"2018-11-08","purchased_purges":1,"victory":false,"max_hp_per_floor":[70,70,70,70,70,70,70,70,70,70,70,70,70,70,70,70,70,70,72,72,77,77,77,79,79,79,81,81,83,85,85,85,85],"card_choices":[{"not_picked":["Backflip","Caltrops"],"picked":"Underhanded Strike","floor":0},{"not_picked":["Reflex","Choke"],"picked":"Predator","floor":1},{"not_picked":["Skewer","Setup"],"picked":"Dagger Throw","floor":2},{"not_picked":["Choke","Deflect"],"picked":"Poisoned Stab","floor":3},{"not_picked":["Heel Hook","Outmaneuver"],"picked":"Poisoned Stab","floor":4},{"not_picked":["Footwork","Dagger Spray"],"picked":"Slice","floor":6},{"not_picked":["Deflect","Acrobatics"],"picked":"Slice","floor":8},{"not_picked":["Night Terror","Burst"],"picked":"Doppelganger","floor":16},{"not_picked":["Dash+1","Terror"],"picked":"Finisher","floor":18},{"not_picked":["Outmaneuver+1","PiercingWail","Deadly Poison"],"picked":"Singing Bowl","floor":19},{"not_picked":["Skewer","Choke","Crippling Poison"],"picked":"Singing Bowl","floor":24},{"not_picked":["Dagger Spray","Dodge and Roll"],"picked":"Finisher","floor":25},{"not_picked":["Flying Knee","Blade Dance","Crippling Poison+1"],"picked":"Singing Bowl","floor":27},{"not_picked":["Dodge and Roll","Underhanded Strike","Setup+1"],"picked":"Singing Bowl","floor":29},{"not_picked":["Storm of Steel","Flying Knee","Distraction"],"picked":"Singing Bowl","floor":30}],"player_experience":218262,"relics_obtained":[{"floor":6,"key":"Bottled Flame"},{"floor":8,"key":"Torii"},{"floor":9,"key":"Singing Bowl"},{"floor":24,"key":"War Paint"},{"floor":26,"key":"Potion Belt"}],"event_choices":[{"cards_removed":["Strike_G"],"damage_healed":0,"gold_gain":0,"player_choice":"Card Removal","damage_taken":0,"max_hp_gain":0,"max_hp_loss":0,"event_name":"The Cleric","floor":5,"gold_loss":50},{"damage_healed":0,"gold_gain":175,"player_choice":"AGREE","damage_taken":0,"max_hp_gain":0,"max_hp_loss":0,"event_name":"Liars Game","floor":13,"gold_loss":0,"cards_obtained":["Doubt"]},{"damage_healed":0,"gold_gain":0,"player_choice":"Shed Blood","damage_taken":18,"max_hp_gain":5,"max_hp_loss":0,"event_name":"Forgotten Altar","floor":21,"gold_loss":0},{"damage_healed":0,"gold_gain":0,"player_choice":"Inject Mutagens","damage_taken":0,"relics_obtained":["MutagenicStrength"],"max_hp_gain":0,"max_hp_loss":0,"event_name":"Drug Dealer","floor":31,"gold_loss":0}],"is_beta":true,"boss_relics":[{"not_picked":["Tiny House","Cursed Key"],"picked":"Eternal Feather"}],"items_purged_floors":[14],"is_endless":false,"potions_floor_spawned":[1,4,6,24,25,30],"killed_by":"Automaton","ascension_level":0}