{"path_per_floor":["M","M","?","$","M","R","E","R","T","?","M","M","?","M","R","B",null,"M","M","M","?","?","R","$","R","T","M","M","M","R","E","R","B",null,"M","M","M","?","?","E","R","M","T","?","$","R","M","$","R"],"character_chosen":"THE_SILENT","items_purchased":["Slice","Matryoshka","Infinite Blades","Apotheosis","Tough Bandages"],"gold_per_floor":[117,134,134,14,32,32,71,71,145,109,122,143,143,162,162,293,331,350,374,399,324,324,324,1,1,1,22,47,67,67,105,105,234,234,252,266,289,289,289,324,324,345,345,595,47,47,68,68,68],"floor_reached":50,"campfire_rested":3,"playtime":2394,"current_hp_per_floor":[63,62,47,47,42,42,27,27,27,27,27,27,27,35,35,20,68,65,59,47,47,47,47,47,47,54,42,30,12,49,41,41,21,75,50,24,26,26,26,37,74,54,54,54,54,54,50,50,75],"items_purged":["Strike_G","Regret"],"gold":68,"score":539,"play_id":"da798e82-e2cd-4066-a261-4fe5ed309c78","is_prod":false,"is_daily":false,"is_ascension_mode":true,"campfire_upgraded":4,"path_taken":["M","?","?","?","M","R","E","R","T","?","M","M","?","M","R","BOSS","M","?","M","?","?","R","$","R","T","M","M","M","R","E","R","BOSS","M","M","M","?","?","E","R","M","T","?","$","R","M","?","R","BOSS"],"build_version":"2018-02-16-BETA2","purchased_purges":3,"victory":false,"master_deck":["Defend_G","Defend_G","Defend_G","Defend_G","Defend_G","Strike_G","Strike_G","Strike_G","Strike_G","Survivor","Neutralize","Terror+1","Dagger Throw","Slice","Backflip","Slice","Deflect","Dagger Throw","Dagger Throw+1","Reflex","Dagger Throw+1","Infinite Blades+1","Blade Dance+1","Tactician","Riddle With Holes","Dagger Spray+1","Concentrate","Prepared+1","Apotheosis+1","Deflect+1"],"max_hp_per_floor":[63,63,63,63,63,63,63,63,63,63,63,63,63,63,63,63,68,68,68,68,68,68,68,68,68,75,75,75,75,75,75,75,75,75,75,75,75,75,75,75,75,75,75,75,75,75,75,75,75],"relics":["Ring of the Snake","Dead Branch","Golden Idol","Girya","Shuriken","Tiny House","Matryoshka","Regal Pillow","Strawberry","Blood Vial","Lizard Tail","Art of War","Juzu Bracelet","Bird Faced Urn","Tough Bandages"],"card_choices":[{"not_picked":["Deadly Poison","Masterful Stab"],"picked":"Terror"},{"not_picked":["Crippling Poison","Masterful Stab"],"picked":"Dagger Throw"},{"not_picked":["Dodge and Roll","Phantasmal Killer"],"picked":"Backflip"},{"not_picked":["Sucker Punch","Poisoned Stab"],"picked":"Slice"},{"not_picked":["Masterful Stab","Flying Knee"],"picked":"Calculated Gamble"},{"not_picked":["Wraith Form","After Image"],"picked":"A Thousand Cuts"},{"not_picked":["Poisoned Stab","Deadly Poison"],"picked":"Deflect"},{"not_picked":["Underhanded Strike","Outmaneuver"],"picked":"Dagger Throw"},{"not_picked":["Flying Knee","Flechettes"],"picked":"Dagger Throw"},{"not_picked":["Crippling Poison","Deflect"],"picked":"Reflex"},{"not_picked":["Sucker Punch","Deadly Poison"],"picked":"Blade Dance"},{"not_picked":["Outmaneuver","Choke"],"picked":"Tactician"},{"not_picked":["Poisoned Stab","Slice"],"picked":"Riddle With Holes"},{"not_picked":["Catalyst","Noxious Fumes"],"picked":"Dagger Spray"},{"not_picked":["All Out Attack","Bouncing Flask"],"picked":"Concentrate"},{"not_picked":["Bane","Dagger Throw"],"picked":"Prepared"},{"not_picked":["Deadly Poison","Poisoned Stab"],"picked":"Deflect"}],"player_experience":96522,"potions_floor_usage":[7,12,12,14,18,19,31,33,36,37,40],"damage_taken":[{"damage":0,"enemies":"Cultist","floor":1,"turns":4},{"damage":1,"enemies":"Small Slimes","floor":2,"turns":4},{"damage":5,"enemies":"2 Louse","floor":5,"turns":4},{"damage":15,"enemies":"Gremlin Nob","floor":7,"turns":4},{"damage":0,"enemies":"Large Slime","floor":11,"turns":4},{"damage":0,"enemies":"Exordium Thugs","floor":12,"turns":2},{"damage":1,"enemies":"2 Fungi Beasts","floor":14,"turns":4},{"damage":15,"enemies":"The Guardian","floor":16,"turns":8},{"damage":3,"enemies":"2 Thieves","floor":18,"turns":3},{"damage":6,"enemies":"Shell Parasite","floor":19,"turns":5},{"damage":12,"enemies":"Centurion and Healer","floor":20,"turns":6},{"damage":12,"enemies":"Chosen and Byrds","floor":27,"turns":3},{"damage":12,"enemies":"3 Cultists","floor":28,"turns":3},{"damage":18,"enemies":"Snecko","floor":29,"turns":3},{"damage":8,"enemies":"Book of Stabbing","floor":31,"turns":3},{"damage":22,"enemies":"Automaton","floor":33,"turns":6},{"damage":25,"enemies":"Flame Bruiser 1 Orb","floor":35,"turns":3},{"damage":28,"enemies":"3 Darklings","floor":36,"turns":3},{"damage":0,"enemies":"4 Shapes","floor":37,"turns":3},{"damage":41,"enemies":"2 Orb Walkers","floor":40,"turns":4},{"damage":21,"enemies":"Flame Bruiser 2 Orb","floor":42,"turns":5},{"damage":8,"enemies":"Spire Growth","floor":47,"turns":4},{"damage":95,"enemies":"Time Eater","floor":50,"turns":7}],"event_choices":[{"event_name":"Golden Idol","player_choice":"Take Damage","floor":3,"damage_taken":0},{"event_name":"World of Goop","player_choice":"Left","floor":10,"damage_taken":0},{"event_name":"Shining Light","player_choice":"Ignored","floor":13,"damage_taken":0},{"event_name":"Beggar","player_choice":"Gave Gold","floor":21,"damage_taken":0},{"event_name":"Duplicator","player_choice":"One dupe","floor":22,"damage_taken":0},{"event_name":"Mysterious Sphere","player_choice":"Ignore","floor":39,"damage_taken":0},{"event_name":"Golden Shrine","player_choice":"Desecrate","floor":44,"damage_taken":0}],"boss_relics":[{"not_picked":["Velvet Choker","Ectoplasm"],"picked":"Tiny House"},{"not_picked":["Snecko Eye","Pandora\u0027s Box"],"picked":"Lizard Tail"}],"potions_floor_spawned":[2,5,7,12,18,28,29,33,36,37],"seed_played":"1221569017307763095","killed_by":"Time Eater","ascension_level":2,"is_trial":false}