{"gold_per_floor":[113,113,113,39,50,50,81,51,51,64,64,64,81,98,98,195,195,214,234,4,4,4,37,37,37],"floor_reached":25,"playtime":2202,"items_purged":["Strike_P"],"score":281,"play_id":"23cfede3-a884-4b07-98fc-7422bfa07b97","local_time":"20190909205356","is_ascension_mode":true,"campfire_choices":[{"data":"Swivel","floor":6,"key":"SMITH"},{"data":"TalkToTheHand","floor":12,"key":"SMITH"},{"data":"WindmillStrike","floor":15,"key":"SMITH"},{"floor":24,"key":"REST"}],"neow_cost":"NONE","seed_source_timestamp":459293197045200,"circlet_count":0,"master_deck":["Strike_P","Strike_P","Strike_P","Defend_P+1","Defend_P","Defend_P","Defend_P","Eruption","Vigilance+1","Swivel+1","TalkToTheHand+1","CutThroughFate","EmptyFist","WindmillStrike+1","PathToVictory","Omniscience","MentalFortress+1","Wireheading+1"],"relics":["PureWater","NeowsBlessing","Orichalcum","Pear","Cursed Key","OrangePellets","InkBottle"],"potions_floor_usage":[14,16,23,25,25],"damage_taken":[{"damage":0,"enemies":"2 Louse","floor":1,"turns":1},{"damage":0,"enemies":"Jaw Worm","floor":5,"turns":1},{"damage":0,"enemies":"Lagavulin","floor":7,"turns":1},{"damage":0,"enemies":"Cultist","floor":10,"turns":2},{"damage":2,"enemies":"Blue Slaver","floor":13,"turns":4},{"damage":2,"enemies":"Lots of Slimes","floor":14,"turns":4},{"damage":22,"enemies":"Slime Boss","floor":16,"turns":9},{"damage":0,"enemies":"3 Byrds","floor":18,"turns":4},{"damage":0,"enemies":"Spheric Guardian","floor":19,"turns":3},{"damage":53,"enemies":"Slavers","floor":23,"turns":9},{"damage":48,"enemies":"Gremlin Leader","floor":25,"turns":5}],"seed_played":"101800329508334506","potions_obtained":[{"floor":1,"key":"Fire Potion"},{"floor":8,"key":"Fruit Juice"},{"floor":8,"key":"Regen Potion"},{"floor":14,"key":"Swift Potion"},{"floor":23,"key":"Energy Potion"}],"is_trial":false,"path_per_floor":["M","?","?","$","M","R","E","?","T","M","$","R","M","M","R","B",null,"M","M","$","?","?","E","R","E"],"character_chosen":"WATCHER","items_purchased":["TalkToTheHand","OrangePellets"],"campfire_rested":1,"item_purchase_floors":[4,20],"current_hp_per_floor":[65,52,57,57,57,57,57,57,67,67,67,67,65,68,68,61,85,85,85,85,85,69,16,43,0],"gold":37,"neow_bonus":"THREE_ENEMY_KILL","is_prod":false,"is_daily":false,"chose_seed":false,"campfire_upgraded":3,"win_rate":0,"timestamp":1568076836,"path_taken":["M","?","?","?","?","R","E","?","T","?","$","R","M","M","R","BOSS","M","M","$","?","?","E","R","E"],"build_version":"2019-09-09","purchased_purges":1,"victory":false,"max_hp_per_floor":[65,65,70,70,70,70,70,70,80,80,80,80,80,85,85,85,85,85,85,85,85,90,90,90,90],"card_choices":[{"not_picked":["Crescendo","EmptyFist"],"picked":"Swivel","floor":1},{"not_picked":["Prostrate","JustLucky"],"picked":"CutThroughFate","floor":5},{"not_picked":["Swivel","Crescendo"],"picked":"EmptyFist","floor":7},{"not_picked":["Tantrum","FlyingSleeves","Adaptation"],"picked":"SKIP","floor":10},{"not_picked":["Sanctity","ClearTheMind"],"picked":"WindmillStrike","floor":13},{"not_picked":["BowlingBash","CutThroughFate"],"picked":"PathToVictory","floor":14},{"not_picked":["MasterReality","Wallop"],"picked":"Omniscience","floor":16},{"not_picked":["FlurryOfBlows+1","CrushJoints","FollowUp"],"picked":"SKIP","floor":18},{"not_picked":["CrushJoints","ThirdEye"],"picked":"MentalFortress+1","floor":19},{"not_picked":["Halt","ClearTheMind+1"],"picked":"Wireheading+1","floor":23}],"player_experience":1913143,"relics_obtained":[{"floor":7,"key":"Orichalcum"},{"floor":9,"key":"Pear"},{"floor":23,"key":"InkBottle"}],"event_choices":[{"damage_healed":0,"gold_gain":0,"player_choice":"Entered Light","damage_taken":13,"max_hp_gain":0,"max_hp_loss":0,"event_name":"Shining Light","floor":2,"gold_loss":0,"cards_upgraded":["Vigilance","Defend_P"]},{"damage_healed":0,"gold_gain":0,"player_choice":"Donut","damage_taken":0,"max_hp_gain":5,"max_hp_loss":0,"event_name":"Big Fish","floor":3,"gold_loss":0},{"damage_healed":0,"gold_gain":0,"player_choice":"Bought 2 Potions","damage_taken":0,"max_hp_gain":0,"max_hp_loss":0,"event_name":"The Woman in Blue","floor":8,"gold_loss":0},{"damage_healed":0,"gold_gain":0,"player_choice":"Ignored","damage_taken":0,"max_hp_gain":0,"max_hp_loss":0,"event_name":"The Mausoleum","floor":21,"gold_loss":0},{"damage_healed":0,"gold_gain":0,"player_choice":"Shed Blood","damage_taken":21,"max_hp_gain":5,"max_hp_loss":0,"event_name":"Forgotten Altar","floor":22,"gold_loss":0}],"is_beta":true,"boss_relics":[{"not_picked":["Busted Crown","Runic Pyramid"],"picked":"Cursed Key"}],"items_purged_floors":[20],"is_endless":false,"potions_floor_spawned":[1,14,23],"killed_by":"Gremlin Leader","ascension_level":1}