{"gold_per_floor":[112,122,134,14,25,51,51,66,119,133,83,94,94,112,112,112],"floor_reached":16,"playtime":1158,"items_purged":["Strike_G"],"score":106,"play_id":"aacc20a1-ee91-409e-9d11-b8256259eed4","local_time":"20190130170632","is_ascension_mode":false,"campfire_choices":[{"data":"Envenom","floor":7,"key":"SMITH"},{"floor":15,"key":"REST"}],"neow_cost":"NONE","seed_source_timestamp":199189240211218,"circlet_count":0,"master_deck":["Defend_G","Defend_G","Defend_G","Defend_G","Defend_G","Strike_G","Strike_G","Strike_G","Survivor","Neutralize","Adrenaline","Tactician","Crippling Poison","Bane","Poisoned Stab","Noxious Fumes","Envenom+1","Poisoned Stab","Dagger Throw","Endless Agony","Pain","Deadly Poison"],"relics":["Ring of the Snake","Ancient Tea Set","Tiny Chest","WarpedTongs"],"potions_floor_usage":[16],"damage_taken":[{"damage":0,"enemies":"Cultist","floor":1,"turns":4},{"damage":0,"enemies":"2 Louse","floor":2,"turns":3},{"damage":8,"enemies":"Small Slimes","floor":3,"turns":5},{"damage":0,"enemies":"Red Slaver","floor":5,"turns":3},{"damage":17,"enemies":"3 Sentries","floor":6,"turns":8},{"damage":4,"enemies":"Exordium Thugs","floor":8,"turns":4},{"damage":21,"enemies":"Gremlin Gang","floor":10,"turns":4},{"damage":6,"enemies":"3 Louse","floor":12,"turns":3},{"damage":6,"enemies":"Red Slaver","floor":14,"turns":4},{"damage":29,"enemies":"Slime Boss","floor":16,"turns":6}],"seed_played":"-8599887112039819296","potions_obtained":[{"floor":3,"key":"Strength Potion"},{"floor":5,"key":"GhostInAJar"},{"floor":6,"key":"SkillPotion"}],"is_trial":false,"path_per_floor":["M","M","M","$","M","E","R","M","T","M","?","M","?","M","R","B"],"character_chosen":"THE_SILENT","items_purchased":["Poisoned Stab"],"campfire_rested":1,"item_purchase_floors":[4],"current_hp_per_floor":[70,70,62,62,62,45,45,41,41,20,20,14,14,8,29,0],"gold":112,"neow_bonus":"ONE_RANDOM_RARE_CARD","is_prod":false,"is_daily":false,"chose_seed":false,"campfire_upgraded":1,"win_rate":0.0,"timestamp":1548835592,"path_taken":["M","?","M","$","M","E","R","M","T","M","?","M","?","M","R","BOSS"],"build_version":"2019-01-23","purchased_purges":1,"victory":false,"max_hp_per_floor":[70,70,70,70,70,70,70,70,70,70,70,70,70,70,70,70],"card_choices":[{"not_picked":["Dodge and Roll","Quick Slash"],"picked":"Tactician","floor":1},{"not_picked":["Calculated Gamble","All Out Attack"],"picked":"Crippling Poison","floor":2},{"not_picked":["Dagger Throw","Flying Knee"],"picked":"Bane","floor":3},{"not_picked":["Dash","Skewer"],"picked":"Noxious Fumes","floor":5},{"not_picked":["Tactician","Outmaneuver"],"picked":"Envenom","floor":6},{"not_picked":["Backflip","Expertise"],"picked":"Poisoned Stab","floor":8},{"not_picked":["Slice","Footwork"],"picked":"Dagger Throw","floor":10},{"not_picked":["Dagger Throw","After Image"],"picked":"Endless Agony","floor":12},{"not_picked":["PiercingWail","Blade Dance"],"picked":"Deadly Poison","floor":14}],"player_experience":42719,"relics_obtained":[{"floor":6,"key":"Ancient Tea Set"},{"floor":9,"key":"Tiny Chest"}],"event_choices":[{"cards_removed":["Strike_G"],"damage_healed":0,"gold_gain":0,"player_choice":"Card Removal","damage_taken":0,"max_hp_gain":0,"max_hp_loss":0,"event_name":"The Cleric","floor":11,"gold_loss":50},{"damage_healed":0,"gold_gain":0,"player_choice":"Rummage","damage_taken":0,"relics_obtained":["WarpedTongs"],"max_hp_gain":0,"max_hp_loss":0,"event_name":"Accursed Blacksmith","floor":13,"gold_loss":0,"cards_obtained":["Pain"]}],"is_beta":false,"boss_relics":[],"items_purged_floors":[4],"is_endless":false,"potions_floor_spawned":[3,5,6,12,14],"killed_by":"Slime Boss","ascension_level":0}