{"path_per_floor":["M","?","?","M","M","R","$","M","T","?","R","$","M","$","R","B",null,"M","?","?","$","M","R","E","M","T","M","R","?","?","M","R"],"character_chosen":"THE_SILENT","items_purchased":["Terror"],"gold_per_floor":[118,68,143,161,178,178,63,76,100,100,100,0,18,18,18,113,113,125,50,150,25,42,42,67,83,83,95,95,195,195,210,210,210],"floor_reached":33,"campfire_rested":2,"playtime":2375,"current_hp_per_floor":[70,70,59,50,50,70,70,70,70,70,70,70,66,66,66,38,70,47,47,47,47,52,52,9,4,4,4,4,4,27,25,46,0],"items_purged":["Defend_G","Strike_G","Defend_G"],"gold":210,"score":255,"play_id":"205f0fc4-feac-4f29-9f12-e4154d0652e9","local_time":"20180503233651","is_prod":false,"is_daily":false,"chose_seed":false,"is_ascension_mode":false,"campfire_upgraded":3,"timestamp":1525383411,"path_taken":["M","?","?","?","M","R","$","?","T","?","R","?","M","$","R","BOSS","M","?","?","$","M","R","E","?","T","M","R","?","?","M","R","BOSS"],"build_version":"2018-05-02","seed_source_timestamp":0,"purchased_purges":3,"victory":false,"master_deck":["Defend_G","Defend_G","Strike_G","Strike_G","Strike_G","Survivor","Neutralize","Acrobatics","Quick Slash","Sucker Punch+1","Terror+1","Leg Sweep","After Image+1","Prepared","Prepared+1","Skewer+1","Predator+1"],"max_hp_per_floor":[70,70,70,70,70,70,70,70,70,70,70,70,70,70,70,70,70,70,70,70,70,70,70,70,70,70,70,70,70,70,70,70,70],"relics":["Ring of the Snake","Pen Nib","Prayer Wheel","Runic Dome","Ancient Tea Set","Girya"],"card_choices":[{"not_picked":["Reflex","Poisoned Stab"],"picked":"Acrobatics","floor":1.0},{"not_picked":["Prepared","Dodge and Roll"],"picked":"Quick Slash","floor":4.0},{"not_picked":["Underhanded Strike","Noxious Fumes"],"picked":"Sucker Punch","floor":5.0},{"not_picked":["Calculated Gamble","Prepared"],"picked":"Leg Sweep","floor":8.0},{"not_picked":["Bullet Time","Tactician"],"picked":"After Image","floor":16.0},{"not_picked":["Acrobatics","Noxious Fumes"],"picked":"Prepared","floor":24},{"not_picked":["Calculated Gamble","Acrobatics"],"picked":"Prepared","floor":25},{"not_picked":["Distraction","Dagger Throw"],"picked":"Skewer","floor":26},{"not_picked":["Calculated Gamble","Underhanded Strike"],"picked":"Predator","floor":27}],"player_experience":30852,"potions_floor_usage":[22,24],"damage_taken":[{"damage":0.0,"enemies":"Small Slimes","floor":1.0,"turns":4.0},{"damage":9.0,"enemies":"Jaw Worm","floor":4.0,"turns":6.0},{"damage":0.0,"enemies":"2 Louse","floor":5.0,"turns":2.0},{"damage":0.0,"enemies":"Looter","floor":8.0,"turns":4.0},{"damage":4.0,"enemies":"Blue Slaver","floor":13.0,"turns":3.0},{"damage":28.0,"enemies":"Hexaghost","floor":16.0,"turns":11.0},{"damage":23.0,"enemies":"Chosen","floor":18.0,"turns":8.0},{"damage":4,"enemies":"Chosen and Byrds","floor":22,"turns":8},{"damage":43,"enemies":"Gremlin Leader","floor":24,"turns":8},{"damage":5,"enemies":"Sentry and Sphere","floor":25,"turns":10},{"damage":0,"enemies":"Snecko","floor":27,"turns":4},{"damage":2,"enemies":"3 Cultists","floor":31,"turns":6},{"damage":48,"enemies":"Collector","floor":33,"turns":5}],"event_choices":[{"event_name":"The Cleric","player_choice":"Card Removal","floor":2.0,"damage_taken":0.0},{"event_name":"World of Goop","player_choice":"Gather Gold","floor":3.0,"damage_taken":0.0},{"event_name":"The Lab","player_choice":"Got Potions","floor":10.0,"damage_taken":0.0},{"event_name":"Beggar","player_choice":"Gave Gold","floor":19.0,"damage_taken":0.0},{"event_name":"Golden Shrine","player_choice":"Pray","floor":20.0,"damage_taken":0.0},{"event_name":"Golden Shrine","player_choice":"Pray","floor":29,"damage_taken":0},{"event_name":"The Library","player_choice":"Heal","floor":30,"damage_taken":0}],"boss_relics":[],"potions_floor_spawned":[5,8,13,16,25,31],"seed_played":"1622781144783717454","killed_by":"Collector","ascension_level":0,"is_trial":false}