{"gold_per_floor":[17,27,40,40,57,57,8,33,81,81,92,126,126,141,141,240,240,256,270,281,3,17,17,50,2,48,48,48,76,76,109,109,109],"floor_reached":33,"playtime":1775,"items_purged":["Regret"],"score":408,"play_id":"caab47af-cdf9-4b63-9337-f1a31d60622d","local_time":"20190810182005","is_ascension_mode":true,"campfire_choices":[{"data":"Perfected Strike","floor":6,"key":"SMITH"},{"floor":10,"key":"REST"},{"data":"Perfected Strike","floor":13,"key":"SMITH"},{"floor":15,"key":"REST"},{"floor":23,"key":"REST"},{"floor":28,"key":"REST"},{"floor":32,"key":"REST"}],"neow_cost":"NO_GOLD","seed_source_timestamp":63768659232233,"circlet_count":0,"master_deck":["Strike_R","Strike_R","Strike_R+1","Strike_R","Strike_R","Defend_R","Defend_R","Defend_R","Defend_R","Bash","Perfected Strike+1","Pommel Strike","Body Slam+1","Perfected Strike+1","Ghostly Armor","Battle Trance","Wild Strike","Feed","Shrug It Off+1","Shrug It Off","True Grit","Ghostly Armor","Ghostly Armor","Whirlwind"],"relics":["Burning Blood","Calipers","Pantograph","Bag of Marbles","Happy Flower","Mango","Black Star","Orichalcum","Self Forming Clay","Bottled Flame","Whetstone","Bag of Preparation","Darkstone Periapt","Vajra","Boot"],"potions_floor_usage":[8,18,20,20,20,24,24,31],"damage_taken":[{"damage":8,"enemies":"Jaw Worm","floor":1,"turns":4},{"damage":1,"enemies":"2 Louse","floor":2,"turns":2},{"damage":1,"enemies":"Cultist","floor":3,"turns":3},{"damage":13,"enemies":"Exordium Thugs","floor":5,"turns":5},{"damage":14,"enemies":"3 Sentries","floor":8,"turns":7},{"damage":0,"enemies":"Exordium Wildlife","floor":11,"turns":2},{"damage":18,"enemies":"Lagavulin","floor":12,"turns":4},{"damage":8,"enemies":"Large Slime","floor":14,"turns":3},{"damage":3,"enemies":"Slime Boss","floor":16,"turns":4},{"damage":30,"enemies":"2 Thieves","floor":18,"turns":3},{"damage":32,"enemies":"Shell Parasite","floor":19,"turns":5},{"damage":11,"enemies":"Snake Plant","floor":20,"turns":4},{"damage":4,"enemies":"3 Cultists","floor":22,"turns":5},{"damage":38,"enemies":"Book of Stabbing","floor":24,"turns":6},{"damage":14,"enemies":"Slavers","floor":29,"turns":5},{"damage":72,"enemies":"Gremlin Leader","floor":31,"turns":10},{"damage":66,"enemies":"Collector","floor":33,"turns":6}],"seed_played":"2963995268991397993","potions_obtained":[{"floor":3,"key":"FearPotion"},{"floor":5,"key":"EssenceOfSteel"},{"floor":8,"key":"SpeedPotion"},{"floor":11,"key":"Dexterity Potion"},{"floor":16,"key":"AttackPotion"},{"floor":19,"key":"FearPotion"},{"floor":20,"key":"Dexterity Potion"},{"floor":22,"key":"Regen Potion"}],"is_trial":false,"path_per_floor":["M","M","M","?","M","R","$","E","T","R","M","E","R","M","R","B",null,"M","M","M","$","M","R","E","$","T","$","R","E","?","E","R","B"],"character_chosen":"IRONCLAD","items_purchased":["Perfected Strike","Orichalcum","True Grit","SteroidPotion"],"campfire_rested":5,"item_purchase_floors":[7,21,21,25],"current_hp_per_floor":[78,80,80,80,73,73,73,65,65,80,80,82,82,80,94,94,94,70,47,42,42,44,73,55,55,55,55,84,76,76,10,39,0],"gold":109,"neow_bonus":"ONE_RARE_RELIC","is_prod":false,"is_daily":false,"chose_seed":false,"campfire_upgraded":2,"win_rate":0,"timestamp":1565475605,"path_taken":["M","M","M","?","M","R","$","E","T","R","M","E","R","M","R","BOSS","M","M","M","$","M","R","E","$","T","$","R","E","?","E","R","BOSS"],"build_version":"2019-07-17","purchased_purges":1,"victory":false,"max_hp_per_floor":[80,80,80,80,80,80,80,80,80,80,80,94,94,94,94,94,94,94,97,97,97,97,97,97,97,97,97,97,97,97,97,97,97],"card_choices":[{"not_picked":["Flex","Sentinel"],"picked":"Perfected Strike","floor":1},{"not_picked":["Iron Wave","Perfected Strike"],"picked":"Pommel Strike","floor":2},{"not_picked":["Twin Strike","Body Slam","Sever Soul"],"picked":"SKIP","floor":3},{"not_picked":["Heavy Blade","Bloodletting"],"picked":"Body Slam","floor":5},{"not_picked":["Fire Breathing","Limit Break","Warcry"],"picked":"SKIP","floor":8},{"not_picked":["True Grit","Sever Soul"],"picked":"Ghostly Armor","floor":11},{"not_picked":["Twin Strike","Thunderclap"],"picked":"Battle Trance","floor":12},{"not_picked":["Rampage","Headbutt"],"picked":"Wild Strike","floor":14},{"not_picked":["Double Tap","Dark Embrace"],"picked":"Feed","floor":16},{"not_picked":["Rage","Fire Breathing","Dropkick"],"picked":"SKIP","floor":18},{"not_picked":["Cleave","Spot Weakness"],"picked":"Shrug It Off+1","floor":19},{"not_picked":["Havoc","Heavy Blade"],"picked":"Shrug It Off","floor":20},{"not_picked":["Havoc","Cleave"],"picked":"Ghostly Armor","floor":22},{"not_picked":["Rupture","Combust","Clash"],"picked":"SKIP","floor":24},{"not_picked":["True Grit","Sword Boomerang"],"picked":"Ghostly Armor","floor":29},{"not_picked":["Perfected Strike","Havoc"],"picked":"Whirlwind","floor":31}],"player_experience":71662,"relics_obtained":[{"floor":8,"key":"Bag of Marbles"},{"floor":9,"key":"Happy Flower"},{"floor":12,"key":"Mango"},{"floor":24,"key":"Self Forming Clay"},{"floor":24,"key":"Bottled Flame"},{"floor":26,"key":"Whetstone"},{"floor":29,"key":"Bag of Preparation"},{"floor":29,"key":"Darkstone Periapt"},{"floor":31,"key":"Vajra"},{"floor":31,"key":"Boot"}],"event_choices":[{"damage_healed":0,"gold_gain":0,"player_choice":"Box","damage_taken":0,"relics_obtained":["Pantograph"],"max_hp_gain":0,"max_hp_loss":0,"event_name":"Big Fish","floor":4,"gold_loss":0,"cards_obtained":["Regret"]},{"damage_healed":0,"gold_gain":0,"player_choice":"Ignored","damage_taken":0,"max_hp_gain":0,"max_hp_loss":0,"event_name":"Vampires","floor":30,"gold_loss":0}],"is_beta":false,"boss_relics":[{"not_picked":["White Beast Statue","Calling Bell"],"picked":"Black Star"}],"items_purged_floors":[21],"is_endless":false,"potions_floor_spawned":[3,5,8,11,16,19,20,22],"killed_by":"Collector","ascension_level":1}