{"gold_per_floor":[118,135,85,101,101,101,121,121,121,121,142,142,45,70,70,194,194,219,219,244,124,145,145,170,170,242,285,299,299,312,325,325,325],"floor_reached":33,"playtime":1328,"items_purged":["Strike_B","Defend_B","Strike_B"],"score":261,"play_id":"1f1a09ef-b1de-4be1-97af-c7581afe33c5","local_time":"20190907164236","is_ascension_mode":false,"campfire_choices":[{"data":"Zap","floor":6.0,"key":"SMITH"},{"data":"Dualcast","floor":10.0,"key":"SMITH"},{"data":"Defragment","floor":12.0,"key":"SMITH"},{"data":"Static Discharge","floor":15.0,"key":"SMITH"},{"data":"Melter","floor":23.0,"key":"SMITH"},{"data":"Streamline","floor":25.0,"key":"SMITH"},{"floor":32.0,"key":"REST"}],"neow_cost":"NONE","seed_source_timestamp":19254490031800,"circlet_count":0,"master_deck":["Strike_B","Defend_B","Defend_B","Zap+1","Dualcast+1","Defragment+1","Streamline+1","Coolheaded","Static Discharge+1","Conserve Battery","Core Surge","Undo","Melter+1","Capacitor","Gash+1","Conserve Battery+1","Redo+1","Stack","Rebound"],"special_seed":0,"relics":["Cracked Core","Smiling Mask","Golden Idol","White Beast Statue","Cables","Mummified Hand"],"potions_floor_usage":[33,33,33,33,33,33],"damage_taken":[{"damage":0.0,"enemies":"Small Slimes","floor":1.0,"turns":3.0},{"damage":9.0,"enemies":"2 Louse","floor":2.0,"turns":3.0},{"damage":1.0,"enemies":"Jaw Worm","floor":4.0,"turns":3.0},{"damage":7.0,"enemies":"Gremlin Gang","floor":7.0,"turns":6.0},{"damage":1.0,"enemies":"3 Louse","floor":11.0,"turns":4.0},{"damage":4.0,"enemies":"Large Slime","floor":14.0,"turns":4.0},{"damage":4.0,"enemies":"The Guardian","floor":16.0,"turns":11.0},{"damage":16.0,"enemies":"Spheric Guardian","floor":18.0,"turns":4.0},{"damage":7.0,"enemies":"Shell Parasite","floor":20.0,"turns":5.0},{"damage":5.0,"enemies":"Cultist and Chosen","floor":22.0,"turns":5.0},{"damage":19.0,"enemies":"Shelled Parasite and Fungi","floor":24.0,"turns":5.0},{"damage":12.0,"enemies":"Slavers","floor":27.0,"turns":2.0},{"damage":0.0,"enemies":"Centurion and Healer","floor":28.0,"turns":6.0},{"damage":1.0,"enemies":"Snake Plant","floor":30.0,"turns":4.0},{"damage":0.0,"enemies":"Snecko","floor":31.0,"turns":5.0},{"damage":76,"enemies":"Collector","floor":33,"turns":7}],"seed_played":"-6772682778971962166","potions_obtained":[{"floor":1.0,"key":"SneckoOil"},{"floor":14.0,"key":"GamblersBrew"},{"floor":18.0,"key":"FearPotion"},{"floor":19.0,"key":"Regen Potion"},{"floor":19.0,"key":"EntropicBrew"},{"floor":19.0,"key":"FocusPotion"},{"floor":20.0,"key":"AttackPotion"},{"floor":22.0,"key":"SkillPotion"},{"floor":24.0,"key":"Block Potion"},{"floor":27.0,"key":"EntropicBrew"},{"floor":28.0,"key":"Fire Potion"},{"floor":30.0,"key":"SteroidPotion"}],"is_trial":false,"path_per_floor":["M","M","$","M","?","R","M","?","T","R","M","R","$","M","R","B",null,"M","?","M","$","M","R","M","R","T","E","M","?","M","M","R","B"],"character_chosen":"DEFECT","items_purchased":["Conserve Battery","Capacitor"],"campfire_rested":1,"item_purchase_floors":[13,21],"current_hp_per_floor":[75,66,66,65,47,47,40,40,40,40,39,39,39,35,35,31,75,59,59,66,66,61,61,42,42,42,30,30,30,29,29,51,0],"gold":325,"neow_bonus":"RANDOM_COMMON_RELIC","is_prod":false,"is_daily":false,"chose_seed":false,"campfire_upgraded":6,"win_rate":0,"timestamp":1567842156,"path_taken":["M","M","$","M","?","R","M","?","T","R","M","R","$","M","R","BOSS","M","?","?","$","M","R","M","R","T","E","M","?","M","M","R","BOSS"],"build_version":"2019-07-17","purchased_purges":3,"victory":false,"max_hp_per_floor":[75,75,75,75,75,75,75,75,75,75,75,75,75,75,75,75,75,75,75,75,75,75,75,75,75,75,75,75,75,75,75,75,75],"card_choices":[{"not_picked":["Double Energy","FTL"],"picked":"Defragment","floor":1.0},{"not_picked":["Turbo","Stack"],"picked":"Streamline","floor":2.0},{"not_picked":["Stack","Streamline"],"picked":"Coolheaded","floor":4.0},{"not_picked":["Go for the Eyes","Streamline","Hologram"],"picked":"SKIP","floor":7.0},{"not_picked":["Redo","Streamline"],"picked":"Static Discharge","floor":11.0},{"not_picked":["Coolheaded","Redo","Stack"],"picked":"SKIP","floor":14.0},{"not_picked":["Meteor Strike","Reboot"],"picked":"Core Surge","floor":16.0},{"not_picked":["Compile Driver","Defragment"],"picked":"Undo","floor":18.0},{"not_picked":["Conserve Battery","Go for the Eyes"],"picked":"Melter","floor":20.0},{"not_picked":["Skim","Capacitor"],"picked":"Gash+1","floor":22.0},{"not_picked":["Storm","Compile Driver"],"picked":"Conserve Battery+1","floor":24.0},{"not_picked":["Melter","Beam Cell"],"picked":"Redo+1","floor":27.0},{"not_picked":["Coolheaded","Go for the Eyes","Streamline"],"picked":"SKIP","floor":28.0},{"not_picked":["Streamline","Sweeping Beam","Steam Power"],"picked":"SKIP","floor":30.0},{"not_picked":["Blizzard+1","Conserve Battery","Double Energy"],"picked":"SKIP","floor":31.0}],"player_experience":343449,"relics_obtained":[{"floor":26.0,"key":"Cables"},{"floor":27.0,"key":"Mummified Hand"}],"event_choices":[{"damage_healed":0.0,"max_hp_gain":0.0,"max_hp_loss":0.0,"gold_gain":0.0,"event_name":"Golden Idol","player_choice":"Take Damage","floor":5.0,"gold_loss":0.0,"damage_taken":18.0,"relics_obtained":["Golden Idol"]},{"damage_healed":0.0,"max_hp_gain":0.0,"max_hp_loss":0.0,"gold_gain":0.0,"event_name":"Liars Game","player_choice":"Ignored","floor":8.0,"gold_loss":0.0,"damage_taken":0.0},{"damage_healed":0.0,"max_hp_gain":0.0,"max_hp_loss":0.0,"gold_gain":0.0,"event_name":"Lab","player_choice":"Got Potions","floor":19.0,"gold_loss":0.0,"damage_taken":0.0},{"damage_healed":0.0,"max_hp_gain":0.0,"max_hp_loss":0.0,"gold_gain":0.0,"cards_transformed":["Defend_B","Strike_B"],"event_name":"Drug Dealer","player_choice":"Became Test Subject","floor":29.0,"gold_loss":0.0,"damage_taken":0.0,"cards_obtained":["Stack","Rebound"]}],"is_beta":false,"boss_relics":[{"not_picked":["Runic Pyramid","Tiny House"],"picked":"White Beast Statue"}],"items_purged_floors":[3,13,21],"is_endless":false,"potions_floor_spawned":[1,14,18,20,22,24,27,28,30,31],"killed_by":"Collector","ascension_level":0}