{"gold_per_floor":[118,393,405,405,355,381,381,411,481,481,494,25,25,37,37,140,140,153,153,171,185,196,196,196,196,196,214,36,52,52,69,69,167,167,185,40,40,60,0,0,15,50,50,74,27,46,46,74,74,74],"floor_reached":51,"playtime":5409,"items_purged":[],"score":740,"play_id":"6b546d61-6450-4102-b5fc-367441e5084c","local_time":"20190909203242","is_ascension_mode":false,"campfire_choices":[{"floor":7.0,"key":"REST"},{"data":"PathToVictory","floor":10.0,"key":"SMITH"},{"data":"Eruption","floor":13.0,"key":"SMITH"},{"floor":15.0,"key":"REST"},{"data":"Sanctity","floor":23.0,"key":"SMITH"},{"data":"ThirdEye","floor":25.0,"key":"SMITH"},{"data":"Mayhem","floor":32.0,"key":"SMITH"},{"floor":40,"key":"REST"},{"floor":49,"key":"REST"}],"neow_cost":"NONE","seed_source_timestamp":0,"circlet_count":0,"master_deck":["Strike_P","Strike_P","Strike_P","Defend_P","Defend_P","Defend_P","Defend_P","Eruption+1","Vigilance","PathToVictory+1","FollowUp","EmptyMind","ThirdEye+1","Meditate","CrushJoints+1","CutThroughFate+1","ReachHeaven+1","Consecrate+1","PathToVictory+1","CutThroughFate+1","Sanctity+1","Mayhem+1","DeceiveReality","MasterReality","ThirdEye+1","Crescendo+1","Weave+1","Weave+1","EmptyMind+1"],"special_seed":0,"relics":["PureWater","NeowsBlessing","Bag of Preparation","Boot","Singing Bowl","Kunai","Molten Egg 2","Happy Flower","Sozu","Regal Pillow","Fusion Hammer","DollysMirror","Red Mask","TungstenRod","Mercury Hourglass","InkBottle"],"potions_floor_usage":[],"damage_taken":[{"damage":0.0,"enemies":"Cultist","floor":1.0,"turns":1.0},{"damage":0.0,"enemies":"Small Slimes","floor":3.0,"turns":1.0},{"damage":0.0,"enemies":"3 Sentries","floor":6.0,"turns":1.0},{"damage":18.0,"enemies":"Lagavulin","floor":8.0,"turns":4.0},{"damage":0.0,"enemies":"Jaw Worm","floor":11.0,"turns":1.0},{"damage":0.0,"enemies":"Exordium Wildlife","floor":14.0,"turns":3.0},{"damage":43.0,"enemies":"The Guardian","floor":16.0,"turns":9.0},{"damage":10.0,"enemies":"3 Byrds","floor":18.0,"turns":3.0},{"damage":0.0,"enemies":"Spheric Guardian","floor":20.0,"turns":2.0},{"damage":12.0,"enemies":"Shelled Parasite and Fungi","floor":21.0,"turns":2.0},{"damage":13.0,"enemies":"Centurion and Healer","floor":22.0,"turns":3.0},{"damage":0.0,"enemies":"Snecko","floor":27.0,"turns":2.0},{"damage":6.0,"enemies":"3 Cultists","floor":29.0,"turns":4.0},{"damage":0.0,"enemies":"Centurion and Healer","floor":31.0,"turns":3.0},{"damage":8.0,"enemies":"Automaton","floor":33.0,"turns":8.0},{"damage":58,"enemies":"3 Darklings","floor":35,"turns":5},{"damage":0,"enemies":"Orb Walker","floor":38,"turns":2},{"damage":16,"enemies":"Maw","floor":41,"turns":7},{"damage":0,"enemies":"Giant Head","floor":42,"turns":8},{"damage":0,"enemies":"Jaw Worm Horde","floor":46,"turns":3},{"damage":10,"enemies":"Nemesis","floor":48,"turns":7},{"damage":23,"enemies":"Awakened One","floor":50,"turns":14}],"seed_played":"-4908888229469439800","potions_obtained":[{"floor":6.0,"key":"PowerPotion"},{"floor":8.0,"key":"Explosive Potion"},{"floor":11.0,"key":"Weak Potion"},{"floor":16.0,"key":"Strength Potion"}],"is_trial":false,"path_per_floor":["M","?","M","?","?","E","R","E","T","R","M","$","R","M","R","B",null,"M","?","M","M","M","R","?","R","T","M","$","M","$","M","R","B",null,"M","$","?","M","?","R","M","E","T","T","$","M","?","E","R","B",null],"character_chosen":"WATCHER","items_purchased":["Molten Egg 2","Happy Flower","Meditate","CrushJoints+1","Mayhem","DollysMirror","Weave+1"],"campfire_rested":4,"item_purchase_floors":[12,12,12,12,28,36,45],"current_hp_per_floor":[65,65,65,23,23,23,42,24,24,24,26,26,26,26,46,3,67,57,57,57,47,34,34,34,34,34,36,36,30,30,32,32,24,73,15,15,15,17,17,54,38,38,38,38,38,40,40,30,68,45],"gold":74,"neow_bonus":"THREE_ENEMY_KILL","is_prod":false,"is_daily":false,"chose_seed":false,"campfire_upgraded":5,"win_rate":0.0,"timestamp":1568079162,"path_taken":["M","?","?","?","?","E","R","E","T","R","M","?","R","M","R","BOSS","M","?","M","?","M","R","?","R","T","?","$","M","?","M","R","BOSS","M","$","?","?","?","R","M","E","T","?","?","M","?","E","R","BOSS"],"build_version":"2019-09-09v2","purchased_purges":0,"victory":true,"max_hp_per_floor":[65,65,65,65,65,65,65,65,65,65,67,67,67,67,67,67,67,67,67,67,69,69,69,69,69,69,71,71,71,71,73,73,73,73,73,73,73,75,75,75,75,75,75,75,75,77,77,77,77,77],"card_choices":[{"not_picked":["Crescendo","Halt"],"picked":"PathToVictory","floor":1.0},{"not_picked":["CleanseEvil","Collect"],"picked":"FollowUp","floor":3.0},{"not_picked":["JustLucky","SandsOfTime"],"picked":"EmptyMind","floor":6.0},{"not_picked":["BowlingBash","JustLucky"],"picked":"ThirdEye","floor":8.0},{"not_picked":["Protect","WindmillStrike","Conclude"],"picked":"Singing Bowl","floor":11.0},{"not_picked":["Judgement","BowlingBash+1"],"picked":"CutThroughFate+1","floor":14.0},{"not_picked":["DeusExMachina","Judgement"],"picked":"ReachHeaven+1","floor":16.0},{"not_picked":["TalkToTheHand+1","Halt"],"picked":"Consecrate+1","floor":18.0},{"not_picked":["EmptyBody","ClearTheMind"],"picked":"CutThroughFate+1","floor":20.0},{"not_picked":["Swivel","CrushJoints+1","Weave+1"],"picked":"Singing Bowl","floor":21.0},{"not_picked":["EmptyMind","Crescendo"],"picked":"Sanctity","floor":22.0},{"not_picked":["ThirdEye","Weave+1","BowlingBash+1"],"picked":"Singing Bowl","floor":27.0},{"not_picked":["CleanseEvil","WreathOfFlame"],"picked":"DeceiveReality","floor":29.0},{"not_picked":["CrushJoints+1","ClearTheMind","DeceiveReality"],"picked":"Singing Bowl","floor":31.0},{"not_picked":["Ragnarok+1","Unraveling"],"picked":"MasterReality","floor":33.0},{"not_picked":["Consecrate+1","FollowUp+1"],"picked":"ThirdEye+1","floor":35},{"not_picked":["EmptyFist+1","ThirdEye+1","CutThroughFate+1"],"picked":"Singing Bowl","floor":38},{"not_picked":["BowlingBash+1","WreathOfFlame"],"picked":"Crescendo+1","floor":41},{"not_picked":["Consecrate+1","BowlingBash+1"],"picked":"Weave+1","floor":42},{"not_picked":["Crescendo","Consecrate+1","TalkToTheHand+1"],"picked":"Singing Bowl","floor":46},{"not_picked":["Weave+1","Ragnarok+1"],"picked":"EmptyMind+1","floor":48}],"player_experience":489546,"relics_obtained":[{"floor":6.0,"key":"Boot"},{"floor":8.0,"key":"Singing Bowl"},{"floor":9.0,"key":"Kunai"},{"floor":26.0,"key":"Regal Pillow"},{"floor":42,"key":"TungstenRod"},{"floor":43,"key":"Mercury Hourglass"},{"floor":48,"key":"InkBottle"}],"event_choices":[{"damage_healed":0.0,"max_hp_gain":0.0,"max_hp_loss":0.0,"gold_gain":275.0,"event_name":"Golden Shrine","player_choice":"Desecrate","floor":2.0,"gold_loss":0.0,"damage_taken":0.0,"cards_obtained":["Regret"]},{"damage_healed":0.0,"max_hp_gain":0.0,"max_hp_loss":0.0,"gold_gain":0.0,"event_name":"Scrap Ooze","player_choice":"Success","floor":4.0,"gold_loss":0.0,"damage_taken":42.0,"relics_obtained":["Bag of Preparation"]},{"cards_removed":["Regret"],"damage_healed":0.0,"max_hp_gain":0.0,"max_hp_loss":0.0,"gold_gain":0.0,"event_name":"The Cleric","player_choice":"Card Removal","floor":5.0,"gold_loss":50.0,"damage_taken":0.0},{"damage_healed":0.0,"max_hp_gain":0.0,"max_hp_loss":0.0,"gold_gain":0.0,"event_name":"Duplicator","player_choice":"Copied","floor":19.0,"gold_loss":0.0,"damage_taken":0.0,"cards_obtained":["PathToVictory"]},{"cards_removed":["Strike_P"],"damage_healed":0.0,"max_hp_gain":0.0,"max_hp_loss":0.0,"gold_gain":0.0,"event_name":"Wheel of Change","player_choice":"Card Removal","floor":24.0,"gold_loss":0.0,"damage_taken":0.0},{"cards_removed":["Mayhem"],"damage_healed":0,"gold_gain":0,"player_choice":"Took Card","damage_taken":0,"max_hp_gain":0,"max_hp_loss":0,"event_name":"NoteForYourself","floor":37,"gold_loss":0,"cards_obtained":["Strike_B"]},{"damage_healed":0,"gold_gain":0,"player_choice":"Paid","damage_taken":0,"relics_obtained":["Red Mask"],"max_hp_gain":0,"max_hp_loss":0,"event_name":"Tomb of Lord Red Mask","floor":39,"gold_loss":60},{"cards_removed":["Strike_B"],"damage_healed":0,"gold_gain":0,"player_choice":"Card Removal","damage_taken":0,"max_hp_gain":0,"max_hp_loss":0,"event_name":"Wheel of Change","floor":47,"gold_loss":0}],"is_beta":true,"boss_relics":[{"not_picked":["Cursed Key","Empty Cage"],"picked":"Sozu"},{"not_picked":["Calling Bell","Runic Dome"],"picked":"Fusion Hammer"}],"items_purged_floors":[],"is_endless":false,"potions_floor_spawned":[6,8,11,16,20,22,27,33,38],"ascension_level":0}