{"gold_per_floor":[119,132,151,151,166,166,185,155,155,186,66,83,83,109,109,109],"floor_reached":16,"playtime":1432,"items_purged":["Defend_R"],"score":137,"play_id":"798ecb42-3184-43ef-9352-8e1a67bca1b9","local_time":"20190129093959","is_ascension_mode":false,"campfire_choices":[{"data":"Flex","floor":6,"key":"SMITH"},{"floor":15,"key":"REST"}],"neow_cost":"NONE","seed_source_timestamp":85717438117183,"circlet_count":0,"master_deck":["Strike_R","Strike_R","Strike_R","Strike_R","Strike_R","Defend_R","Defend_R","Bash","Impatience","Shrug It Off","Cleave","Shrug It Off","Flex+1","Shrug It Off","Shrug It Off","Reckless Charge","Iron Wave","Intimidate","Parasite","Limit Break"],"relics":["Burning Blood","Meat on the Bone","Bottled Flame","Letter Opener"],"potions_floor_usage":[16,16],"damage_taken":[{"damage":1,"enemies":"Cultist","floor":1,"turns":4},{"damage":3,"enemies":"Jaw Worm","floor":2,"turns":7},{"damage":0,"enemies":"2 Louse","floor":3,"turns":3},{"damage":0,"enemies":"Large Slime","floor":5,"turns":6},{"damage":25,"enemies":"Exordium Wildlife","floor":7,"turns":7},{"damage":0,"enemies":"Looter","floor":8,"turns":4},{"damage":18,"enemies":"3 Sentries","floor":10,"turns":9},{"damage":3,"enemies":"Large Slime","floor":12,"turns":4},{"damage":71,"enemies":"Gremlin Nob","floor":14,"turns":7},{"damage":64,"enemies":"Slime Boss","floor":16,"turns":10}],"seed_played":"5715543863646937864","potions_obtained":[{"floor":2,"key":"Regen Potion"},{"floor":10,"key":"Ancient Potion"},{"floor":12,"key":"SpeedPotion"}],"is_trial":false,"path_per_floor":["M","M","M","?","M","R","M","M","T","E","$","M","?","E","R","B"],"character_chosen":"IRONCLAD","items_purchased":["Iron Wave"],"campfire_rested":1,"item_purchase_floors":[11],"current_hp_per_floor":[80,80,80,80,80,80,61,67,67,55,55,58,78,25,49,0],"gold":109,"neow_bonus":"RANDOM_COLORLESS","is_prod":false,"is_daily":false,"chose_seed":false,"campfire_upgraded":1,"win_rate":0.0,"timestamp":1548722399,"path_taken":["M","M","?","?","M","R","?","M","T","E","$","M","?","E","R","BOSS"],"build_version":"2019-01-23","purchased_purges":1,"victory":false,"max_hp_per_floor":[80,80,80,80,80,80,80,80,80,80,80,80,80,80,80,80],"card_choices":[{"not_picked":["Pummel","Warcry"],"picked":"Shrug It Off","floor":1},{"not_picked":["Shrug It Off","Body Slam"],"picked":"Cleave","floor":2},{"not_picked":["Metallicize","Carnage"],"picked":"Shrug It Off","floor":3},{"not_picked":["Intimidate","Burning Pact"],"picked":"Flex","floor":5},{"not_picked":["Spot Weakness","Perfected Strike"],"picked":"Shrug It Off","floor":7},{"not_picked":["Second Wind","Offering"],"picked":"Shrug It Off","floor":8},{"not_picked":["Dropkick","Headbutt"],"picked":"Reckless Charge","floor":10},{"not_picked":["Body Slam","Feel No Pain"],"picked":"Intimidate","floor":12},{"not_picked":["Disarm","Body Slam"],"picked":"Limit Break","floor":14}],"player_experience":7366,"relics_obtained":[{"floor":9,"key":"Meat on the Bone"},{"floor":10,"key":"Bottled Flame"},{"floor":14,"key":"Letter Opener"}],"event_choices":[{"cards_removed":["Defend_R"],"damage_healed":0,"gold_gain":0,"player_choice":"Purged","damage_taken":0,"max_hp_gain":0,"max_hp_loss":0,"event_name":"Purifier","floor":4,"gold_loss":0},{"damage_healed":20,"gold_gain":0,"player_choice":"Healed and dodged fight","damage_taken":0,"max_hp_gain":0,"max_hp_loss":0,"event_name":"Mushrooms","floor":13,"gold_loss":0,"cards_obtained":["Parasite"]}],"is_beta":false,"boss_relics":[],"items_purged_floors":[11],"is_endless":false,"potions_floor_spawned":[2,10,12,14],"killed_by":"Slime Boss","ascension_level":0}