{"gold_per_floor":[116,127,138,151,50,50,67,67,67,78,78,88,88,109,109,109],"floor_reached":16,"playtime":439,"items_purged":["Strike_B"],"score":96,"play_id":"4bf46510-b92c-4fe3-be59-1152bd56896b","local_time":"20181129100244","is_ascension_mode":false,"campfire_choices":[{"data":"Aggregate","floor":6,"key":"SMITH"},{"data":"Zap","floor":8,"key":"SMITH"},{"data":"Dualcast","floor":11,"key":"SMITH"},{"floor":15,"key":"REST"}],"neow_cost":"NONE","seed_source_timestamp":1161857855054592,"circlet_count":0,"master_deck":["Strike_B","Strike_B","Strike_B","Defend_B","Defend_B","Defend_B","Defend_B","Zap+1","Dualcast+1","Ball Lightning","Aggregate+1","Coolheaded","Ball Lightning","Compile Driver","All For One","Turbo","Coolheaded","Gash+1"],"relics":["Cracked Core","NeowsBlessing","Molten Egg 2","Golden Idol"],"potions_floor_usage":[10,12,14],"damage_taken":[{"damage":0,"enemies":"Cultist","floor":1,"turns":1},{"damage":0,"enemies":"Small Slimes","floor":2,"turns":1},{"damage":0,"enemies":"Jaw Worm","floor":3,"turns":1},{"damage":12,"enemies":"Blue Slaver","floor":4,"turns":3},{"damage":12,"enemies":"2 Fungi Beasts","floor":7,"turns":2},{"damage":21,"enemies":"Exordium Wildlife","floor":10,"turns":3},{"damage":0,"enemies":"Lots of Slimes","floor":12,"turns":2},{"damage":13,"enemies":"Gremlin Gang","floor":14,"turns":2},{"damage":40,"enemies":"The Guardian","floor":16,"turns":9}],"seed_played":"6020391648086887600","potions_obtained":[{"floor":3,"key":"Swift Potion"},{"floor":7,"key":"PowerPotion"},{"floor":12,"key":"SkillPotion"}],"is_trial":false,"path_per_floor":["M","M","M","M","$","R","M","R","T","M","R","M","?","M","R","B"],"character_chosen":"DEFECT","items_purchased":["Compile Driver"],"campfire_rested":1,"item_purchase_floors":[5],"current_hp_per_floor":[75,75,75,63,63,63,51,51,51,30,30,30,30,17,37,0],"gold":109,"neow_bonus":"THREE_ENEMY_KILL","is_prod":false,"is_daily":false,"chose_seed":false,"campfire_upgraded":3,"win_rate":0,"timestamp":1543507364,"path_taken":["M","M","M","M","$","R","?","R","T","M","R","M","?","M","R","BOSS"],"build_version":"2018-11-15","purchased_purges":1,"victory":false,"max_hp_per_floor":[75,75,75,75,75,75,75,75,75,75,75,75,69,69,69,69],"card_choices":[{"not_picked":["Blizzard","Barrage"],"picked":"Ball Lightning","floor":1},{"not_picked":["Cold Snap","Static Discharge"],"picked":"Aggregate","floor":2},{"not_picked":["Streamline","Doom and Gloom"],"picked":"Coolheaded","floor":3},{"not_picked":["Barrage","Cold Snap"],"picked":"Ball Lightning","floor":4},{"not_picked":["Rebound","BootSequence"],"picked":"All For One","floor":7},{"not_picked":["Heatsinks","Leap"],"picked":"Turbo","floor":10},{"not_picked":["Heatsinks","Tempest"],"picked":"Coolheaded","floor":12},{"not_picked":["Reinforced Body","Rip and Tear+1"],"picked":"Gash+1","floor":14}],"player_experience":280703,"relics_obtained":[{"floor":9,"key":"Molten Egg 2"}],"event_choices":[{"damage_healed":0,"gold_gain":0,"player_choice":"Lose Max HP","damage_taken":0,"relics_obtained":["Golden Idol"],"max_hp_gain":0,"max_hp_loss":6,"event_name":"Golden Idol","floor":13,"gold_loss":0}],"is_beta":true,"boss_relics":[],"items_purged_floors":[5],"is_endless":false,"potions_floor_spawned":[3,7,12],"killed_by":"The Guardian","ascension_level":0}