{"gold_per_floor":[112,123,141,141,156,156,190,190,214,214,273,273,289,300,300,401,401,415,330,341,63,63,63,63,73,98,98],"floor_reached":27,"playtime":960,"items_purged":["Strike_R"],"score":277,"play_id":"5dda4d4f-0c6f-4354-aa36-27370d840917","local_time":"20190710184333","is_ascension_mode":true,"campfire_choices":[{"data":"Power Through","floor":6,"key":"SMITH"},{"floor":8,"key":"REST"},{"floor":10,"key":"REST"},{"data":"Wild Strike","floor":15,"key":"SMITH"},{"data":"Barricade","floor":23,"key":"SMITH"}],"neow_cost":"NONE","seed_source_timestamp":15758391549585,"circlet_count":0,"master_deck":["Strike_R+1","Strike_R+1","Defend_R","Defend_R","Defend_R","Defend_R","Bash+1","Power Through+1","Spot Weakness","Shrug It Off","Wild Strike+1","Cleave","Perfected Strike","Headbutt","Sever Soul","Barricade+1","Armaments+1","Havoc+1","Feel No Pain","J.A.X.","Corruption","Metallicize"],"relics":["Burning Blood","Whetstone","Centennial Puzzle","NlothsMask","Mark of Pain","Smiling Mask","Red Skull"],"potions_floor_usage":[5,16,16,18],"damage_taken":[{"damage":1,"enemies":"Cultist","floor":1,"turns":3},{"damage":20,"enemies":"Small Slimes","floor":2,"turns":4},{"damage":0,"enemies":"2 Louse","floor":3,"turns":2},{"damage":21,"enemies":"Lots of Slimes","floor":5,"turns":5},{"damage":37,"enemies":"3 Sentries","floor":7,"turns":15},{"damage":34,"enemies":"Gremlin Nob","floor":11,"turns":4},{"damage":0,"enemies":"Blue Slaver","floor":13,"turns":5},{"damage":0,"enemies":"2 Fungi Beasts","floor":14,"turns":4},{"damage":47,"enemies":"Slime Boss","floor":16,"turns":14},{"damage":19,"enemies":"3 Byrds","floor":18,"turns":4},{"damage":3,"enemies":"Spheric Guardian","floor":20,"turns":3},{"damage":41,"enemies":"Chosen and Byrds","floor":25,"turns":6},{"damage":19,"enemies":"Shelled Parasite and Fungi","floor":27,"turns":4}],"seed_played":"4082372445989351340","potions_obtained":[{"floor":2,"key":"Weak Potion"},{"floor":3,"key":"SteroidPotion"},{"floor":11,"key":"SpeedPotion"},{"floor":13,"key":"SpeedPotion"},{"floor":16,"key":"Explosive Potion"}],"is_trial":false,"path_per_floor":["M","M","M","?","M","R","E","R","T","R","?","?","M","M","R","B",null,"M","?","M","$","?","R","?","M","T","M"],"character_chosen":"IRONCLAD","items_purchased":["Red Skull","Feel No Pain"],"campfire_rested":2,"item_purchase_floors":[21,21],"current_hp_per_floor":[77,63,69,69,54,54,23,47,47,71,43,43,49,55,55,14,64,51,51,54,54,54,54,54,19,19,0],"gold":98,"neow_bonus":"UPGRADE_CARD","is_prod":false,"is_daily":false,"chose_seed":false,"campfire_upgraded":3,"win_rate":0,"timestamp":1562798613,"path_taken":["M","?","?","?","?","R","E","R","T","R","?","?","?","M","R","BOSS","M","?","M","$","?","R","?","?","T","M"],"build_version":"2019-07-05","purchased_purges":1,"victory":false,"max_hp_per_floor":[80,80,80,80,80,80,80,80,80,80,80,80,80,80,80,80,80,80,80,80,80,80,80,80,80,80,80],"card_choices":[{"not_picked":["Anger","Iron Wave"],"picked":"Power Through","floor":1},{"not_picked":["Warcry","Fire Breathing"],"picked":"Spot Weakness","floor":2},{"not_picked":["Seeing Red","Flame Barrier"],"picked":"Shrug It Off","floor":3},{"not_picked":["Clothesline","Headbutt"],"picked":"Wild Strike","floor":5},{"not_picked":["Metallicize","Anger"],"picked":"Cleave","floor":7},{"not_picked":["Rage","Combust"],"picked":"Perfected Strike","floor":11},{"not_picked":["Perfected Strike","Sword Boomerang"],"picked":"Headbutt","floor":13},{"not_picked":["Clash","Clothesline"],"picked":"Sever Soul","floor":14},{"not_picked":["Reaper","Feed"],"picked":"Barricade","floor":16},{"not_picked":["Anger+1","Second Wind"],"picked":"Armaments+1","floor":18},{"not_picked":["Entrench","Clash"],"picked":"Havoc+1","floor":20},{"not_picked":["Warcry","Headbutt"],"picked":"Metallicize","floor":25}],"player_experience":276789,"relics_obtained":[{"floor":7,"key":"Whetstone"},{"floor":11,"key":"Centennial Puzzle"}],"event_choices":[{"cards_removed":["Strike_R"],"damage_healed":0,"gold_gain":0,"player_choice":"Purged","damage_taken":0,"max_hp_gain":0,"max_hp_loss":0,"event_name":"Purifier","floor":4,"gold_loss":0},{"damage_healed":0,"gold_gain":30,"player_choice":"Searched \u00273\u0027 times","damage_taken":0,"max_hp_gain":0,"max_hp_loss":0,"event_name":"Dead Adventurer","floor":11,"gold_loss":0},{"damage_healed":0,"gold_gain":0,"player_choice":"Trade","damage_taken":0,"relics_obtained":["NlothsMask"],"max_hp_gain":0,"max_hp_loss":0,"event_name":"FaceTrader","floor":12,"gold_loss":0},{"damage_healed":0,"gold_gain":0,"player_choice":"Obtained Relic","damage_taken":0,"relics_obtained":["Smiling Mask"],"max_hp_gain":0,"max_hp_loss":0,"event_name":"Addict","floor":19,"gold_loss":85},{"damage_healed":0,"gold_gain":0,"player_choice":"Obtain J.A.X.","damage_taken":0,"max_hp_gain":0,"max_hp_loss":0,"event_name":"Drug Dealer","floor":22,"gold_loss":0,"cards_obtained":["J.A.X."]},{"damage_healed":0,"gold_gain":0,"cards_transformed":["Strike_R"],"player_choice":"Transformed","damage_taken":0,"max_hp_gain":0,"max_hp_loss":0,"event_name":"Transmorgrifier","floor":24,"gold_loss":0,"cards_obtained":["Corruption"]}],"is_beta":false,"boss_relics":[{"not_picked":["Cursed Key","Lizard Tail"],"picked":"Mark of Pain"}],"items_purged_floors":[21],"is_endless":false,"potions_floor_spawned":[2,3,11,13,16],"killed_by":"Shelled Parasite and Fungi","ascension_level":6}