{"path_per_floor":["M","?","M","$","?","R","M","R","T","M","M","M","R","M","R","B",null,"M","$","?","M","?","R","E","R","T","R","M","M","?","?","R"],"character_chosen":"DEFECT","items_purchased":["FTL"],"gold_per_floor":[111,71,83,8,8,8,23,23,23,37,48,61,61,75,75,180,180,194,55,55,72,72,72,107,107,107,107,119,135,60,60,60,60],"floor_reached":33,"campfire_rested":4,"playtime":2368,"current_hp_per_floor":[75,75,75,75,75,75,75,75,75,75,75,63,63,57,57,31,75,70,70,70,57,57,75,24,46,46,75,43,13,13,13,50,0],"items_purged":["Defend_B","Strike_B"],"gold":60,"score":257,"play_id":"96ba37ab-853c-424f-b023-179dd4e049ac","local_time":"20180430204950","is_prod":false,"is_daily":false,"chose_seed":false,"is_ascension_mode":false,"campfire_upgraded":4,"timestamp":1525114190,"path_taken":["M","?","M","$","?","R","M","R","T","M","M","?","R","?","R","BOSS","M","$","?","M","?","R","E","R","T","R","M","M","?","?","R","BOSS"],"build_version":"2018-04-27v3","seed_source_timestamp":22058314394482,"purchased_purges":2,"victory":false,"master_deck":["Strike_B","Defend_B","Zap+1","Dualcast+1","Self Repair","Barrage+1","Creative AI+1","Doom and Gloom","Tempest","Rebound","Doom and Gloom","Biased Cognition","FTL","Ball Lightning","Biased Cognition","Fission","Impulse+1","Buffer"],"max_hp_per_floor":[75,75,75,75,75,75,75,75,75,75,75,75,75,75,75,75,75,75,75,75,75,75,75,75,75,75,75,75,75,75,75,75,75],"relics":["Cracked Core","Dodecahedron","Nuclear Battery","Omamori","Regal Pillow"],"card_choices":[{"not_picked":["Axe Kick","Hologram"],"picked":"Barrage","floor":1},{"not_picked":["Gash","Stack"],"picked":"Creative AI","floor":7},{"not_picked":["Streamline","Stack"],"picked":"Doom and Gloom","floor":10},{"not_picked":["Scrape","Darkness"],"picked":"Tempest","floor":11},{"not_picked":["Impulse","White Noise"],"picked":"Rebound","floor":12},{"not_picked":["Blizzard","Gash"],"picked":"Doom and Gloom","floor":14},{"not_picked":["Echo Form","Amplify"],"picked":"Biased Cognition","floor":16},{"not_picked":["Barrage","Hologram"],"picked":"Ball Lightning","floor":21},{"not_picked":["Sweeping Beam","Flux Capacitor"],"picked":"Fission","floor":24},{"not_picked":["Barrage","Sweeping Beam"],"picked":"Impulse","floor":29}],"player_experience":15571,"potions_floor_usage":[14,16,21,33,33,33],"damage_taken":[{"damage":6,"enemies":"Jaw Worm","floor":1,"turns":4},{"damage":6,"enemies":"Cultist","floor":3,"turns":3},{"damage":3,"enemies":"Small Slimes","floor":7,"turns":3},{"damage":5,"enemies":"Looter","floor":10,"turns":4},{"damage":7,"enemies":"3 Louse","floor":11,"turns":4},{"damage":19,"enemies":"Exordium Thugs","floor":12,"turns":5},{"damage":13,"enemies":"Gremlin Gang","floor":14,"turns":4},{"damage":26,"enemies":"Slime Boss","floor":16,"turns":6},{"damage":5,"enemies":"Spheric Guardian","floor":18,"turns":3},{"damage":13,"enemies":"2 Thieves","floor":21,"turns":3},{"damage":58,"enemies":"Slavers","floor":24,"turns":4},{"damage":32,"enemies":"Centurion and Healer","floor":28,"turns":4},{"damage":30,"enemies":"Snecko","floor":29,"turns":4},{"damage":66,"enemies":"Champ","floor":33,"turns":10}],"event_choices":[{"event_name":"The Woman in Blue","player_choice":"Bought 3 Potions","floor":2,"damage_taken":0},{"event_name":"Living Wall","player_choice":"Forget","floor":5,"damage_taken":0},{"event_name":"Ghosts","player_choice":"Ignored","floor":20,"damage_taken":0},{"event_name":"Duplicator","player_choice":"One dupe","floor":22,"damage_taken":0},{"event_name":"Beggar","player_choice":"Gave Gold","floor":30,"damage_taken":0},{"event_name":"Transmorgrifier","player_choice":"Transform","floor":31,"damage_taken":0}],"boss_relics":[{"not_picked":["Eternal Feather","Ectoplasm"],"picked":"Nuclear Battery"}],"potions_floor_spawned":[3,11,16,18,24,29],"seed_played":"-1750307876197176340","killed_by":"Champ","ascension_level":0,"is_trial":false}