{"gold_per_floor":[115,131,10,10,10,44,44,64,115,115,133,208,222,222,222,323,323,333,69,69,80,80,110,125,125,125,138,138],"floor_reached":28,"playtime":2241,"items_purged":[],"score":238,"play_id":"853d3180-2949-4cca-92e1-d75cf81c8fdc","local_time":"20190527155031","is_ascension_mode":false,"campfire_choices":[{"floor":7,"key":"REST"},{"data":"Anger","floor":10,"key":"SMITH"},{"data":"Iron Wave","floor":15,"key":"SMITH"}],"neow_cost":"","seed_source_timestamp":16189418015355,"circlet_count":0,"master_deck":["Strike_R","Strike_R+1","Strike_R","Strike_R+1","Strike_R+1","Defend_R","Defend_R","Defend_R+1","Defend_R","Bash","Headbutt","Twin Strike+1","Anger+1","Iron Wave+1","Uppercut","Second Wind","Impervious","True Grit","Thunderclap","Pummel+1","Warcry+1","Shrug It Off","Cleave+1"],"relics":["Burning Blood","Bronze Scales","Whetstone","Lizard Tail","Question Card","CultistMask","Centennial Puzzle","Mercury Hourglass"],"potions_floor_usage":[11,16,16,23,23],"damage_taken":[{"damage":8,"enemies":"2 Louse","floor":1,"turns":4},{"damage":5,"enemies":"Jaw Worm","floor":2,"turns":4},{"damage":15,"enemies":"Gremlin Nob","floor":6,"turns":4},{"damage":0,"enemies":"Small Slimes","floor":8,"turns":3},{"damage":13,"enemies":"Exordium Thugs","floor":11,"turns":4},{"damage":18,"enemies":"Lots of Slimes","floor":13,"turns":3},{"damage":54,"enemies":"The Guardian","floor":16,"turns":11},{"damage":28,"enemies":"3 Byrds","floor":18,"turns":5},{"damage":12,"enemies":"Chosen","floor":21,"turns":5},{"damage":35,"enemies":"Gremlin Leader","floor":23,"turns":7},{"damage":37,"enemies":"Snake Plant","floor":24,"turns":3},{"damage":11,"enemies":"Snecko","floor":27,"turns":5},{"damage":42,"enemies":"Book of Stabbing","floor":28,"turns":5}],"seed_played":"6534960573130838139","potions_obtained":[{"floor":8,"key":"PowerPotion"},{"floor":13,"key":"Weak Potion"},{"floor":16,"key":"Energy Potion"},{"floor":21,"key":"BloodPotion"},{"floor":24,"key":"Block Potion"},{"floor":27,"key":"SteroidPotion"}],"is_trial":false,"path_per_floor":["M","M","$","?","$","E","R","M","T","R","M","?","M","?","R","B",null,"M","$","?","M","?","E","M","?","T","M","E"],"character_chosen":"IRONCLAD","items_purchased":["Ancient Potion","Anger","Thunderclap","Question Card"],"campfire_rested":1,"item_purchase_floors":[3,3,19,19],"current_hp_per_floor":[78,79,79,63,63,54,78,80,80,80,73,73,61,61,61,13,80,58,58,58,52,52,31,46,46,46,41,0],"gold":138,"neow_bonus":"","is_prod":false,"is_daily":false,"chose_seed":false,"campfire_upgraded":2,"win_rate":0.0,"timestamp":1558986631,"path_taken":["M","M","$","?","$","E","R","M","T","R","M","?","M","?","R","BOSS","M","$","?","?","?","E","M","?","T","?","E"],"build_version":"2019-01-23","purchased_purges":0,"victory":false,"max_hp_per_floor":[80,80,80,80,80,80,80,80,80,80,80,80,80,80,80,80,80,80,80,80,80,80,80,80,80,80,80,80],"card_choices":[{"not_picked":["Sword Boomerang","Thunderclap"],"picked":"Headbutt","floor":1},{"not_picked":["Clash","Combust"],"picked":"Twin Strike","floor":2},{"not_picked":["Impervious","Disarm"],"picked":"Iron Wave","floor":6},{"not_picked":["Body Slam","Metallicize","Infernal Blade"],"picked":"SKIP","floor":8},{"not_picked":["Clash","Perfected Strike"],"picked":"Uppercut","floor":11},{"not_picked":["True Grit","Perfected Strike"],"picked":"Second Wind","floor":13},{"not_picked":["Offering","Barricade"],"picked":"Impervious","floor":16},{"not_picked":["Body Slam","Perfected Strike"],"picked":"True Grit","floor":18},{"not_picked":["Thunderclap","Clash","Uppercut"],"picked":"Pummel","floor":21},{"not_picked":["Dual Wield","Thunderclap+1","Perfected Strike"],"picked":"Warcry+1","floor":23},{"not_picked":["Rampage","Impervious","Clash"],"picked":"Shrug It Off","floor":24},{"not_picked":["Bloodletting","Body Slam","Twin Strike"],"picked":"Cleave+1","floor":27}],"player_experience":0,"relics_obtained":[{"floor":6,"key":"Bronze Scales"},{"floor":9,"key":"Whetstone"},{"floor":23,"key":"Centennial Puzzle"},{"floor":26,"key":"Mercury Hourglass"}],"event_choices":[{"damage_healed":0,"gold_gain":0,"player_choice":"Entered Light","damage_taken":16,"max_hp_gain":0,"max_hp_loss":0,"event_name":"Shining Light","floor":4,"gold_loss":0,"cards_upgraded":["Strike_R","Defend_R"]},{"damage_healed":0,"gold_gain":75,"player_choice":"Gained Gold","damage_taken":0,"max_hp_gain":0,"max_hp_loss":0,"event_name":"Golden Wing","floor":12,"gold_loss":0},{"damage_healed":0,"gold_gain":0,"player_choice":"Upgraded","damage_taken":0,"max_hp_gain":0,"max_hp_loss":0,"event_name":"Upgrade Shrine","floor":14,"gold_loss":0,"cards_upgraded":["Strike_R"]},{"damage_healed":0,"gold_gain":0,"player_choice":"Trade","damage_taken":0,"relics_obtained":["CultistMask"],"max_hp_gain":0,"max_hp_loss":0,"event_name":"FaceTrader","floor":20,"gold_loss":0},{"damage_healed":0,"gold_gain":0,"player_choice":"Ignored","damage_taken":0,"max_hp_gain":0,"max_hp_loss":0,"event_name":"Vampires","floor":22,"gold_loss":0},{"damage_healed":0,"gold_gain":0,"player_choice":"Forge","damage_taken":0,"max_hp_gain":0,"max_hp_loss":0,"event_name":"Accursed Blacksmith","floor":25,"gold_loss":0,"cards_upgraded":["Pummel"]}],"is_beta":false,"boss_relics":[{"not_picked":["Ectoplasm","Cursed Key"],"picked":"Lizard Tail"}],"items_purged_floors":[],"is_endless":false,"potions_floor_spawned":[8,13,16,21,24,27],"killed_by":"Book of Stabbing","ascension_level":0}