{"gold_per_floor":[109,120,120,120,131,131,162,162,185,195,230,62,62],"floor_reached":13,"playtime":408,"items_purged":["Injury"],"score":121,"play_id":"efd519ae-e4c9-43d4-9fe8-e1048da8ba88","local_time":"20190713175031","is_ascension_mode":true,"campfire_choices":[{"floor":6,"key":"REST"},{"data":"True Grit","floor":8,"key":"SMITH"}],"neow_cost":"NONE","seed_source_timestamp":32179695206093,"circlet_count":0,"master_deck":["Strike_R","Strike_R","Strike_R","Strike_R","Strike_R","Defend_R+1","Defend_R+1","Defend_R","Defend_R+1","Bash","Inflame+1","Wild Strike","Trip","Reaper","True Grit+1","Demon Form","Havoc","Feel No Pain","Discovery"],"relics":["Cursed Key","Art of War","War Paint"],"potions_floor_usage":[11],"damage_taken":[{"damage":12,"enemies":"Jaw Worm","floor":1,"turns":3},{"damage":10,"enemies":"2 Louse","floor":2,"turns":2},{"damage":0,"enemies":"Cultist","floor":5,"turns":3},{"damage":35,"enemies":"3 Sentries","floor":7,"turns":9},{"damage":10,"enemies":"2 Fungi Beasts","floor":10,"turns":3},{"damage":39,"enemies":"Gremlin Nob","floor":11,"turns":5},{"damage":9,"enemies":"Large Slime","floor":13,"turns":1}],"seed_played":"-3244470441703268744","potions_obtained":[{"floor":7,"key":"AttackPotion"},{"floor":10,"key":"SkillPotion"}],"is_trial":false,"path_per_floor":["M","M","?","?","M","R","E","R","T","M","E","$","M"],"character_chosen":"IRONCLAD","items_purchased":["Discovery"],"campfire_rested":1,"item_purchase_floors":[12],"current_hp_per_floor":[60,50,34,34,38,62,41,41,41,41,6,6,0],"gold":62,"neow_bonus":"BOSS_RELIC","is_prod":false,"is_daily":false,"chose_seed":false,"campfire_upgraded":1,"win_rate":0,"timestamp":1563054631,"path_taken":["M","M","?","?","M","R","E","R","T","M","E","$","?"],"build_version":"2019-07-05","purchased_purges":1,"victory":false,"max_hp_per_floor":[80,80,80,80,80,80,80,80,80,80,80,80,80],"card_choices":[{"not_picked":["Thunderclap","Clothesline"],"picked":"Inflame","floor":1},{"not_picked":["Evolve","Sword Boomerang"],"picked":"Wild Strike","floor":2},{"not_picked":["Infernal Blade","Rampage"],"picked":"True Grit","floor":5},{"not_picked":["Berserk","Armaments"],"picked":"Demon Form","floor":7},{"not_picked":["Armaments","Wild Strike"],"picked":"Havoc","floor":10},{"not_picked":["Armaments","Brutality"],"picked":"Feel No Pain","floor":11}],"player_experience":289189,"relics_obtained":[{"floor":7,"key":"Art of War"},{"floor":11,"key":"War Paint"}],"event_choices":[{"damage_healed":0,"gold_gain":0,"player_choice":"Entered Light","damage_taken":16,"max_hp_gain":0,"max_hp_loss":0,"event_name":"Shining Light","floor":3,"gold_loss":0,"cards_upgraded":["Inflame","Defend_R"]},{"damage_healed":0,"gold_gain":0,"player_choice":"2 cards matched","damage_taken":0,"max_hp_gain":0,"max_hp_loss":0,"event_name":"Match and Keep!","floor":4,"gold_loss":0,"cards_obtained":["Trip","Reaper"]},{"damage_healed":0,"gold_gain":0,"player_choice":"2 cards matched","damage_taken":0,"max_hp_gain":0,"max_hp_loss":0,"event_name":"Match and Keep!","floor":4,"gold_loss":0,"cards_obtained":["Trip","Reaper"]}],"is_beta":false,"boss_relics":[],"items_purged_floors":[12],"is_endless":false,"potions_floor_spawned":[7,10],"killed_by":"Large Slime","ascension_level":6}