{"gold_per_floor":[115,115,115,130,149,185,185,185,185,185,260,283,327,341,341,462,462,487,487,508,190,203,203,236,236,262,276,276,307,332,357,357,486,486,507,507,526,551,551,551,586,3,3,3,28,28,49,49,49,49],"floor_reached":51,"playtime":3241,"items_purged":["Flechettes","Pain"],"score":865,"play_id":"032dc21f-13d6-4772-9327-88a905a3570a","local_time":"20190204235105","is_ascension_mode":true,"campfire_choices":[{"data":"Neutralize","floor":7.0,"key":"SMITH"},{"floor":10.0,"key":"REST"},{"data":"Footwork","floor":15.0,"key":"SMITH"},{"data":"Envenom","floor":23,"key":"SMITH"},{"data":"Envenom","floor":25,"key":"SMITH"},{"data":"Caltrops","floor":28,"key":"SMITH"},{"floor":32,"key":"REST"},{"data":"Cloak And Dagger","floor":40,"key":"SMITH"},{"floor":46,"key":"REST"},{"data":"Sadistic Nature","floor":49,"key":"SMITH"}],"neow_cost":"NONE","seed_source_timestamp":653324598821677,"circlet_count":0,"master_deck":["Survivor","Neutralize+1","Deadly Poison","Cloak And Dagger+1","Masterful Stab","Venomology","PiercingWail","Footwork+1","Caltrops+1","Envenom+1","Envenom+1","Deflect","Flechettes","Bane","All Out Attack","Deflect","Adrenaline","Well Laid Plans","Bane","Blade Dance","Backflip","Cloak And Dagger+1","Acrobatics","Deflect+1","Malaise","Dodge and Roll+1","Blade Dance+1","Deflect+1","Sadistic Nature+1","PiercingWail","PiercingWail+1"],"special_seed":0,"relics":["Ring of the Snake","NeowsBlessing","Mercury Hourglass","Golden Idol","Oddly Smooth Stone","Whetstone","Singing Bowl","Pandora\u0027s Box","Shuriken","Smiling Mask","Bag of Marbles","Dodecahedron","Philosopher\u0027s Stone","WarpedTongs","Strawberry","Thread and Needle","Ninja Scroll"],"potions_floor_usage":[18,20,22,24,27,29,30,31,33,33,37,38,41,41,41,41,41,50,50],"damage_taken":[{"damage":0.0,"enemies":"2 Louse","floor":1.0,"turns":1.0},{"damage":0.0,"enemies":"Small Slimes","floor":4.0,"turns":1.0},{"damage":0.0,"enemies":"Jaw Worm","floor":5.0,"turns":1.0},{"damage":19.0,"enemies":"3 Sentries","floor":6.0,"turns":6.0},{"damage":0.0,"enemies":"Looter","floor":12.0,"turns":2.0},{"damage":1.0,"enemies":"Lagavulin","floor":13.0,"turns":6.0},{"damage":0.0,"enemies":"2 Fungi Beasts","floor":14.0,"turns":2.0},{"damage":0.0,"enemies":"Hexaghost","floor":16.0,"turns":10.0},{"damage":12,"enemies":"2 Thieves","floor":18,"turns":4},{"damage":0,"enemies":"Chosen","floor":20,"turns":5},{"damage":9,"enemies":"Snake Plant","floor":22,"turns":4},{"damage":0,"enemies":"Gremlin Leader","floor":24,"turns":5},{"damage":12,"enemies":"Centurion and Healer","floor":27,"turns":5},{"damage":21,"enemies":"Book of Stabbing","floor":29,"turns":4},{"damage":0,"enemies":"Chosen and Byrds","floor":30,"turns":4},{"damage":5,"enemies":"Sentry and Sphere","floor":31,"turns":5},{"damage":25,"enemies":"Collector","floor":33,"turns":7},{"damage":3,"enemies":"3 Shapes","floor":35,"turns":5},{"damage":5,"enemies":"3 Darklings","floor":37,"turns":4},{"damage":0,"enemies":"Maw","floor":38,"turns":6},{"damage":49,"enemies":"Nemesis","floor":41,"turns":6},{"damage":0,"enemies":"Spire Growth","floor":45,"turns":3},{"damage":0,"enemies":"4 Shapes","floor":47,"turns":4},{"damage":62,"enemies":"Time Eater","floor":50,"turns":10}],"seed_played":"2097011716276229755","potions_obtained":[{"floor":4.0,"key":"SkillPotion"},{"floor":6.0,"key":"Ancient Potion"},{"floor":14.0,"key":"PowerPotion"},{"floor":16.0,"key":"Regen Potion"},{"floor":22,"key":"Energy Potion"},{"floor":27,"key":"SkillPotion"},{"floor":30,"key":"Poison Potion"},{"floor":38,"key":"EntropicBrew"}],"is_trial":false,"path_per_floor":["M","?","?","M","M","E","R","?","T","R","?","M","E","M","R","B",null,"M","?","M","$","M","R","E","R","T","M","R","E","M","M","R","B",null,"M","?","M","M","?","R","E","$","T","$","M","R","M","$","R","B",null],"character_chosen":"THE_SILENT","items_purchased":["Shuriken","Sadistic Nature","Thread and Needle","PiercingWail"],"campfire_rested":3,"item_purchase_floors":[21,42,42,42],"current_hp_per_floor":[70,63,46,46,46,27,27,27,27,48,37,37,36,36,36,36,70,58,58,60,60,65,65,67,67,67,55,55,34,34,29,51,26,76,73,73,68,68,68,68,42,42,42,42,44,70,70,70,70,8],"gold":49,"neow_bonus":"THREE_ENEMY_KILL","is_prod":false,"is_daily":false,"chose_seed":false,"campfire_upgraded":7,"win_rate":0,"timestamp":1549291865,"path_taken":["M","?","?","?","M","E","R","?","T","R","?","M","E","M","R","BOSS","M","?","?","$","M","R","E","R","T","M","R","E","M","M","R","BOSS","M","?","M","?","?","R","E","$","T","?","M","R","M","$","R","BOSS"],"build_version":"2019-01-23","purchased_purges":2,"victory":true,"max_hp_per_floor":[70,70,70,70,70,70,70,70,70,70,70,70,70,70,70,70,70,70,70,72,72,74,74,76,76,76,76,76,76,76,76,76,76,76,76,76,76,76,76,76,85,85,85,85,87,87,87,87,87,87],"card_choices":[{"not_picked":["Bane","Choke"],"picked":"Deadly Poison","floor":1.0},{"not_picked":["Dagger Spray","Quick Slash"],"picked":"Cloak And Dagger","floor":4.0},{"not_picked":["Deadly Poison","Glass Knife"],"picked":"Masterful Stab","floor":5.0},{"not_picked":["Dagger Spray","Dodge and Roll"],"picked":"Venomology","floor":6.0},{"not_picked":["Outmaneuver","Poisoned Stab"],"picked":"PiercingWail","floor":12.0},{"not_picked":["Blade Dance","Deadly Poison"],"picked":"Footwork","floor":13.0},{"not_picked":["Reflex","Endless Agony"],"picked":"Caltrops","floor":14.0},{"not_picked":["A Thousand Cuts","Malaise"],"picked":"Envenom","floor":16.0},{"not_picked":["Escape Plan","Cloak And Dagger"],"picked":"Blade Dance","floor":18},{"not_picked":["Dagger Spray","Expertise","Outmaneuver"],"picked":"Singing Bowl","floor":20},{"not_picked":["Skewer","Slice","Tactician+1"],"picked":"Singing Bowl","floor":22},{"not_picked":["Predator","Dodge and Roll","Sucker Punch"],"picked":"Singing Bowl","floor":24},{"not_picked":["Envenom","Choke"],"picked":"Backflip","floor":27},{"not_picked":["Underhanded Strike","Acrobatics"],"picked":"Cloak And Dagger+1","floor":29},{"not_picked":["PiercingWail","Blade Dance+1"],"picked":"Acrobatics","floor":30},{"not_picked":["Predator+1","Flying Knee"],"picked":"Deflect+1","floor":31},{"not_picked":["Grand Finale","Wraith Form v2"],"picked":"Malaise","floor":33},{"not_picked":["Reflex","Slice+1"],"picked":"Dodge and Roll+1","floor":35},{"not_picked":["Calculated Gamble+1","Bouncing Flask+1"],"picked":"Blade Dance+1","floor":37},{"not_picked":["Underhanded Strike+1","Skewer+1"],"picked":"Deflect+1","floor":38},{"not_picked":["Reflex","Underhanded Strike+1","Acrobatics"],"picked":"Singing Bowl","floor":41},{"not_picked":["Leg Sweep","Dagger Spray","Masterful Stab+1"],"picked":"Singing Bowl","floor":45},{"not_picked":["Bane+1","Underhanded Strike+1"],"picked":"PiercingWail+1","floor":47}],"player_experience":140921,"relics_obtained":[{"floor":6.0,"key":"Oddly Smooth Stone"},{"floor":9.0,"key":"Whetstone"},{"floor":13.0,"key":"Singing Bowl"},{"floor":24,"key":"Smiling Mask"},{"floor":26,"key":"Bag of Marbles"},{"floor":29,"key":"Dodecahedron"},{"floor":41,"key":"Strawberry"},{"floor":43,"key":"Ninja Scroll"}],"event_choices":[{"damage_healed":0.0,"max_hp_gain":0.0,"max_hp_loss":0.0,"gold_gain":0.0,"event_name":"Scrap Ooze","player_choice":"Success","floor":2.0,"gold_loss":0.0,"damage_taken":7.0,"relics_obtained":["Mercury Hourglass"]},{"damage_healed":0.0,"max_hp_gain":0.0,"max_hp_loss":0.0,"gold_gain":0.0,"event_name":"Golden Idol","player_choice":"Take Damage","floor":3.0,"gold_loss":0.0,"damage_taken":17.0,"relics_obtained":["Golden Idol"]},{"damage_healed":0.0,"max_hp_gain":0.0,"max_hp_loss":0.0,"gold_gain":0.0,"event_name":"Dead Adventurer","player_choice":"Searched \u00270\u0027 times","floor":8.0,"gold_loss":0.0,"damage_taken":0.0},{"damage_healed":0.0,"max_hp_gain":0.0,"max_hp_loss":0.0,"gold_gain":75.0,"event_name":"World of Goop","player_choice":"Gather Gold","floor":11.0,"gold_loss":0.0,"damage_taken":11.0},{"damage_healed":0,"gold_gain":0,"player_choice":"Bought 0 Potions","damage_taken":0,"max_hp_gain":0,"max_hp_loss":0,"event_name":"The Woman in Blue","floor":19,"gold_loss":0},{"damage_healed":0,"gold_gain":0,"player_choice":"Ignored","damage_taken":0,"max_hp_gain":0,"max_hp_loss":0,"event_name":"SecretPortal","floor":36,"gold_loss":0},{"damage_healed":0,"gold_gain":0,"player_choice":"Rummage","damage_taken":0,"relics_obtained":["WarpedTongs"],"max_hp_gain":0,"max_hp_loss":0,"event_name":"Accursed Blacksmith","floor":39,"gold_loss":0,"cards_obtained":["Pain"]}],"is_beta":false,"boss_relics":[{"not_picked":["Busted Crown","Eternal Feather"],"picked":"Pandora\u0027s Box"},{"not_picked":["Black Star","Runic Dome"],"picked":"Philosopher\u0027s Stone"}],"items_purged_floors":[21,42],"is_endless":false,"potions_floor_spawned":[4,6,14,16,22,24,27,30,37,38,45],"ascension_level":1}