{"path_per_floor":["M","M","M","?","?","M","?","R","T","E","M","R","E","M","R","B",null,"M","?","M","$","?","E","R","E","T","M","M","?","M","M","R","B",null,"M","M","?","$","T","E","R","M","T","$","M","$","?","M","R","B"],"character_chosen":"IRONCLAD","items_purchased":["Pen Nib","Inflame","Flex","Vajra","Regen Potion"],"gold_per_floor":[113,130,149,149,99,113,113,113,138,164,182,182,511,527,527,630,630,646,646,659,360,360,393,393,423,423,435,454,379,396,415,415,511,511,521,533,533,234,234,261,261,275,321,148,161,11,11,31,31,31],"floor_reached":51,"campfire_rested":3,"playtime":3176,"current_hp_per_floor":[80,80,80,68,68,72,72,72,72,71,79,79,72,80,80,31,80,66,66,74,74,59,42,67,24,24,17,11,11,14,10,35,10,85,73,69,69,69,69,35,68,59,59,59,61,61,61,69,77,9],"items_purged":["Second Wind","Strike_R","Strike_R","Strike_R"],"gold":31,"score":829,"play_id":"250d6da2-fd91-46bf-9260-c8830b3fa710","local_time":"20180429222509","is_prod":false,"is_daily":false,"chose_seed":false,"is_ascension_mode":false,"campfire_upgraded":4,"timestamp":1525033509,"path_taken":["M","M","M","?","?","M","?","R","T","E","M","R","E","?","R","BOSS","M","?","M","$","?","E","R","E","T","M","M","?","M","M","R","BOSS","M","M","?","$","?","E","R","M","T","?","M","$","?","M","R","BOSS"],"build_version":"2018-04-27v3","seed_source_timestamp":39654609922662,"purchased_purges":6,"victory":true,"master_deck":["Defend_R","Bash+1","Thunderclap","Flex+1","Clash","Sword Boomerang+1","Cleave","Sword Boomerang+1","Thunderclap","Clash","Sword Boomerang","Inflame","Twin Strike","Flame Barrier+1","Infernal Blade+1","Iron Wave","Iron Wave","Sever Soul","Flex+1","Twin Strike+1","Battle Trance+1","Sword Boomerang+1"],"max_hp_per_floor":[80,80,80,80,80,80,80,80,80,80,80,80,80,80,80,80,80,80,80,80,80,85,85,85,85,85,85,85,85,85,85,85,85,85,85,85,85,85,85,85,85,85,85,85,85,85,85,85,85,85],"relics":["Burning Blood","Bag of Marbles","Blood Vial","Toxic Egg 2","Old Coin","Lizard Tail","Pen Nib","Paper Frog","Mercury Hourglass","Self Forming Clay","Eternal Feather","Vajra","Thread and Needle","Shuriken","Dream Catcher"],"card_choices":[{"not_picked":["Iron Wave","True Grit"],"picked":"Thunderclap","floor":1},{"not_picked":["Perfected Strike","Combust"],"picked":"Flex","floor":2},{"not_picked":["Sword Boomerang","Entrench"],"picked":"Clash","floor":3},{"not_picked":["Cleave","Perfected Strike"],"picked":"Sword Boomerang","floor":6},{"not_picked":["Dark Embrace","Intimidate"],"picked":"Cleave","floor":10},{"not_picked":["Intimidate","Shrug It Off"],"picked":"Second Wind","floor":11},{"not_picked":["Perfected Strike","Iron Wave"],"picked":"Sword Boomerang","floor":13},{"not_picked":["Entrench","Shockwave"],"picked":"Thunderclap","floor":14},{"not_picked":["Bloodletting","Battle Trance"],"picked":"Clash","floor":18},{"not_picked":["Power Through","Twin Strike"],"picked":"Sword Boomerang","floor":20},{"not_picked":["Rage","Cleave"],"picked":"Twin Strike","floor":23},{"not_picked":["Shockwave","Feed"],"picked":"Flame Barrier","floor":25},{"not_picked":["Thunderclap","Clothesline"],"picked":"Infernal Blade","floor":27},{"not_picked":["Armaments","Body Slam"],"picked":"Iron Wave","floor":30},{"not_picked":["Sword Boomerang","Demon Form"],"picked":"Iron Wave","floor":31},{"not_picked":["Second Wind","Body Slam"],"picked":"Sever Soul","floor":35},{"not_picked":["Inflame","Shrug It Off"],"picked":"Twin Strike","floor":40},{"not_picked":["Shrug It Off","Body Slam"],"picked":"Battle Trance","floor":42},{"not_picked":["Headbutt","Body Slam"],"picked":"Sword Boomerang","floor":48}],"player_experience":0,"potions_floor_usage":[16,23,30,33,33,40,40,48,50],"damage_taken":[{"damage":6,"enemies":"Jaw Worm","floor":1,"turns":6},{"damage":2,"enemies":"2 Louse","floor":2,"turns":3},{"damage":4,"enemies":"Small Slimes","floor":3,"turns":4},{"damage":2,"enemies":"Blue Slaver","floor":6,"turns":2},{"damage":9,"enemies":"3 Sentries","floor":10,"turns":5},{"damage":0,"enemies":"3 Louse","floor":11,"turns":2},{"damage":14,"enemies":"Gremlin Nob","floor":13,"turns":3},{"damage":0,"enemies":"Gremlin Gang","floor":14,"turns":1},{"damage":64,"enemies":"The Guardian","floor":16,"turns":7},{"damage":20,"enemies":"2 Thieves","floor":18,"turns":3},{"damage":0,"enemies":"Chosen","floor":20,"turns":2},{"damage":25,"enemies":"Book of Stabbing","floor":23,"turns":3},{"damage":51,"enemies":"Slavers","floor":25,"turns":3},{"damage":15,"enemies":"Snecko","floor":27,"turns":4},{"damage":14,"enemies":"Slaver and Parasite","floor":28,"turns":4},{"damage":5,"enemies":"Snake Plant","floor":30,"turns":2},{"damage":12,"enemies":"Chosen and Byrds","floor":31,"turns":4},{"damage":81,"enemies":"Champ","floor":33,"turns":8},{"damage":18,"enemies":"3 Shapes","floor":35,"turns":3},{"damage":12,"enemies":"Flame Bruiser 1 Orb","floor":36,"turns":3},{"damage":42,"enemies":"Giant Head","floor":40,"turns":7},{"damage":17,"enemies":"Maw","floor":42,"turns":5},{"damage":6,"enemies":"4 Shapes","floor":45,"turns":1},{"damage":3,"enemies":"Spire Growth","floor":48,"turns":3},{"damage":76,"enemies":"Awakened One","floor":50,"turns":7}],"event_choices":[{"event_name":"Scrap Ooze","player_choice":"success","floor":4,"damage_taken":12},{"event_name":"The Cleric","player_choice":"Card Removal","floor":5,"damage_taken":0},{"event_name":"Living Wall","player_choice":"Forget","floor":7,"damage_taken":0},{"event_name":"Match and Keep!","player_choice":"0 cards matched","floor":19,"damage_taken":0},{"event_name":"Forgotten Altar","player_choice":"Shed Blood","floor":22,"damage_taken":0},{"event_name":"Beggar","player_choice":"Gave Gold","floor":29,"damage_taken":0},{"event_name":"Purifier","player_choice":"One Purge","floor":37,"damage_taken":0}],"boss_relics":[{"not_picked":["White Beast Statue","Tiny House"],"picked":"Lizard Tail"},{"not_picked":["Runic Dome","Philosopher\u0027s Stone"],"picked":"Eternal Feather"}],"potions_floor_spawned":[6,10,16,18,27,28,33,35,36,48],"seed_played":"1812241145890705430","ascension_level":0,"is_trial":false}