{"gold_per_floor":[114,114,129,129,144,144,159,174,174,62,62,62,77,92,92,192,192,207,222,55,70,70,70,130,145,170,170,200,5,5,35,35,35],"floor_reached":33,"playtime":1856,"items_purged":["Redo","Strike_G","Strike_G"],"score":297,"play_id":"82bee141-fa7e-4300-bae8-488021a02c25","local_time":"20190601100126","daily_mods":["Specialized","Blue Cards","Binary"],"is_ascension_mode":false,"campfire_choices":[{"data":"Neutralize","floor":6,"key":"SMITH"},{"data":"Distraction","floor":11,"key":"SMITH"},{"floor":15,"key":"REST"},{"data":"Sucker Punch","floor":23,"key":"SMITH"},{"floor":27,"key":"REST"},{"data":"Bouncing Flask","floor":30,"key":"SMITH"},{"floor":32,"key":"REST"}],"neow_cost":"","seed_source_timestamp":0,"circlet_count":0,"master_deck":["Defend_G","Defend_G","Defend_G","Defend_G","Defend_G","Strike_G","Strike_G","Survivor","Neutralize+1","Redo+1","Redo+1","Ball Lightning","Dagger Spray","Ball Lightning","Rebound","Distraction+1","Prepared","Deadly Poison","All For One","Skewer+1","FTL","Turbo","Acrobatics","Sucker Punch+1","Stack","Terror","Static Discharge","Bouncing Flask+1","Aggregate+1"],"special_seed":18048,"relics":["Ring of the Snake","Mercury Hourglass","Anchor","Empty Cage","Tiny Chest","Regal Pillow","Oddly Smooth Stone","Ginger"],"potions_floor_usage":[16,16,28,33,33],"damage_taken":[{"damage":14,"enemies":"Small Slimes","floor":1,"turns":7},{"damage":1,"enemies":"Cultist","floor":3,"turns":4},{"damage":0,"enemies":"Jaw Worm","floor":5,"turns":3},{"damage":10,"enemies":"Exordium Wildlife","floor":7,"turns":3},{"damage":1,"enemies":"Exordium Thugs","floor":8,"turns":3},{"damage":4,"enemies":"2 Fungi Beasts","floor":13,"turns":3},{"damage":0,"enemies":"3 Louse","floor":14,"turns":2},{"damage":33,"enemies":"Hexaghost","floor":16,"turns":10},{"damage":0,"enemies":"Chosen","floor":18,"turns":3},{"damage":9,"enemies":"2 Thieves","floor":19,"turns":3},{"damage":7,"enemies":"Cultist and Chosen","floor":21,"turns":5},{"damage":17,"enemies":"Gremlin Leader","floor":24,"turns":5},{"damage":22,"enemies":"Sentry and Sphere","floor":25,"turns":4},{"damage":21,"enemies":"Book of Stabbing","floor":28,"turns":6},{"damage":42,"enemies":"Slavers","floor":31,"turns":4},{"damage":52,"enemies":"Collector","floor":33,"turns":5}],"seed_played":"2544151343285503633","potions_obtained":[{"floor":5,"key":"Ancient Potion"},{"floor":8,"key":"EssenceOfSteel"},{"floor":14,"key":"AttackPotion"},{"floor":21,"key":"Energy Potion"},{"floor":28,"key":"FearPotion"},{"floor":31,"key":"Explosive Potion"}],"is_trial":false,"path_per_floor":["M","?","M","?","M","R","M","M","T","$","R","T","M","M","R","B",null,"M","M","$","M","?","R","E","M","T","R","E","$","R","E","R","B"],"character_chosen":"THE_SILENT","items_purchased":["Distraction","Turbo","Acrobatics","Bouncing Flask"],"campfire_rested":3,"item_purchase_floors":[10,20,20,29],"current_hp_per_floor":[56,61,60,46,46,46,36,35,35,35,35,35,31,31,52,19,70,70,61,61,54,70,70,53,31,31,67,46,46,46,4,40,0],"gold":35,"neow_bonus":"","is_prod":false,"is_daily":true,"chose_seed":false,"campfire_upgraded":4,"win_rate":0,"timestamp":1559397686,"path_taken":["M","?","?","?","M","R","M","M","T","$","R","?","M","?","R","BOSS","M","M","$","M","?","R","E","M","T","R","E","$","R","E","R","BOSS"],"build_version":"2019-01-23","purchased_purges":3,"victory":false,"max_hp_per_floor":[70,70,70,70,70,70,70,70,70,70,70,70,70,70,70,70,70,70,70,70,70,70,70,70,70,70,70,70,70,70,70,70,70],"card_choices":[{"not_picked":["Noxious Fumes"],"picked":"Ball Lightning","floor":1},{"not_picked":["Loop"],"picked":"Dagger Spray","floor":3},{"not_picked":["Heel Hook"],"picked":"Ball Lightning","floor":5},{"not_picked":["Tactician"],"picked":"Rebound","floor":7},{"not_picked":["Beam Cell","Deflect"],"picked":"SKIP","floor":8},{"not_picked":["Gash"],"picked":"Prepared","floor":13},{"not_picked":["Outmaneuver"],"picked":"Deadly Poison","floor":14},{"not_picked":["Electrodynamics"],"picked":"All For One","floor":16},{"not_picked":["Rebound+1"],"picked":"Skewer+1","floor":18},{"not_picked":["Dagger Spray"],"picked":"FTL","floor":19},{"not_picked":["Dagger Spray+1"],"picked":"Sucker Punch","floor":21},{"not_picked":["Rebound"],"picked":"Stack","floor":24},{"not_picked":["Chill"],"picked":"Terror","floor":25},{"not_picked":["Predator"],"picked":"Static Discharge","floor":28},{"not_picked":["Eviscerate"],"picked":"Aggregate+1","floor":31}],"player_experience":48187,"relics_obtained":[{"floor":9,"key":"Mercury Hourglass"},{"floor":12,"key":"Anchor"},{"floor":24,"key":"Tiny Chest"},{"floor":26,"key":"Regal Pillow"},{"floor":28,"key":"Oddly Smooth Stone"},{"floor":31,"key":"Ginger"}],"event_choices":[{"cards_removed":["Redo"],"damage_healed":5,"gold_gain":0,"player_choice":"Offered Common","damage_taken":0,"max_hp_gain":0,"max_hp_loss":0,"event_name":"Bonfire Elementals","floor":2,"gold_loss":0},{"cards_removed":["Redo"],"damage_healed":5,"gold_gain":0,"player_choice":"Offered Special","damage_taken":0,"max_hp_gain":0,"max_hp_loss":0,"event_name":"Bonfire Elementals","floor":2,"gold_loss":0},{"damage_healed":0,"gold_gain":0,"player_choice":"Entered Light","damage_taken":14,"max_hp_gain":0,"max_hp_loss":0,"event_name":"Shining Light","floor":4,"gold_loss":0,"cards_upgraded":["Redo","Redo"]},{"damage_healed":23,"gold_gain":0,"player_choice":"Heal","damage_taken":0,"max_hp_gain":0,"max_hp_loss":0,"event_name":"The Library","floor":22,"gold_loss":0}],"is_beta":false,"boss_relics":[{"not_picked":["Eternal Feather","Orrery"],"picked":"Empty Cage"}],"items_purged_floors":[10,20,29],"is_endless":false,"potions_floor_spawned":[5,8,14,21,28,31],"killed_by":"Collector","ascension_level":0}