{"gold_per_floor":[115,115,131,306,306,306,340,340,340,340,364,385,25,50,50,170,170,185,185,200,115,115,149,1,22,48,48],"floor_reached":27,"playtime":855,"items_purged":["Doubt"],"score":231,"play_id":"ac10f79c-0b60-44ad-a0f2-c939ae59be61","local_time":"20181129113935","is_ascension_mode":false,"campfire_choices":[{"data":"White Noise","floor":6,"key":"SMITH"},{"floor":8,"key":"REST"},{"floor":10,"key":"REST"},{"data":"Storm","floor":15,"key":"SMITH"}],"neow_cost":"TEN_PERCENT_HP_LOSS","seed_source_timestamp":1167251993050134,"circlet_count":0,"master_deck":["Strike_B+1","Strike_B+1","Strike_B+1","Strike_B+1","Defend_B+1","Defend_B+1","Defend_B+1","Defend_B+1","Zap","Dualcast","Machine Learning","White Noise+1","Hello World","Storm+1","Heatsinks","Force Field","Hello World","Storm","Biased Cognition","Leap","Self Repair","Seek","Defragment"],"relics":["Cracked Core","Golden Idol","Omamori","Cables","Question Card","Inserter","Gambling Chip","Bottled Tornado","Vajra"],"potions_floor_usage":[11,16,20,23,25],"damage_taken":[{"damage":10,"enemies":"Jaw Worm","floor":1,"turns":4},{"damage":10,"enemies":"Small Slimes","floor":3,"turns":3},{"damage":40,"enemies":"Lagavulin","floor":7,"turns":6},{"damage":0,"enemies":"2 Louse","floor":11,"turns":2},{"damage":14,"enemies":"Blue Slaver","floor":12,"turns":4},{"damage":4,"enemies":"3 Louse","floor":14,"turns":3},{"damage":7,"enemies":"Hexaghost","floor":16,"turns":7},{"damage":20,"enemies":"2 Thieves","floor":18,"turns":3},{"damage":0,"enemies":"3 Byrds","floor":20,"turns":2},{"damage":28,"enemies":"Gremlin Leader","floor":23,"turns":6},{"damage":2,"enemies":"Cultist and Chosen","floor":25,"turns":4},{"damage":10,"enemies":"3 Cultists","floor":27,"turns":3}],"seed_played":"-8491294498593391773","potions_obtained":[{"floor":7,"key":"Fire Potion"},{"floor":14,"key":"Block Potion"},{"floor":16,"key":"EssenceOfSteel"},{"floor":18,"key":"Block Potion"}],"is_trial":false,"path_per_floor":["M","?","M","?","?","R","E","R","T","R","M","M","$","M","R","B",null,"M","?","M","?","?","E","$","M","T","M"],"character_chosen":"DEFECT","items_purchased":["Question Card","Hello World","Seek","Ancient Potion"],"campfire_rested":2,"item_purchase_floors":[13,13,24,24],"current_hp_per_floor":[58,41,31,31,53,53,13,33,33,53,53,39,39,35,35,28,68,48,48,48,48,32,4,4,2,2,0],"gold":48,"neow_bonus":"THREE_RARE_CARDS","is_prod":false,"is_daily":false,"chose_seed":false,"campfire_upgraded":2,"win_rate":0,"timestamp":1543513175,"path_taken":["M","?","M","?","?","R","E","R","T","R","M","M","$","?","R","BOSS","M","?","M","?","?","E","?","M","T","M"],"build_version":"2018-11-15","purchased_purges":1,"victory":false,"max_hp_per_floor":[68,68,68,68,68,68,68,68,68,68,68,68,68,68,68,68,68,68,68,68,68,68,68,68,68,68,68],"card_choices":[{"not_picked":["Meteor Strike","Multi-Cast"],"picked":"Machine Learning","floor":0},{"not_picked":["Turbo","Sweeping Beam"],"picked":"White Noise","floor":1},{"not_picked":["Leap","Double Energy"],"picked":"Hello World","floor":3},{"not_picked":["Chill","Turbo"],"picked":"Storm","floor":7},{"not_picked":["FTL","Double Energy"],"picked":"Heatsinks","floor":11},{"not_picked":["Stack","Gash"],"picked":"Force Field","floor":12},{"not_picked":["Turbo","Defragment","Beam Cell"],"picked":"Storm","floor":14},{"not_picked":["Machine Learning","Reboot","Core Surge"],"picked":"Biased Cognition","floor":16},{"not_picked":["Coolheaded","Go for the Eyes","Skim"],"picked":"Leap","floor":18},{"not_picked":["Leap","Coolheaded","Hologram","Scrape+1"],"picked":"SKIP","floor":20},{"not_picked":["Coolheaded+1","Conserve Battery","Redo"],"picked":"Self Repair","floor":23},{"not_picked":["Turbo","Hyperbeam","Hologram"],"picked":"Defragment","floor":25}],"player_experience":285787,"relics_obtained":[{"floor":7,"key":"Omamori"},{"floor":9,"key":"Cables"},{"floor":23,"key":"Bottled Tornado"},{"floor":26,"key":"Vajra"}],"event_choices":[{"damage_healed":0,"gold_gain":0,"player_choice":"Take Damage","damage_taken":17,"relics_obtained":["Golden Idol"],"max_hp_gain":0,"max_hp_loss":0,"event_name":"Golden Idol","floor":2,"gold_loss":0},{"damage_healed":0,"gold_gain":175,"player_choice":"AGREE","damage_taken":0,"max_hp_gain":0,"max_hp_loss":0,"event_name":"Liars Game","floor":4,"gold_loss":0,"cards_obtained":["Doubt"]},{"damage_healed":22,"gold_gain":0,"player_choice":"Banana","damage_taken":0,"max_hp_gain":0,"max_hp_loss":0,"event_name":"Big Fish","floor":5,"gold_loss":0},{"damage_healed":0,"gold_gain":0,"player_choice":"Simplicity","damage_taken":0,"max_hp_gain":0,"max_hp_loss":0,"event_name":"Back to Basics","floor":19,"gold_loss":0,"cards_upgraded":["Strike_B","Strike_B","Strike_B","Strike_B","Defend_B","Defend_B","Defend_B","Defend_B"]},{"damage_healed":0,"gold_gain":0,"player_choice":"Obtained Relic","damage_taken":0,"relics_obtained":["Gambling Chip"],"max_hp_gain":0,"max_hp_loss":0,"event_name":"Addict","floor":21,"gold_loss":85},{"damage_healed":0,"gold_gain":0,"player_choice":"Obtained Book","damage_taken":16,"max_hp_gain":0,"max_hp_loss":0,"event_name":"Cursed Tome","floor":22,"gold_loss":0}],"is_beta":true,"boss_relics":[{"not_picked":["Pandora\u0027s Box","Lizard Tail"],"picked":"Inserter"}],"items_purged_floors":[13],"is_endless":false,"potions_floor_spawned":[7,14,16,18],"killed_by":"3 Cultists","ascension_level":0}