{"gold_per_floor":[115,115,115,129,54,86,86,86,112,124,134,148,161,180,180,278,278,298,213,213,225,237,269,269,300,300,300,313,313,313,313,313,313],"floor_reached":33,"playtime":3009,"items_purged":["Strike_G"],"score":337,"play_id":"b3d8ad08-335b-4b41-b0b4-79f58f84e13e","local_time":"20190202165838","is_ascension_mode":false,"campfire_choices":[{"data":"Infinite Blades","floor":7,"key":"SMITH"},{"data":"Backflip","floor":15,"key":"SMITH"},{"data":"Neutralize","floor":24,"key":"SMITH"},{"data":"After Image","floor":27,"key":"SMITH"},{"floor":29,"key":"DIG"},{"floor":32,"key":"DIG"}],"neow_cost":"NONE","seed_source_timestamp":456072013294288,"circlet_count":0,"master_deck":["Defend_G+1","Defend_G","Defend_G","Defend_G","Survivor","Neutralize+1","Acrobatics","Cloak And Dagger","Infinite Blades+1","Slice","Backflip+1","Well Laid Plans","Blur","After Image+1","Prepared+1","Deflect","Deflect","Cloak And Dagger+1","Deflect+1","Writhe","Bite","Bite","Bite","Bite","Bite"],"relics":["Ring of the Snake","NeowsBlessing","Pantograph","Bag of Marbles","Busted Crown","PreservedInsect","Dream Catcher","Pear","Shovel","Bottled Flame","Art of War","Pen Nib"],"potions_floor_usage":[13,16,22,22,33,33,33],"damage_taken":[{"damage":0,"enemies":"Cultist","floor":1,"turns":1},{"damage":0,"enemies":"Small Slimes","floor":4,"turns":1},{"damage":0,"enemies":"Lagavulin","floor":6,"turns":1},{"damage":0,"enemies":"2 Louse","floor":10,"turns":3},{"damage":0,"enemies":"Looter","floor":11,"turns":3},{"damage":2,"enemies":"Blue Slaver","floor":12,"turns":4},{"damage":0,"enemies":"Gremlin Gang","floor":13,"turns":2},{"damage":0,"enemies":"3 Louse","floor":14,"turns":3},{"damage":23,"enemies":"The Guardian","floor":16,"turns":17},{"damage":0,"enemies":"Chosen","floor":18,"turns":7},{"damage":0,"enemies":"Shell Parasite","floor":21,"turns":9},{"damage":0,"enemies":"Centurion and Healer","floor":22,"turns":17},{"damage":1,"enemies":"Book of Stabbing","floor":23,"turns":9},{"damage":17,"enemies":"Slavers","floor":25,"turns":9},{"damage":0,"enemies":"Snake Plant","floor":28,"turns":9},{"damage":130,"enemies":"Champ","floor":33,"turns":34}],"seed_played":"-4542022521686809762","potions_obtained":[{"floor":1,"key":"Explosive Potion"},{"floor":10,"key":"EssenceOfSteel"},{"floor":14,"key":"SkillPotion"},{"floor":20,"key":"AttackPotion"},{"floor":20,"key":"Weak Potion"},{"floor":23,"key":"SpeedPotion"},{"floor":25,"key":"Regen Potion"}],"is_trial":false,"path_per_floor":["M","?","?","M","$","E","R","?","T","M","M","M","M","M","R","B",null,"M","?","?","M","M","E","R","E","T","R","M","R","?","?","R","B"],"character_chosen":"THE_SILENT","items_purchased":[],"campfire_rested":0,"item_purchase_floors":[],"current_hp_per_floor":[70,75,75,75,75,75,75,60,60,60,60,58,58,58,58,52,75,75,75,75,75,75,74,74,67,67,67,67,67,67,59,59,0],"gold":313,"neow_bonus":"THREE_ENEMY_KILL","is_prod":false,"is_daily":false,"chose_seed":false,"campfire_upgraded":4,"win_rate":0,"timestamp":1549094318,"path_taken":["M","?","?","?","?","E","R","?","T","M","M","M","M","M","R","BOSS","M","?","?","M","?","E","R","E","T","R","M","R","?","?","R","BOSS"],"build_version":"2019-01-23","purchased_purges":1,"victory":false,"max_hp_per_floor":[70,75,75,75,75,75,75,75,75,75,75,75,75,75,75,75,75,75,75,75,75,75,75,75,85,85,85,85,85,85,59,59,59],"card_choices":[{"not_picked":["Prepared","Expertise"],"picked":"Acrobatics","floor":1},{"not_picked":["Bane","Escape Plan"],"picked":"Cloak And Dagger","floor":4},{"not_picked":["Eviscerate","Underhanded Strike"],"picked":"Infinite Blades","floor":6},{"not_picked":["Dodge and Roll","Quick Slash","Blade Dance"],"picked":"SKIP","floor":10},{"not_picked":["Grand Finale","Distraction"],"picked":"Slice","floor":11},{"not_picked":["Dagger Spray","Dagger Throw"],"picked":"Backflip","floor":12},{"not_picked":["Sucker Punch","Underhanded Strike"],"picked":"Well Laid Plans","floor":13},{"not_picked":["Dagger Spray","Terror"],"picked":"Blur","floor":14},{"not_picked":["Grand Finale","Doppelganger"],"picked":"After Image","floor":16},{"not_picked":[],"picked":"Prepared+1","floor":18},{"not_picked":[],"picked":"Deflect","floor":21},{"not_picked":[],"picked":"Deflect","floor":22},{"not_picked":["Sucker Punch"],"picked":"SKIP","floor":23},{"not_picked":[],"picked":"Cloak And Dagger+1","floor":25},{"not_picked":[],"picked":"Deflect+1","floor":28}],"player_experience":83890,"relics_obtained":[{"floor":6,"key":"Pantograph"},{"floor":9,"key":"Bag of Marbles"},{"floor":23,"key":"Dream Catcher"},{"floor":25,"key":"Pear"},{"floor":26,"key":"Shovel"},{"floor":29,"key":"Bottled Flame"},{"floor":32,"key":"Pen Nib"}],"event_choices":[{"damage_healed":0,"gold_gain":0,"player_choice":"Donut","damage_taken":0,"max_hp_gain":5,"max_hp_loss":0,"event_name":"Big Fish","floor":2,"gold_loss":0},{"cards_removed":["Defend_G"],"damage_healed":0,"gold_gain":0,"player_choice":"Card Removal","damage_taken":0,"max_hp_gain":0,"max_hp_loss":0,"event_name":"Wheel of Change","floor":3,"gold_loss":0},{"damage_healed":0,"gold_gain":0,"player_choice":"Entered Light","damage_taken":15,"max_hp_gain":0,"max_hp_loss":0,"event_name":"Shining Light","floor":8,"gold_loss":0,"cards_upgraded":["Defend_G","Strike_G"]},{"damage_healed":0,"gold_gain":0,"player_choice":"Obtained Relic","damage_taken":0,"relics_obtained":["PreservedInsect"],"max_hp_gain":0,"max_hp_loss":0,"event_name":"Addict","floor":19,"gold_loss":85},{"damage_healed":0,"gold_gain":0,"player_choice":"Got Potions","damage_taken":0,"max_hp_gain":0,"max_hp_loss":0,"event_name":"Lab","floor":20,"gold_loss":0},{"damage_healed":0,"gold_gain":0,"player_choice":"Opened","damage_taken":0,"relics_obtained":["Art of War"],"max_hp_gain":0,"max_hp_loss":0,"event_name":"The Mausoleum","floor":30,"gold_loss":0,"cards_obtained":["Writhe"]},{"damage_healed":0,"gold_gain":0,"player_choice":"Became a vampire","damage_taken":0,"max_hp_gain":0,"max_hp_loss":26,"event_name":"Vampires","floor":31,"gold_loss":0,"cards_obtained":["Bite","Bite","Bite","Bite","Bite"]}],"is_beta":false,"boss_relics":[{"not_picked":["Runic Dome","Empty Cage"],"picked":"Busted Crown"}],"items_purged_floors":[5],"is_endless":false,"potions_floor_spawned":[1,10,14,23,25],"killed_by":"Champ","ascension_level":0}