{"gold_per_floor":[114,114,79,94,169,169,202,202,273,283,313,313,323,27,27,27],"floor_reached":16,"playtime":547,"items_purged":[],"score":133,"play_id":"0ac7ea01-0f3b-40b5-a3db-0726ba814dbf","local_time":"20190910140435","is_ascension_mode":false,"campfire_choices":[{"data":"Protect","floor":6,"key":"SMITH"},{"data":"Worship","floor":8,"key":"SMITH"},{"data":"SpiritShield","floor":12,"key":"SMITH"},{"data":"Prostrate","floor":15,"key":"SMITH"}],"neow_cost":"NONE","seed_source_timestamp":243014153662249,"circlet_count":0,"master_deck":["Strike_P","Strike_P","Strike_P","Defend_P","Defend_P","Defend_P","Defend_P","Eruption","Vigilance","Protect+1","Conclude","Worship+1","JustLucky","SpiritShield+1","Prostrate+1"],"relics":["PureWater","NeowsBlessing","Meat on the Bone","Pear","StoneCalendar","WingedGreaves"],"potions_floor_usage":[10,11,13],"damage_taken":[{"damage":0,"enemies":"Small Slimes","floor":1,"turns":1},{"damage":0,"enemies":"2 Louse","floor":4,"turns":2},{"damage":0,"enemies":"Gremlin Nob","floor":7,"turns":1},{"damage":9,"enemies":"Cultist","floor":10,"turns":4},{"damage":41,"enemies":"3 Sentries","floor":11,"turns":9},{"damage":12,"enemies":"Blue Slaver","floor":13,"turns":7},{"damage":33,"enemies":"Hexaghost","floor":16,"turns":10}],"seed_played":"7860106404228623416","potions_obtained":[{"floor":4,"key":"StancePotion"},{"floor":7,"key":"GamblersBrew"},{"floor":10,"key":"Energy Potion"},{"floor":13,"key":"Fire Potion"}],"is_trial":false,"path_per_floor":["M","?","?","M","?","R","E","R","T","M","E","R","M","$","R","B"],"character_chosen":"WATCHER","items_purchased":["WingedGreaves"],"campfire_rested":0,"item_purchase_floors":[14],"current_hp_per_floor":[65,58,65,65,54,54,54,54,64,55,26,26,26,26,26,0],"gold":27,"neow_bonus":"THREE_ENEMY_KILL","is_prod":false,"is_daily":false,"chose_seed":false,"campfire_upgraded":4,"win_rate":0.0,"timestamp":1568138675,"path_taken":["M","?","?","M","?","R","E","R","T","M","E","R","M","$","R","BOSS"],"build_version":"2019-09-09v2","purchased_purges":0,"victory":false,"max_hp_per_floor":[65,65,65,65,65,65,65,65,75,75,75,75,75,75,75,75],"card_choices":[{"not_picked":["EmptyMind","DeceiveReality"],"picked":"Protect","floor":1},{"not_picked":["CarveReality","Swivel"],"picked":"Conclude","floor":4},{"not_picked":["CrushJoints","FlyingSleeves"],"picked":"Worship","floor":7},{"not_picked":["ThirdEye","Sanctity"],"picked":"JustLucky","floor":10},{"not_picked":["Consecrate","EmptyBody"],"picked":"SpiritShield","floor":11},{"not_picked":["Evaluate","Sanctity"],"picked":"Prostrate","floor":13}],"player_experience":168577,"relics_obtained":[{"floor":7,"key":"Meat on the Bone"},{"floor":9,"key":"Pear"},{"floor":11,"key":"StoneCalendar"}],"event_choices":[{"cards_removed":["Strike_P"],"damage_healed":0,"gold_gain":0,"player_choice":"Card Removal","damage_taken":7,"max_hp_gain":0,"max_hp_loss":0,"event_name":"Golden Wing","floor":2,"gold_loss":0},{"damage_healed":16,"gold_gain":0,"player_choice":"Healed","damage_taken":0,"max_hp_gain":0,"max_hp_loss":0,"event_name":"The Cleric","floor":3,"gold_loss":35},{"damage_healed":0,"gold_gain":75,"player_choice":"Gather Gold","damage_taken":11,"max_hp_gain":0,"max_hp_loss":0,"event_name":"World of Goop","floor":5,"gold_loss":0}],"is_beta":true,"boss_relics":[],"items_purged_floors":[],"is_endless":false,"potions_floor_spawned":[4,7,10,13],"killed_by":"Hexaghost","ascension_level":0}