{"gold_per_floor":[115,131,131,141,153,153,153,184,184,197,208,225,400,410,410,410],"floor_reached":16,"playtime":774,"items_purged":[],"score":163,"play_id":"4487b181-46d0-4683-b81f-1a6871aa7b48","local_time":"20190625020148","is_ascension_mode":true,"campfire_choices":[{"data":"Corruption","floor":6,"key":"SMITH"},{"floor":15,"key":"REST"}],"neow_cost":"PERCENT_DAMAGE","seed_source_timestamp":1154160268906665,"circlet_count":0,"master_deck":["Strike_R","Strike_R","Strike_R","Strike_R+1","Strike_R","Defend_R","Defend_R","Defend_R","Defend_R+1","Bash","Flame Barrier","Clash","Corruption+1","Rage","Infernal Blade","Shockwave","Doubt","Warcry"],"relics":["Burning Blood","Potion Belt","Bottled Lightning"],"potions_floor_usage":[11,11,16],"damage_taken":[{"damage":2,"enemies":"Small Slimes","floor":1,"turns":4},{"damage":2,"enemies":"2 Louse","floor":2,"turns":4},{"damage":2,"enemies":"Jaw Worm","floor":4,"turns":3},{"damage":31,"enemies":"Gremlin Gang","floor":5,"turns":8},{"damage":32,"enemies":"Gremlin Nob","floor":8,"turns":4},{"damage":1,"enemies":"2 Fungi Beasts","floor":10,"turns":3},{"damage":13,"enemies":"Large Slime","floor":11,"turns":5},{"damage":1,"enemies":"Looter","floor":12,"turns":4},{"damage":4,"enemies":"Blue Slaver","floor":14,"turns":4},{"damage":43,"enemies":"Hexaghost","floor":16,"turns":10}],"seed_played":"8545148945590933240","potions_obtained":[{"floor":1,"key":"GamblersBrew"},{"floor":5,"key":"Ancient Potion"},{"floor":8,"key":"Block Potion"},{"floor":11,"key":"Weak Potion"}],"is_trial":false,"path_per_floor":["M","M","?","M","M","R","?","E","T","M","M","M","?","M","R","B"],"character_chosen":"IRONCLAD","items_purchased":[],"campfire_rested":1,"item_purchase_floors":[],"current_hp_per_floor":[71,75,56,60,35,35,35,9,9,14,7,12,12,14,42,0],"gold":410,"neow_bonus":"TWENTY_PERCENT_HP_BONUS","is_prod":false,"is_daily":false,"chose_seed":false,"campfire_upgraded":1,"win_rate":0,"timestamp":1561442508,"path_taken":["M","M","?","M","M","R","?","E","T","M","?","?","?","M","R","BOSS"],"build_version":"2019-01-23","purchased_purges":0,"victory":false,"max_hp_per_floor":[96,96,96,96,96,96,96,96,96,96,96,96,96,96,96,96],"card_choices":[{"not_picked":["Heavy Blade","Perfected Strike"],"picked":"Flame Barrier","floor":1},{"not_picked":["True Grit","Anger","Sever Soul"],"picked":"SKIP","floor":2},{"not_picked":["Body Slam","Warcry"],"picked":"Clash","floor":4},{"not_picked":["Flex","Rampage"],"picked":"Corruption","floor":5},{"not_picked":["Sword Boomerang","Immolate","Twin Strike"],"picked":"SKIP","floor":8},{"not_picked":["Burning Pact","Second Wind"],"picked":"Rage","floor":10},{"not_picked":["Warcry","Headbutt"],"picked":"Infernal Blade","floor":11},{"not_picked":["Anger","Sword Boomerang"],"picked":"Shockwave","floor":12},{"not_picked":["Berserk","True Grit"],"picked":"Warcry","floor":14}],"player_experience":562411,"relics_obtained":[{"floor":8,"key":"Potion Belt"},{"floor":9,"key":"Bottled Lightning"}],"event_choices":[{"damage_healed":0,"gold_gain":0,"player_choice":"Entered Light","damage_taken":19,"max_hp_gain":0,"max_hp_loss":0,"event_name":"Shining Light","floor":3,"gold_loss":0,"cards_upgraded":["Defend_R","Strike_R"]},{"damage_healed":0,"gold_gain":0,"player_choice":"Fled","damage_taken":0,"max_hp_gain":0,"max_hp_loss":0,"event_name":"Scrap Ooze","floor":7,"gold_loss":0},{"damage_healed":0,"gold_gain":175,"player_choice":"AGREE","damage_taken":0,"max_hp_gain":0,"max_hp_loss":0,"event_name":"Liars Game","floor":13,"gold_loss":0,"cards_obtained":["Doubt"]}],"is_beta":false,"boss_relics":[],"items_purged_floors":[],"is_endless":false,"potions_floor_spawned":[1,5,8,11],"killed_by":"Hexaghost","ascension_level":6}