{"gold_per_floor":[113,126,136,214,234,234,296,312,388,403,403,463,463,475,475,580,580,546,546,558,572,572,572,572],"floor_reached":24,"playtime":1435,"items_purged":[],"score":200,"play_id":"9a395af9-5812-4904-b592-c5e1a21c81fd","local_time":"20190203235027","is_ascension_mode":false,"campfire_choices":[{"data":"Loop","floor":6.0,"key":"SMITH"},{"data":"Dualcast","floor":11.0,"key":"SMITH"},{"data":"Zap","floor":15.0,"key":"SMITH"},{"data":"Echo Form","floor":23,"key":"SMITH"}],"neow_cost":"NONE","seed_source_timestamp":0,"circlet_count":0,"master_deck":["Strike_B+1","Strike_B+1","Strike_B+1","Defend_B+1","Defend_B+1","Defend_B+1","Defend_B+1","Zap+1","Dualcast+1","Glacier","Ball Lightning","Loop+1","BootSequence","Conserve Battery","Echo Form+1","Capacitor","Leap+1"],"special_seed":0,"relics":["Cracked Core","Bottled Flame","Tiny Chest","The Courier","Juzu Bracelet","Darkstone Periapt","Black Star"],"potions_floor_usage":[24],"damage_taken":[{"damage":0.0,"enemies":"Cultist","floor":1.0,"turns":3.0},{"damage":0.0,"enemies":"2 Louse","floor":2.0,"turns":3.0},{"damage":0.0,"enemies":"Jaw Worm","floor":3.0,"turns":3.0},{"damage":0.0,"enemies":"Looter","floor":5.0,"turns":4.0},{"damage":19.0,"enemies":"Gremlin Nob","floor":7.0,"turns":4.0},{"damage":0.0,"enemies":"Large Slime","floor":8.0,"turns":6.0},{"damage":4.0,"enemies":"Lots of Slimes","floor":10.0,"turns":5.0},{"damage":20.0,"enemies":"Lagavulin Event","floor":12.0,"turns":5.0},{"damage":0.0,"enemies":"Looter","floor":14.0,"turns":2.0},{"damage":3.0,"enemies":"The Guardian","floor":16.0,"turns":12.0},{"damage":16.0,"enemies":"2 Thieves","floor":18.0,"turns":5.0},{"damage":5.0,"enemies":"Spheric Guardian","floor":20.0,"turns":4.0},{"damage":21,"enemies":"Shelled Parasite and Fungi","floor":21,"turns":7},{"damage":36,"enemies":"Book of Stabbing","floor":24,"turns":7}],"seed_played":"-1217622965961389505","potions_obtained":[{"floor":1.0,"key":"Explosive Potion"},{"floor":3.0,"key":"SteroidPotion"},{"floor":7.0,"key":"EssenceOfSteel"},{"floor":14.0,"key":"Dexterity Potion"}],"is_trial":false,"path_per_floor":["M","M","M","T","M","R","E","M","T","M","R","?","T","M","R","B",null,"M","?","M","M","?","R","E"],"character_chosen":"DEFECT","items_purchased":[],"campfire_rested":0,"item_purchase_floors":[],"current_hp_per_floor":[75,75,75,75,75,75,56,56,56,52,52,32,32,32,32,29,75,59,59,54,33,33,33,0],"gold":572,"neow_bonus":"REMOVE_CARD","is_prod":false,"is_daily":false,"chose_seed":false,"campfire_upgraded":4,"win_rate":0,"timestamp":1549205427,"path_taken":["M","?","M","?","M","R","E","M","T","M","R","?","?","M","R","BOSS","M","?","M","M","?","R","E"],"build_version":"2019-01-23","purchased_purges":0,"victory":false,"max_hp_per_floor":[75,75,75,75,75,75,75,75,75,75,75,75,75,75,75,75,75,75,75,75,75,75,75,75],"card_choices":[{"not_picked":["Self Repair","Hello World"],"picked":"Glacier","floor":1.0},{"not_picked":["Barrage","Redo"],"picked":"Ball Lightning","floor":2.0},{"not_picked":["Gash","Stack","Cold Snap"],"picked":"SKIP","floor":3.0},{"not_picked":["Leap","Beam Cell"],"picked":"Loop","floor":5.0},{"not_picked":["Seek","Chill"],"picked":"BootSequence","floor":7.0},{"not_picked":["Ball Lightning","Stack","Force Field"],"picked":"SKIP","floor":8.0},{"not_picked":["Streamline","Barrage","Tempest"],"picked":"SKIP","floor":10.0},{"not_picked":["Beam Cell","Steam"],"picked":"Conserve Battery","floor":14.0},{"not_picked":["Multi-Cast","All For One"],"picked":"Echo Form","floor":16.0},{"not_picked":["Reinforced Body","Gash+1"],"picked":"Capacitor","floor":18.0},{"not_picked":["Barrage","Double Energy","Chill"],"picked":"SKIP","floor":20.0},{"not_picked":["Rebound+1","Defragment"],"picked":"Leap+1","floor":21}],"player_experience":118049,"relics_obtained":[{"floor":4.0,"key":"Bottled Flame"},{"floor":7.0,"key":"Tiny Chest"},{"floor":9.0,"key":"The Courier"},{"floor":12.0,"key":"Juzu Bracelet"},{"floor":13.0,"key":"Darkstone Periapt"}],"event_choices":[{"damage_healed":0.0,"max_hp_gain":0.0,"max_hp_loss":0.0,"gold_gain":0.0,"event_name":"Dead Adventurer","player_choice":"Searched \u00272\u0027 times","floor":12.0,"gold_loss":0.0,"damage_taken":0.0},{"damage_healed":0.0,"max_hp_gain":0.0,"max_hp_loss":0.0,"gold_gain":0.0,"event_name":"Back to Basics","player_choice":"Simplicity","floor":19.0,"gold_loss":0.0,"damage_taken":0.0,"cards_upgraded":["Strike_B","Strike_B","Strike_B","Defend_B","Defend_B","Defend_B","Defend_B"]},{"damage_healed":0,"gold_gain":0,"player_choice":"Ignored","damage_taken":0,"max_hp_gain":0,"max_hp_loss":0,"event_name":"NoteForYourself","floor":22,"gold_loss":0}],"is_beta":false,"boss_relics":[{"not_picked":["White Beast Statue","Snecko Eye"],"picked":"Black Star"}],"items_purged_floors":[],"is_endless":false,"potions_floor_spawned":[1,3,7,14,18,20],"killed_by":"Book of Stabbing","ascension_level":0}