{"path_per_floor":["M","$","?","M","M","R","E","M","T","R","?","E","?","E","R","B",null,"M","?","?","M","$","R","E","R","T","R","E","M","?","M","R","B",null,"M","?","$","M","T","E","$","R","T","R","E","M","$","M","R","B"],"character_chosen":"IRONCLAD","items_purchased":["Inflame","Whetstone","Bag of Marbles","Pen Nib","Heavy Blade","Limit Break","Flex"],"gold_per_floor":[114,37,37,56,75,75,113,132,132,132,132,170,200,238,238,363,363,382,382,382,401,26,26,64,64,94,94,132,151,151,170,170,295,295,314,647,397,412,437,467,288,288,363,363,393,408,68,83,83,83],"floor_reached":51,"campfire_rested":0,"playtime":8032,"item_purchase_floors":[2,22,22,37,41,47,47],"current_hp_per_floor":[80,80,60,54,60,60,49,55,55,55,55,61,65,74,74,33,80,77,77,61,80,80,80,70,70,70,70,78,70,56,49,49,54,56,56,56,56,56,56,47,47,47,47,47,56,56,56,56,56,31],"items_purged":["Strike_R","Juggernaut+1","Writhe","Perfected Strike"],"gold":83,"score":909,"play_id":"9fb4a328-c09b-4092-9bf8-44a9eb0a2aaf","local_time":"20180615162932","daily_mods":["Brewmaster","Time Dilation","Lethality"],"is_prod":false,"is_daily":true,"chose_seed":false,"is_ascension_mode":false,"campfire_upgraded":10,"win_rate":0,"timestamp":1529072972,"campfire_choices":[{"data":"Whirlwind","floor":6,"key":"SMITH"},{"data":"Heavy Blade","floor":10,"key":"SMITH"},{"data":"Venomology","floor":15,"key":"SMITH"},{"data":"Fiend Fire","floor":23,"key":"SMITH"},{"data":"Venomology","floor":25,"key":"SMITH"},{"data":"Venomology","floor":27,"key":"SMITH"},{"data":"Sword Boomerang","floor":32,"key":"SMITH"},{"data":"Heavy Blade","floor":42,"key":"SMITH"},{"data":"Heavy Blade","floor":44,"key":"SMITH"},{"data":"Limit Break","floor":49,"key":"SMITH"}],"path_taken":["M","$","?","M","M","R","E","M","T","R","?","E","?","E","R","BOSS","M","?","?","M","$","R","E","R","T","R","E","M","?","M","R","BOSS","M","?","$","M","?","E","?","R","T","R","E","M","$","M","R","BOSS"],"build_version":"2018-06-14v2","seed_source_timestamp":6374089632737,"purchased_purges":4,"victory":true,"master_deck":["Defend_R","Defend_R","Defend_R","Defend_R","Bash","Venomology+1","Venomology+1","Venomology+1","Anger+1","Inflame","Whirlwind+1","Inflame","Inflame","Heavy Blade+1","Twin Strike","Fiend Fire+1","Wild Strike+1","Offering+1","Flame Barrier","Sword Boomerang+1","Thunderclap+1","Bite","Bite","Bite","Bite","Bite","Offering","Shrug It Off+1","Heavy Blade+1","Heavy Blade+1","Flex+1","Limit Break+1","Flex"],"max_hp_per_floor":[80,80,80,80,80,80,80,80,80,80,80,80,80,80,80,80,80,80,80,80,80,80,80,80,80,80,80,80,80,56,56,56,56,56,56,56,56,56,56,56,56,56,56,56,56,56,56,56,56,56],"special_seed":17697,"relics":["Burning Blood","White Beast Statue","Anchor","Shuriken","Magic Flower","Odd Mushroom","Bronze Scales","Astrolabe","Orichalcum","Enchiridion","Whetstone","Bag of Marbles","Oddly Smooth Stone","Tiny Chest","Omamori","Black Star","Pen Nib","Potion Belt","Gremlin Horn","Frozen Egg 2","Dodecahedron","Girya","Torii"],"card_choices":[{"not_picked":["Rampage","Intimidate"],"picked":"Anger","floor":1},{"not_picked":["Heavy Blade","Havoc"],"picked":"Whirlwind","floor":4},{"not_picked":["Shrug It Off","Power Through"],"picked":"Inflame","floor":5},{"not_picked":["Metallicize","Clothesline"],"picked":"Inflame","floor":7},{"not_picked":["Headbutt","Anger"],"picked":"Heavy Blade","floor":8},{"not_picked":["Perfected Strike","Armaments"],"picked":"Twin Strike","floor":12},{"not_picked":["Warcry","Perfected Strike","Iron Wave"],"picked":"SKIP","floor":14},{"not_picked":["Impervious","Double Tap"],"picked":"Fiend Fire","floor":16},{"not_picked":["Bloodletting+1","Havoc"],"picked":"Flame Barrier","floor":18},{"not_picked":["Rupture+1","Feel No Pain","Wild Strike+1"],"picked":"SKIP","floor":21},{"not_picked":["Barricade","Clash+1"],"picked":"Sword Boomerang","floor":24},{"not_picked":["Headbutt","Clothesline"],"picked":"Thunderclap+1","floor":28},{"not_picked":["Disarm","Spot Weakness","Reckless Charge"],"picked":"SKIP","floor":29},{"not_picked":["Wild Strike+1","Sentinel","Ghostly Armor"],"picked":"SKIP","floor":31},{"not_picked":["Dark Embrace","Impervious"],"picked":"Offering","floor":33},{"not_picked":["Second Wind","Corruption+1"],"picked":"Shrug It Off+1","floor":35},{"not_picked":["Iron Wave+1","Sentinel+1"],"picked":"Heavy Blade","floor":38},{"not_picked":["Combust+1","Evolve+1","Shrug It Off+1"],"picked":"SKIP","floor":40},{"not_picked":["Berserk+1","Rage+1"],"picked":"Flex+1","floor":45},{"not_picked":["Armaments","Battle Trance+1"],"picked":"Perfected Strike","floor":46},{"not_picked":["Warcry+1","Flex","Infernal Blade+1"],"picked":"SKIP","floor":48}],"player_experience":190477,"potions_floor_usage":[1,7,7,7,7,8,12,12,12,12,13,13,13,13,13,13,14,14,14,14,16,16,16,18,21,21,24,24,28,28,29,29,29,31,31,31,33,33,33,35,38,40,40,45,45,46,46,50,50,50,50,50,50,50,50],"damage_taken":[{"damage":0,"enemies":"Cultist","floor":1,"turns":2},{"damage":12,"enemies":"Small Slimes","floor":4,"turns":3},{"damage":0,"enemies":"2 Louse","floor":5,"turns":1},{"damage":17,"enemies":"3 Sentries","floor":7,"turns":3},{"damage":0,"enemies":"2 Fungi Beasts","floor":8,"turns":2},{"damage":0,"enemies":"Lagavulin","floor":12,"turns":2},{"damage":17,"floor":13,"turns":4},{"damage":0,"enemies":"3 Sentries","floor":14,"turns":2},{"damage":50,"enemies":"The Guardian","floor":16,"turns":7},{"damage":12,"enemies":"2 Thieves","floor":18,"turns":3},{"damage":4,"enemies":"3 Byrds","floor":21,"turns":4},{"damage":19,"enemies":"Slavers","floor":24,"turns":2},{"damage":25,"enemies":"Book of Stabbing","floor":28,"turns":3},{"damage":25,"enemies":"Sentry and Sphere","floor":29,"turns":4},{"damage":22,"enemies":"Cultist and Chosen","floor":31,"turns":4},{"damage":4,"enemies":"Champ","floor":33,"turns":1},{"damage":0,"enemies":"Orb Walker","floor":35,"turns":2},{"damage":7,"enemies":"3 Shapes","floor":38,"turns":2},{"damage":21,"enemies":"Nemesis","floor":40,"turns":3},{"damage":8,"enemies":"2 Orb Walkers","floor":45,"turns":1},{"damage":9,"enemies":"Transient","floor":46,"turns":5},{"damage":10,"enemies":"Spire Growth","floor":48,"turns":2},{"damage":50,"enemies":"Time Eater","floor":50,"turns":4}],"relics_obtained":[{"floor":7,"key":"Anchor"},{"floor":9,"key":"Shuriken"},{"floor":12,"key":"Magic Flower"},{"floor":13,"key":"Odd Mushroom"},{"floor":14,"key":"Bronze Scales"},{"floor":20,"key":"Enchiridion"},{"floor":24,"key":"Oddly Smooth Stone"},{"floor":26,"key":"Tiny Chest"},{"floor":28,"key":"Omamori"},{"floor":39,"key":"Potion Belt"},{"floor":40,"key":"Gremlin Horn"},{"floor":40,"key":"Frozen Egg 2"},{"floor":43,"key":"Dodecahedron"},{"floor":45,"key":"Girya"},{"floor":45,"key":"Torii"}],"event_choices":[{"event_name":"Golden Idol","player_choice":"Take Damage","floor":3,"damage_taken":0},{"event_name":"Liars Game","player_choice":"disagreed","floor":11,"damage_taken":0},{"event_name":"Mushrooms","player_choice":"Fought Mushrooms","floor":13,"damage_taken":0},{"event_name":"The Mausoleum","player_choice":"Yes","floor":19,"damage_taken":0},{"event_name":"Cursed Tome","player_choice":"Obtained Book","floor":20,"damage_taken":0},{"event_name":"Vampires","player_choice":"Became a vampire","floor":30,"damage_taken":0},{"event_name":"The Moai Head","player_choice":"Gave Idol","floor":36,"damage_taken":0}],"boss_relics":[{"not_picked":["Busted Crown","Runic Pyramid"],"picked":"Astrolabe"},{"not_picked":["Pandora\u0027s Box","Runic Cube"],"picked":"Black Star"}],"items_purged_floors":[22,37,41,47],"is_endless":false,"potions_floor_spawned":[1,4,5,7,8,12,13,14,16,18,21,24,28,29,31,33,35,38,40,45,46,48],"seed_played":"-2070942787049957180","ascension_level":0,"potions_obtained":[{"floor":1,"key":"Strength Potion"},{"floor":4,"key":"Strength Potion"},{"floor":7,"key":"Strength Potion"},{"floor":8,"key":"FearPotion"},{"floor":12,"key":"Poison Potion"},{"floor":13,"key":"Poison Potion"},{"floor":14,"key":"SteroidPotion"},{"floor":16,"key":"EssenceOfSteel"},{"floor":18,"key":"Weak Potion"},{"floor":28,"key":"Fire Potion"},{"floor":31,"key":"Regen Potion"},{"floor":33,"key":"AttackPotion"},{"floor":40,"key":"SteroidPotion"},{"floor":45,"key":"AttackPotion"},{"floor":46,"key":"Energy Potion"},{"floor":48,"key":"BloodPotion"}],"is_trial":false}