{"gold_per_floor":[111,71,89,164,181,211,211,386,386,386,386,415,432,450,450,548,548,566,98,112,387,401,401,411,411,411,428,9,33,43,43],"floor_reached":31,"playtime":1627,"items_purged":["Doubt","Regret"],"score":247,"play_id":"ee61fcad-83e4-4eae-b2b0-0c3bb7693cd0","local_time":"20181130142349","is_ascension_mode":false,"campfire_choices":[{"data":"Zap","floor":7,"key":"SMITH"},{"floor":11,"key":"REST"},{"floor":15,"key":"REST"},{"floor":23,"key":"REST"}],"neow_cost":"NONE","seed_source_timestamp":1262735622965143,"circlet_count":0,"master_deck":["Strike_B","Strike_B","Strike_B","Strike_B","Defend_B","Defend_B","Defend_B","Defend_B","Zap+1","Dualcast","Cold Snap+1","Capacitor","Capacitor+1","Ball Lightning","Steam","Skim","Echo Form","Coolheaded","Seek+1","Go for the Eyes","FTL","Hologram","Barrage","Hologram","Conserve Battery","Ball Lightning","Cold Snap","Auto Shields","Blind","Loop","Ball Lightning"],"relics":["Cracked Core","Bag of Preparation","FossilizedHelix","Kunai","Bottled Flame","Runic Dome","Membership Card","Dream Catcher","Bronze Scales","Toolbox","Smiling Mask"],"potions_floor_usage":[6,12,12,12,16,16,24,27,27,27,30,30,30],"damage_taken":[{"damage":0,"enemies":"2 Louse","floor":1,"turns":1},{"damage":0,"enemies":"Cultist","floor":3,"turns":3},{"damage":3,"enemies":"Jaw Worm","floor":5,"turns":5},{"damage":22,"enemies":"Gremlin Nob","floor":6,"turns":4},{"damage":16,"enemies":"3 Sentries","floor":12,"turns":10},{"damage":9,"enemies":"3 Louse","floor":13,"turns":4},{"damage":0,"enemies":"Looter","floor":14,"turns":4},{"damage":40,"enemies":"The Guardian","floor":16,"turns":11},{"damage":0,"enemies":"Spheric Guardian","floor":18,"turns":4},{"damage":22,"enemies":"2 Thieves","floor":20,"turns":4},{"damage":35,"enemies":"Cultist and Chosen","floor":22,"turns":6},{"damage":34,"enemies":"Snake Plant","floor":24,"turns":6},{"damage":0,"enemies":"Centurion and Healer","floor":27,"turns":5},{"damage":0,"enemies":"Sentry and Sphere","floor":30,"turns":5},{"damage":12,"enemies":"Snake Plant","floor":31,"turns":2}],"seed_played":"6445908143765735563","potions_obtained":[{"floor":2,"key":"SneckoOil"},{"floor":2,"key":"SmokeBomb"},{"floor":2,"key":"Block Potion"},{"floor":3,"key":"EntropicBrew"},{"floor":5,"key":"FocusPotion"},{"floor":12,"key":"Dexterity Potion"},{"floor":22,"key":"FocusPotion"},{"floor":24,"key":"FearPotion"},{"floor":27,"key":"LiquidBronze"}],"is_trial":false,"path_per_floor":["M","?","M","?","M","E","R","?","T","?","R","E","M","M","R","B",null,"M","$","M","?","M","R","M","?","T","M","$","T","M","M"],"character_chosen":"DEFECT","items_purchased":["Membership Card","Seek","Go for the Eyes","FTL","Hologram","FocusPotion","SkillPotion","Cold Snap","Auto Shields","Bronze Scales","FocusPotion","Toolbox","Swift Potion","Blind","Loop"],"campfire_rested":3,"item_purchase_floors":[19,19,19,19,19,19,19,28,28,28,28,28,28,28,28],"current_hp_per_floor":[75,75,75,64,61,39,39,39,39,24,46,30,21,21,43,3,75,75,75,53,53,18,40,6,6,6,6,6,6,6,0],"gold":43,"neow_bonus":"RANDOM_COMMON_RELIC","is_prod":false,"is_daily":false,"chose_seed":false,"campfire_upgraded":1,"win_rate":0,"timestamp":1543609429,"path_taken":["M","?","?","?","M","E","R","?","T","?","R","E","M","?","R","BOSS","M","$","M","?","M","R","?","?","T","M","$","?","M","?"],"build_version":"2018-11-15","purchased_purges":2,"victory":false,"max_hp_per_floor":[75,75,75,75,75,75,75,75,75,75,75,75,75,75,75,75,75,75,75,75,75,75,75,75,75,75,75,75,75,75,75],"card_choices":[{"not_picked":["Coolheaded","Sweeping Beam"],"picked":"Cold Snap","floor":1},{"not_picked":["Streamline","Steam"],"picked":"Capacitor","floor":3},{"not_picked":["Double Energy","Darkness"],"picked":"Capacitor","floor":5},{"not_picked":["Meteor Strike","Streamline","Sweeping Beam"],"picked":"SKIP","floor":6},{"not_picked":["Turbo","Conserve Battery"],"picked":"Ball Lightning","floor":12},{"not_picked":["Lockon","Redo"],"picked":"Steam","floor":13},{"not_picked":["Fission","Gash"],"picked":"Skim","floor":14},{"not_picked":["Electrodynamics","Core Surge"],"picked":"Echo Form","floor":16},{"not_picked":["Redo+1","Barrage+1"],"picked":"Coolheaded","floor":18},{"not_picked":["Fusion","Steam"],"picked":"Barrage","floor":20},{"not_picked":["Chaos","Beam Cell"],"picked":"Hologram","floor":22},{"not_picked":["Go for the Eyes","Barrage"],"picked":"Conserve Battery","floor":24},{"not_picked":["Redo","Hello World"],"picked":"Ball Lightning","floor":27},{"not_picked":["Genetic Algorithm","Rebound"],"picked":"Ball Lightning","floor":30}],"player_experience":308443,"relics_obtained":[{"floor":6,"key":"FossilizedHelix"},{"floor":9,"key":"Kunai"},{"floor":12,"key":"Bottled Flame"},{"floor":26,"key":"Dream Catcher"},{"floor":29,"key":"Smiling Mask"}],"event_choices":[{"damage_healed":0,"gold_gain":0,"player_choice":"Bought 3 Potions","damage_taken":0,"max_hp_gain":0,"max_hp_loss":0,"event_name":"The Woman in Blue","floor":2,"gold_loss":0},{"damage_healed":0,"gold_gain":75,"player_choice":"Gather Gold","damage_taken":11,"max_hp_gain":0,"max_hp_loss":0,"event_name":"World of Goop","floor":4,"gold_loss":0},{"damage_healed":0,"gold_gain":175,"player_choice":"AGREE","damage_taken":0,"max_hp_gain":0,"max_hp_loss":0,"event_name":"Liars Game","floor":8,"gold_loss":0,"cards_obtained":["Doubt"]},{"damage_healed":0,"gold_gain":0,"player_choice":"Entered Light","damage_taken":15,"max_hp_gain":0,"max_hp_loss":0,"event_name":"Shining Light","floor":10,"gold_loss":0,"cards_upgraded":["Capacitor","Cold Snap"]},{"damage_healed":0,"gold_gain":275,"player_choice":"Desecrate","damage_taken":0,"max_hp_gain":0,"max_hp_loss":0,"event_name":"Golden Shrine","floor":21,"gold_loss":0,"cards_obtained":["Regret"]},{"damage_healed":0,"gold_gain":0,"player_choice":"Forge","damage_taken":0,"max_hp_gain":0,"max_hp_loss":0,"event_name":"Accursed Blacksmith","floor":25,"gold_loss":0,"cards_upgraded":["Seek"]}],"is_beta":true,"boss_relics":[{"not_picked":["Coffee Dripper","Runic Pyramid"],"picked":"Runic Dome"}],"items_purged_floors":[19,28],"is_endless":false,"potions_floor_spawned":[3,5,12,13,22,24,27],"killed_by":"Snake Plant","ascension_level":0}