{"gold_per_floor":[111,122,25,38,55,55,80,98,149,149,180,34,34,54,54,54],"floor_reached":16,"playtime":1140,"items_purged":["Strike_G","Strike_G"],"score":112,"play_id":"91cc0157-ad3c-4180-8497-0653cc09002f","local_time":"20190131151815","is_ascension_mode":false,"campfire_choices":[{"data":"PiercingWail","floor":6,"key":"SMITH"},{"data":"Neutralize","floor":10,"key":"SMITH"},{"floor":13,"key":"REST"},{"data":"Night Terror","floor":15,"key":"SMITH"}],"neow_cost":"NONE","seed_source_timestamp":279112446795053,"circlet_count":0,"master_deck":["Defend_G","Defend_G","Defend_G","Defend_G","Defend_G","Strike_G","Strike_G","Strike_G","Survivor","Neutralize+1","Bane","PiercingWail+1","Poisoned Stab","Deadly Poison","Prepared","Night Terror+1","Deflect","Terror","Flying Knee+1","Quick Slash+1"],"relics":["Ring of the Snake","Singing Bowl","Potion Belt","Molten Egg 2"],"potions_floor_usage":[7,16],"damage_taken":[{"damage":1,"enemies":"2 Louse","floor":1,"turns":3},{"damage":4,"enemies":"Cultist","floor":2,"turns":5},{"damage":0,"enemies":"Small Slimes","floor":4,"turns":3},{"damage":0,"enemies":"Looter","floor":5,"turns":4},{"damage":34,"enemies":"3 Sentries","floor":7,"turns":9},{"damage":0,"enemies":"Blue Slaver","floor":8,"turns":5},{"damage":21,"enemies":"Lagavulin","floor":11,"turns":11},{"damage":0,"enemies":"Exordium Thugs","floor":14,"turns":5},{"damage":51,"enemies":"Slime Boss","floor":16,"turns":9}],"seed_played":"5603058771107797345","potions_obtained":[{"floor":1,"key":"LiquidBronze"},{"floor":7,"key":"FairyPotion"},{"floor":8,"key":"SpeedPotion"}],"is_trial":false,"path_per_floor":["M","M","$","M","M","R","E","M","T","R","E","$","R","M","R","B"],"character_chosen":"THE_SILENT","items_purchased":["Poisoned Stab","Flying Knee+1"],"campfire_rested":1,"item_purchase_floors":[3,12],"current_hp_per_floor":[76,72,72,72,72,72,38,38,38,38,17,17,40,40,40,0],"gold":54,"neow_bonus":"TEN_PERCENT_HP_BONUS","is_prod":false,"is_daily":false,"chose_seed":false,"campfire_upgraded":3,"win_rate":0.0,"timestamp":1548915495,"path_taken":["M","M","$","M","M","R","E","M","T","R","E","$","R","M","R","BOSS"],"build_version":"2019-01-23","purchased_purges":2,"victory":false,"max_hp_per_floor":[77,77,77,77,77,77,77,77,77,77,77,77,77,77,77,77],"card_choices":[{"not_picked":["Finisher","Choke"],"picked":"Bane","floor":1},{"not_picked":["Predator","Sucker Punch"],"picked":"PiercingWail","floor":2},{"not_picked":["Sucker Punch","Riddle With Holes"],"picked":"Deadly Poison","floor":4},{"not_picked":["Outmaneuver","Slice"],"picked":"Prepared","floor":5},{"not_picked":["Caltrops","Flechettes"],"picked":"Night Terror","floor":7},{"not_picked":["Sucker Punch","Prepared"],"picked":"Deflect","floor":8},{"not_picked":["Infinite Blades","Predator"],"picked":"Terror","floor":11},{"not_picked":["Expertise","Crippling Poison"],"picked":"Quick Slash+1","floor":14}],"player_experience":44875,"relics_obtained":[{"floor":7,"key":"Singing Bowl"},{"floor":9,"key":"Potion Belt"},{"floor":11,"key":"Molten Egg 2"}],"event_choices":[],"is_beta":false,"boss_relics":[],"items_purged_floors":[3,12],"is_endless":false,"potions_floor_spawned":[1,7,8],"killed_by":"Slime Boss","ascension_level":0}