{"gold_per_floor":[109,109,1,18,34,62,62,92,146,176,21,31,31,47,47,146,146,165,11,11,25,40,40,73,73,96,129,228,259,269,321,321,417,417,432,443,455,472,490,515,915,915,915,915,182,182,209,209,209,209],"floor_reached":51,"playtime":3426,"items_purged":["Strike_R"],"score":1053,"play_id":"ad212f29-061e-49df-a7d5-973ec4d4addc","local_time":"20190719030541","is_ascension_mode":true,"campfire_choices":[{"floor":7,"key":"REST"},{"data":"Pummel","floor":13,"key":"SMITH"},{"data":"Feed","floor":15,"key":"SMITH"},{"data":"Barricade","floor":23,"key":"SMITH"},{"floor":25,"key":"REST"},{"data":"Corruption","floor":32,"key":"SMITH"},{"data":"Limit Break","floor":42,"key":"SMITH"},{"data":"Defend_R","floor":44,"key":"SMITH"},{"data":"Spot Weakness","floor":49,"key":"SMITH"}],"neow_cost":"NONE","seed_source_timestamp":92970940700484,"circlet_count":0,"master_deck":["Strike_R","Strike_R+1","Strike_R","Defend_R+1","Defend_R","Defend_R+1","Defend_R+1","Bash","Seeing Red","Corruption+1","Pummel+1","Spot Weakness+1","Pommel Strike","Battle Trance","Feed+1","Entrench","Barricade+1","Entrench+1","Rampage","Ghostly","Ghostly","Ghostly","Ghostly","Ghostly","Body Slam+1","Juggernaut","Bludgeon","Berserk","Entrench+1","Pummel+1","Limit Break+1","Armaments+1","Body Slam+1","Metallicize","Impervious","True Grit"],"relics":["Burning Blood","Anchor","Meat on the Bone","Bag of Preparation","Bronze Scales","Potion Belt","Lizard Tail","Omamori","War Paint","Mummified Hand","Champion Belt","Blood Vial","Runic Cube","Strawberry","Old Coin","Gremlin Horn","Strange Spoon","Whetstone","Juzu Bracelet"],"potions_floor_usage":[8,16,16,21,24,24,36,40,40,50,50,50],"damage_taken":[{"damage":0,"enemies":"2 Louse","floor":1,"turns":4},{"damage":0,"enemies":"Cultist","floor":4,"turns":4},{"damage":0,"enemies":"Small Slimes","floor":5,"turns":3},{"damage":27,"enemies":"3 Sentries","floor":6,"turns":5},{"damage":16,"enemies":"Gremlin Nob","floor":8,"turns":3},{"damage":8,"enemies":"3 Sentries","floor":10,"turns":6},{"damage":0,"enemies":"Looter","floor":12,"turns":3},{"damage":2,"enemies":"Blue Slaver","floor":14,"turns":5},{"damage":91,"enemies":"The Guardian","floor":16,"turns":9},{"damage":3,"enemies":"3 Byrds","floor":18,"turns":4},{"damage":2,"enemies":"Chosen","floor":21,"turns":7},{"damage":6,"enemies":"Shelled Parasite and Fungi","floor":22,"turns":7},{"damage":40,"enemies":"Gremlin Leader","floor":24,"turns":7},{"damage":0,"enemies":"Book of Stabbing","floor":27,"turns":5},{"damage":0,"enemies":"Slavers","floor":29,"turns":7},{"damage":2,"enemies":"Snake Plant","floor":30,"turns":5},{"damage":0,"enemies":"Automaton","floor":33,"turns":6},{"damage":1,"enemies":"Orb Walker","floor":35,"turns":6},{"damage":3,"enemies":"3 Darklings","floor":36,"turns":7},{"damage":0,"enemies":"Maw","floor":37,"turns":8},{"damage":0,"enemies":"Transient","floor":38,"turns":5},{"damage":2,"enemies":"Jaw Worm Horde","floor":39,"turns":7},{"damage":1,"enemies":"Giant Head","floor":40,"turns":7},{"damage":3,"enemies":"Mind Bloom Boss Battle","floor":41,"turns":8},{"damage":4,"enemies":"Reptomancer","floor":47,"turns":5},{"damage":0,"enemies":"Donu and Deca","floor":50,"turns":10}],"seed_played":"4161528066796384445","potions_obtained":[{"floor":4,"key":"LiquidBronze"},{"floor":5,"key":"Swift Potion"},{"floor":6,"key":"SteroidPotion"},{"floor":12,"key":"BloodPotion"},{"floor":18,"key":"Dexterity Potion"},{"floor":21,"key":"Weak Potion"},{"floor":22,"key":"FearPotion"},{"floor":29,"key":"Fire Potion"},{"floor":30,"key":"Explosive Potion"},{"floor":36,"key":"SteroidPotion"},{"floor":39,"key":"SteroidPotion"},{"floor":41,"key":"PowerPotion"}],"is_trial":false,"path_per_floor":["M","?","$","M","M","E","R","E","T","E","$","M","R","M","R","B",null,"M","$","?","M","M","R","E","R","T","E","?","E","M","T","R","B",null,"M","M","M","M","M","E","?","R","T","R","$","?","E","?","R","B",null],"character_chosen":"IRONCLAD","items_purchased":["Corruption","Pummel","Feed","Rampage","Metallicize","Impervious","Strange Spoon","Whetstone","True Grit","AttackPotion","BloodPotion"],"campfire_rested":2,"item_purchase_floors":[3,3,11,19,45,45,45,45,45,45,45],"current_hp_per_floor":[80,80,80,80,80,59,80,70,70,68,68,77,77,84,84,36,90,94,94,47,51,55,55,33,49,49,55,55,59,59,59,59,59,59,59,59,59,59,59,66,70,70,70,70,70,66,66,66,66,66],"gold":209,"neow_bonus":"RANDOM_COMMON_RELIC","is_prod":false,"is_daily":false,"chose_seed":false,"campfire_upgraded":7,"win_rate":0,"timestamp":1563523541,"path_taken":["M","?","$","M","M","E","R","E","T","E","$","?","R","M","R","BOSS","M","$","?","M","M","R","E","R","T","E","?","E","M","?","R","BOSS","M","M","M","M","M","E","?","R","T","R","$","?","E","?","R","BOSS"],"build_version":"2019-07-17","purchased_purges":1,"victory":true,"max_hp_per_floor":[80,80,80,80,80,80,80,80,80,80,80,83,83,86,86,90,90,94,94,47,51,55,55,55,55,55,55,55,59,59,59,59,59,59,59,59,59,59,59,66,70,70,70,70,70,66,66,66,66,66],"card_choices":[{"not_picked":["Wild Strike","Clothesline","Headbutt"],"picked":"SKIP","floor":1},{"not_picked":["Wild Strike","Warcry"],"picked":"Spot Weakness","floor":4},{"not_picked":["Flex","Clothesline"],"picked":"Pommel Strike","floor":5},{"not_picked":["Twin Strike","Rampage"],"picked":"Battle Trance","floor":6},{"not_picked":["Perfected Strike","Thunderclap","Immolate"],"picked":"SKIP","floor":8},{"not_picked":["Offering","Body Slam","Armaments"],"picked":"SKIP","floor":10},{"not_picked":["Anger","Shrug It Off"],"picked":"Entrench","floor":12},{"not_picked":["Twin Strike","Fire Breathing","Sword Boomerang"],"picked":"SKIP","floor":14},{"not_picked":["Impervious","Double Tap"],"picked":"Barricade","floor":16},{"not_picked":["Power Through","Searing Blow"],"picked":"Entrench+1","floor":18},{"not_picked":["Wild Strike","Sword Boomerang"],"picked":"Body Slam","floor":21},{"not_picked":["Iron Wave","Cleave","Heavy Blade"],"picked":"SKIP","floor":22},{"not_picked":["Perfected Strike+1","Inflame+1"],"picked":"Juggernaut","floor":24},{"not_picked":["Anger","Pommel Strike","Flex+1"],"picked":"SKIP","floor":27},{"not_picked":["Reckless Charge","Battle Trance"],"picked":"Bludgeon","floor":29},{"not_picked":["Warcry+1","Heavy Blade","Evolve"],"picked":"SKIP","floor":30},{"not_picked":["Offering","Barricade"],"picked":"Berserk","floor":33},{"not_picked":["Sword Boomerang+1","Inflame","Clothesline"],"picked":"SKIP","floor":35},{"not_picked":["Warcry","Anger+1"],"picked":"Entrench+1","floor":36},{"not_picked":["Warcry+1","Twin Strike+1"],"picked":"Pummel+1","floor":37},{"not_picked":["Twin Strike+1","Pommel Strike"],"picked":"Limit Break","floor":38},{"not_picked":["Carnage+1","Burning Pact","Twin Strike"],"picked":"SKIP","floor":39},{"not_picked":["Twin Strike+1","Juggernaut"],"picked":"Armaments+1","floor":40},{"not_picked":["Rage+1","Searing Blow+1"],"picked":"Body Slam+1","floor":41},{"not_picked":["Rupture","Anger+1","Uppercut+1"],"picked":"SKIP","floor":47}],"player_experience":185020,"relics_obtained":[{"floor":6,"key":"Meat on the Bone"},{"floor":8,"key":"Bag of Preparation"},{"floor":9,"key":"Bronze Scales"},{"floor":10,"key":"Potion Belt"},{"floor":24,"key":"Omamori"},{"floor":26,"key":"War Paint"},{"floor":27,"key":"Mummified Hand"},{"floor":29,"key":"Champion Belt"},{"floor":31,"key":"Blood Vial"},{"floor":40,"key":"Strawberry"},{"floor":41,"key":"Old Coin"},{"floor":43,"key":"Gremlin Horn"},{"floor":47,"key":"Juzu Bracelet"}],"event_choices":[{"damage_healed":0,"gold_gain":0,"cards_transformed":["Strike_R"],"player_choice":"Transformed","damage_taken":0,"max_hp_gain":0,"max_hp_loss":0,"event_name":"Transmorgrifier","floor":2,"gold_loss":0,"cards_obtained":["Seeing Red"]},{"damage_healed":0,"gold_gain":0,"player_choice":"Became a Ghost","damage_taken":0,"max_hp_gain":0,"max_hp_loss":47,"event_name":"Ghosts","floor":20,"gold_loss":0,"cards_obtained":["Ghostly","Ghostly","Ghostly","Ghostly","Ghostly"]},{"damage_healed":0,"gold_gain":99,"player_choice":"Stole From Cult","damage_taken":0,"max_hp_gain":0,"max_hp_loss":0,"event_name":"Nest","floor":28,"gold_loss":0},{"damage_healed":0,"gold_gain":0,"player_choice":"Fight","damage_taken":0,"max_hp_gain":0,"max_hp_loss":0,"event_name":"MindBloom","floor":41,"gold_loss":0},{"damage_healed":0,"gold_gain":0,"player_choice":"Max HP","damage_taken":0,"max_hp_gain":0,"max_hp_loss":4,"event_name":"Winding Halls","floor":46,"gold_loss":0},{"damage_healed":0,"gold_gain":0,"player_choice":"Memory 1","damage_taken":0,"max_hp_gain":0,"max_hp_loss":0,"event_name":"SensoryStone","floor":48,"gold_loss":0}],"is_beta":false,"boss_relics":[{"not_picked":["White Beast Statue","Runic Dome"],"picked":"Lizard Tail"},{"not_picked":["Busted Crown","Black Blood"],"picked":"Runic Cube"}],"items_purged_floors":[19],"is_endless":false,"potions_floor_spawned":[4,5,6,12,18,21,22,29,30,36,39,41],"ascension_level":1}