{"gold_per_floor":[219,29,29,29,94,8,42,60,60,110,160,160,175,194,194,268,268,280,355,15,28,47,47,57,87,87,137,205,223,240,290,290,290],"floor_reached":33,"playtime":2260,"items_purged":[],"score":638,"play_id":"55feb20a-909b-4eb4-a192-edf4b16aed29","local_time":"20190501065213","is_ascension_mode":true,"campfire_choices":[{"floor":12,"key":"REST"},{"data":"Hello World","floor":15,"key":"SMITH"},{"floor":23,"key":"REST"},{"floor":32,"key":"REST"}],"neow_cost":"NONE","seed_source_timestamp":1854512097706759,"circlet_count":0,"master_deck":["AscendersBane","Defend_B","Defend_B","Defend_B","Defend_B","Zap","Dualcast","Conserve Battery","Leap","Sweeping Beam","Melter","Rebound","Chill","Hello World+1","Coolheaded","Machine Learning","Thunder Strike+1","Stack+1","Redo+1","Seek","Double Energy","Consume+1","Undo","Fusion+1"],"relics":["Cracked Core","Art of War","SsserpentHead","Unceasing Top","Mercury Hourglass","Bag of Preparation","Astrolabe","Regal Pillow","Boot","Happy Flower","Pear","Blue Candle"],"potions_floor_usage":[11,16,22,24,25,28,28,30],"damage_taken":[{"damage":2,"enemies":"2 Louse","floor":1,"turns":2},{"damage":2,"enemies":"Jaw Worm","floor":5,"turns":3},{"damage":44,"enemies":"3 Sentries","floor":7,"turns":11},{"damage":0,"enemies":"Cultist","floor":8,"turns":2},{"damage":6,"enemies":"Exordium Thugs","floor":13,"turns":4},{"damage":0,"enemies":"3 Louse","floor":14,"turns":3},{"damage":0,"enemies":"The Guardian","floor":16,"turns":14},{"damage":17,"enemies":"Shell Parasite","floor":18,"turns":5},{"damage":23,"enemies":"3 Byrds","floor":21,"turns":5},{"damage":18,"enemies":"Snake Plant","floor":22,"turns":4},{"damage":7,"enemies":"Snecko","floor":24,"turns":5},{"damage":21,"enemies":"Gremlin Leader","floor":25,"turns":4},{"damage":5,"enemies":"Centurion and Healer","floor":28,"turns":9},{"damage":9,"enemies":"Snake Plant","floor":29,"turns":5},{"damage":0,"enemies":"Snecko","floor":30,"turns":5},{"damage":70,"enemies":"Automaton","floor":33,"turns":10}],"seed_played":"8791217414389021340","potions_obtained":[{"floor":7,"key":"GamblersBrew"},{"floor":8,"key":"SkillPotion"},{"floor":11,"key":"Fruit Juice"},{"floor":11,"key":"SmokeBomb"},{"floor":16,"key":"Swift Potion"},{"floor":18,"key":"Ancient Potion"},{"floor":22,"key":"SkillPotion"},{"floor":24,"key":"PowerPotion"},{"floor":25,"key":"Swift Potion"},{"floor":29,"key":"AttackPotion"}],"is_trial":false,"path_per_floor":["M","$","?","?","M","$","E","M","T","T","?","R","M","M","R","B",null,"M","T","$","M","M","R","M","E","T","?","M","M","M","?","R","B"],"character_chosen":"DEFECT","items_purchased":["Art of War","Leap","Melter","Seek","Boot"],"campfire_rested":3,"item_purchase_floors":[2,2,6,20,20],"current_hp_per_floor":[62,62,55,55,53,53,9,9,9,9,14,36,30,30,30,30,65,48,48,48,25,7,44,37,16,26,26,21,12,12,12,52,0],"gold":290,"neow_bonus":"HUNDRED_GOLD","is_prod":false,"is_daily":false,"chose_seed":false,"campfire_upgraded":1,"win_rate":0,"timestamp":1556707933,"path_taken":["M","$","?","?","?","$","E","M","T","?","?","R","M","M","R","BOSS","M","?","$","M","M","R","M","E","T","?","?","M","M","?","R","BOSS"],"build_version":"2019-01-23","purchased_purges":0,"victory":false,"max_hp_per_floor":[71,71,71,71,71,71,71,71,71,71,76,76,76,76,76,76,76,76,76,76,76,76,76,76,76,86,86,86,86,86,86,86,86],"card_choices":[{"not_picked":["Tempest","Skim"],"picked":"Conserve Battery","floor":1},{"not_picked":["Steam","Conserve Battery"],"picked":"Sweeping Beam","floor":5},{"not_picked":["Barrage","Undo"],"picked":"Rebound","floor":7},{"not_picked":["Reinforced Body","Reboot"],"picked":"Chill","floor":8},{"not_picked":["Rebound","Redo"],"picked":"Hello World","floor":13},{"not_picked":["Sunder","Chill"],"picked":"Coolheaded","floor":14},{"not_picked":["Electrodynamics","Biased Cognition"],"picked":"Machine Learning","floor":16},{"not_picked":["Sweeping Beam","Go for the Eyes","Stack"],"picked":"SKIP","floor":18},{"not_picked":["Redo","Chaos"],"picked":"Double Energy","floor":21},{"not_picked":["Melter","Static Discharge"],"picked":"Consume+1","floor":22},{"not_picked":["Conserve Battery","Redo","Compile Driver"],"picked":"SKIP","floor":24},{"not_picked":["Rip and Tear","Double Energy"],"picked":"Undo","floor":25},{"not_picked":["Chaos","Conserve Battery","Compile Driver"],"picked":"SKIP","floor":28},{"not_picked":["Double Energy","Reprogram"],"picked":"Fusion+1","floor":29},{"not_picked":["Sunder","Sweeping Beam","Compile Driver"],"picked":"SKIP","floor":30}],"player_experience":3534643,"relics_obtained":[{"floor":7,"key":"Unceasing Top"},{"floor":9,"key":"Mercury Hourglass"},{"floor":10,"key":"Bag of Preparation"},{"floor":19,"key":"Regal Pillow"},{"floor":25,"key":"Happy Flower"},{"floor":26,"key":"Pear"},{"floor":27,"key":"Blue Candle"}],"event_choices":[{"cards_removed":["Strike_B"],"damage_healed":0,"gold_gain":0,"player_choice":"Card Removal","damage_taken":7,"max_hp_gain":0,"max_hp_loss":0,"event_name":"Golden Wing","floor":3,"gold_loss":0},{"damage_healed":0,"gold_gain":0,"player_choice":"Trade","damage_taken":0,"relics_obtained":["SsserpentHead"],"max_hp_gain":0,"max_hp_loss":0,"event_name":"FaceTrader","floor":4,"gold_loss":0},{"damage_healed":0,"gold_gain":0,"player_choice":"Got Potions","damage_taken":0,"max_hp_gain":0,"max_hp_loss":0,"event_name":"Lab","floor":11,"gold_loss":0},{"damage_healed":0,"gold_gain":0,"player_choice":"Relic","damage_taken":0,"max_hp_gain":0,"max_hp_loss":0,"event_name":"Wheel of Change","floor":27,"gold_loss":0},{"damage_healed":0,"gold_gain":0,"player_choice":"Ignored","damage_taken":0,"max_hp_gain":0,"max_hp_loss":0,"event_name":"Cursed Tome","floor":31,"gold_loss":0}],"is_beta":false,"boss_relics":[{"not_picked":["Cursed Key","Ectoplasm"],"picked":"Astrolabe"}],"items_purged_floors":[],"is_endless":false,"potions_floor_spawned":[7,8,16,18,22,24,25,29],"killed_by":"Automaton","ascension_level":20}