{"gold_per_floor":[117,129,15,15,35,35,62,134,134,134,284,296,28,48,48,122,122,132,132,82,56,5,5,5],"floor_reached":24,"playtime":2711,"items_purged":["Injury"],"score":378,"play_id":"831c3c6b-501c-48cb-b75c-9d380b081c52","local_time":"20181114193155","is_ascension_mode":true,"campfire_choices":[{"data":"Bouncing Flask","floor":6,"key":"SMITH"},{"floor":10,"key":"REST"},{"floor":15,"key":"REST"},{"floor":23,"key":"REST"}],"neow_cost":"CURSE","seed_source_timestamp":73919212069300,"circlet_count":0,"master_deck":["AscendersBane","Defend_G","Defend_G","Defend_G","Defend_G","Defend_G","Strike_G","Strike_G","Strike_G","Strike_G","Survivor","Neutralize","Quick Slash","Backstab","Terror","Bouncing Flask+1","After Image","Doubt","Backflip","Cloak And Dagger+1","After Image","Noxious Fumes","PiercingWail+1","Sucker Punch+1","PiercingWail+1"],"relics":["Ring of the Snake","StoneCalendar","Bottled Flame","Question Card","Toxic Egg 2","Cursed Key","Pocketwatch"],"potions_floor_usage":[2,14,24],"damage_taken":[{"damage":1,"enemies":"Small Slimes","floor":1,"turns":4},{"damage":9,"enemies":"Jaw Worm","floor":2,"turns":6},{"damage":0,"enemies":"Cultist","floor":5,"turns":3},{"damage":37,"enemies":"3 Sentries","floor":7,"turns":7},{"damage":11,"enemies":"Exordium Thugs","floor":12,"turns":5},{"damage":8,"enemies":"Gremlin Gang","floor":14,"turns":4},{"damage":28,"enemies":"Hexaghost","floor":16,"turns":10},{"damage":27,"enemies":"Shell Parasite","floor":18,"turns":7},{"damage":8,"enemies":"2 Thieves","floor":21,"turns":5},{"damage":37,"enemies":"Gremlin Leader","floor":24,"turns":4}],"seed_played":"-5451012090623934436","potions_obtained":[{"floor":1,"key":"Poison Potion"},{"floor":12,"key":"AttackPotion"},{"floor":16,"key":"SteroidPotion"}],"is_trial":false,"path_per_floor":["M","M","$","?","M","R","E","?","T","R","?","M","$","M","R","B",null,"M","?","$","M","$","R","E"],"character_chosen":"THE_SILENT","items_purchased":["Terror","Toxic Egg 2","PiercingWail+1","PiercingWail+1"],"campfire_rested":3,"item_purchase_floors":[3,13,20,22],"current_hp_per_floor":[58,49,49,49,49,49,12,12,12,31,31,20,20,12,31,3,50,23,23,23,15,15,34,0],"gold":5,"neow_bonus":"ONE_RARE_RELIC","is_prod":false,"is_daily":false,"chose_seed":false,"campfire_upgraded":1,"win_rate":0,"timestamp":1542241915,"path_taken":["M","M","$","?","M","R","E","?","T","R","?","M","$","M","R","BOSS","M","?","?","?","$","R","E"],"build_version":"2018-11-08","purchased_purges":1,"victory":false,"max_hp_per_floor":[66,66,66,66,66,66,66,66,66,66,66,66,66,66,66,66,66,66,66,66,66,66,66,66],"card_choices":[{"not_picked":["Dodge and Roll","Backflip"],"picked":"Quick Slash","floor":1},{"not_picked":["Deflect","Blade Dance"],"picked":"Backstab","floor":2},{"not_picked":["Backflip","Underhanded Strike"],"picked":"Bouncing Flask","floor":5},{"not_picked":["Well Laid Plans","Adrenaline"],"picked":"After Image","floor":7},{"not_picked":["Acrobatics","Setup","Crippling Poison"],"picked":"Backflip","floor":12},{"not_picked":["Sucker Punch","Blade Dance+1","Dagger Spray"],"picked":"Cloak And Dagger+1","floor":14},{"not_picked":["Doppelganger+1","Venomology+1","Night Terror+1"],"picked":"After Image","floor":16},{"not_picked":["Tactician+1","Acrobatics+1","Finisher"],"picked":"Noxious Fumes","floor":18},{"not_picked":["Slice","Poisoned Stab","Dagger Spray"],"picked":"Sucker Punch+1","floor":21}],"player_experience":2303007,"relics_obtained":[{"floor":7,"key":"Bottled Flame"},{"floor":9,"key":"Question Card"}],"event_choices":[{"damage_healed":0,"gold_gain":0,"cards_transformed":["Strike_G"],"player_choice":"Change","damage_taken":0,"max_hp_gain":0,"max_hp_loss":0,"event_name":"Living Wall","floor":4,"gold_loss":0,"cards_obtained":["Acrobatics"]},{"damage_healed":0,"gold_gain":72,"player_choice":"Gained Gold","damage_taken":0,"max_hp_gain":0,"max_hp_loss":0,"event_name":"Golden Wing","floor":8,"gold_loss":0},{"damage_healed":0,"gold_gain":150,"player_choice":"AGREE","damage_taken":0,"max_hp_gain":0,"max_hp_loss":0,"event_name":"Liars Game","floor":11,"gold_loss":0,"cards_obtained":["Doubt"]},{"cards_removed":["Acrobatics"],"damage_healed":0,"gold_gain":0,"player_choice":"Gave Card","damage_taken":0,"relics_obtained":["Pocketwatch"],"max_hp_gain":0,"max_hp_loss":0,"event_name":"WeMeetAgain","floor":19,"gold_loss":0}],"is_beta":false,"boss_relics":[{"not_picked":["Orrery","Snecko Eye"],"picked":"Cursed Key"}],"items_purged_floors":[3],"is_endless":false,"potions_floor_spawned":[1,12,16],"killed_by":"Gremlin Leader","ascension_level":19}