{"gold_per_floor":[112,112,187,200,200,200,200,200,200,45,69,69,85,116,116,245,245,268,292,104,117,117,161,161,260,287,308,344,358,379,415,415,545,545,569,589,79,98,98,98,98,132,179,179,179,240,240,92,92,92],"floor_reached":51,"playtime":3397,"items_purged":["Strike_R"],"score":1222,"play_id":"b1bbb58a-d468-4336-9a2a-7f88ac84690d","local_time":"20181215012802","is_ascension_mode":true,"campfire_choices":[{"data":"Armaments","floor":6,"key":"SMITH"},{"data":"Barricade","floor":8,"key":"SMITH"},{"data":"Body Slam","floor":12,"key":"SMITH"},{"data":"Bash","floor":15,"key":"SMITH"},{"data":"Shockwave","floor":24,"key":"SMITH"},{"data":"Inflame","floor":32,"key":"SMITH"},{"data":"Mayhem","floor":40,"key":"SMITH"},{"floor":47,"key":"REST"},{"data":"Apotheosis","floor":49,"key":"SMITH"}],"neow_cost":"NONE","seed_source_timestamp":197915525772888,"circlet_count":0,"master_deck":["AscendersBane","Defend_R","Defend_R","Bash+1","Whirlwind","Barricade+1","Armaments+1","Body Slam+1","Burning Pact","Corruption","Reaper","Iron Wave+1","Inflame+1","Shrug It Off","Power Through","Shockwave+1","Warcry+1","Dark Embrace","Pummel","Exhume","Sever Soul+1","Demon Form+1","Anger+1","Dual Wield+1","Disarm","Mayhem+1","Anger","Apotheosis+1","Evolve+1","Havoc"],"relics":["Burning Blood","Golden Idol","Regal Pillow","Vajra","PreservedInsect","Snecko Eye","Du-Vu Doll","Blood Vial","Gambling Chip","Pantograph","Astrolabe","Juzu Bracelet","Meat on the Bone","Smiling Mask","Dead Branch"],"potions_floor_usage":[11,16,29,33,35,35,38,38,42,46,50],"damage_taken":[{"damage":3,"enemies":"Jaw Worm","floor":1,"turns":4},{"damage":7,"enemies":"2 Louse","floor":4,"turns":2},{"damage":4,"enemies":"Small Slimes","floor":11,"turns":5},{"damage":0,"enemies":"Exordium Wildlife","floor":13,"turns":2},{"damage":0,"enemies":"Lagavulin","floor":14,"turns":9},{"damage":38,"enemies":"The Guardian","floor":16,"turns":13},{"damage":15,"enemies":"Shell Parasite","floor":18,"turns":5},{"damage":17,"enemies":"2 Thieves","floor":19,"turns":3},{"damage":14,"enemies":"Snake Plant","floor":21,"turns":5},{"damage":0,"enemies":"Gremlin Leader","floor":23,"turns":5},{"damage":0,"enemies":"Centurion and Healer","floor":27,"turns":4},{"damage":0,"enemies":"Slavers","floor":28,"turns":3},{"damage":7,"enemies":"Sentry and Sphere","floor":29,"turns":5},{"damage":9,"enemies":"Shelled Parasite and Fungi","floor":30,"turns":3},{"damage":4,"enemies":"Gremlin Leader","floor":31,"turns":4},{"damage":72,"enemies":"Champ","floor":33,"turns":11},{"damage":8,"enemies":"3 Shapes","floor":35,"turns":6},{"damage":1,"enemies":"Orb Walker","floor":36,"turns":2},{"damage":10,"enemies":"Jaw Worm Horde","floor":38,"turns":4},{"damage":0,"enemies":"Giant Head","floor":42,"turns":4},{"damage":48,"enemies":"2 Orb Walkers","floor":46,"turns":3},{"damage":9,"enemies":"Donu and Deca","floor":50,"turns":4}],"seed_played":"-9147975244381457308","potions_obtained":[{"floor":1,"key":"Fruit Juice"},{"floor":13,"key":"Energy Potion"},{"floor":19,"key":"SkillPotion"},{"floor":21,"key":"SpeedPotion"},{"floor":23,"key":"Fire Potion"},{"floor":29,"key":"Explosive Potion"},{"floor":30,"key":"PowerPotion"},{"floor":38,"key":"Block Potion"},{"floor":42,"key":"Swift Potion"}],"is_trial":false,"path_per_floor":["M","?","?","M","?","R","?","R","T","$","M","R","M","E","R","B",null,"M","M","$","M","?","E","R","?","T","M","E","M","M","E","R","B",null,"M","M","$","M","?","R","$","E","T","?","?","?","R","$","R","B",null],"character_chosen":"IRONCLAD","items_purchased":["Vajra","Inflame","Shrug It Off","Disarm","Juzu Bracelet","Mayhem","PowerPotion","Energy Potion","Havoc","Swift Potion","PowerPotion"],"campfire_rested":1,"item_purchase_floors":[10,20,20,37,37,37,37,37,48,48,48],"current_hp_per_floor":[75,75,64,63,63,63,56,56,56,56,63,63,69,75,75,43,70,70,66,66,64,64,79,79,79,79,79,79,78,79,79,79,25,66,79,79,79,75,75,75,75,79,79,79,79,49,79,79,79,76],"gold":92,"neow_bonus":"TRANSFORM_CARD","is_prod":false,"is_daily":false,"chose_seed":false,"campfire_upgraded":8,"win_rate":0,"timestamp":1544855282,"path_taken":["M","?","?","M","?","R","?","R","T","$","M","R","?","E","R","BOSS","M","?","$","M","?","E","R","?","T","M","E","M","M","E","R","BOSS","M","M","$","M","?","R","?","E","T","?","?","?","R","$","R","BOSS"],"build_version":"2018-12-13","purchased_purges":1,"victory":true,"max_hp_per_floor":[80,80,80,80,74,74,74,74,74,74,79,79,79,79,79,79,79,79,79,79,79,79,79,79,79,79,79,79,79,79,79,79,79,79,79,79,79,79,79,79,79,79,79,79,79,79,79,79,79,79],"card_choices":[{"not_picked":["Searing Blow","Burning Pact"],"picked":"Whirlwind","floor":1},{"not_picked":["Hemokinesis","Sword Boomerang"],"picked":"Armaments","floor":4},{"not_picked":["Headbutt","Clothesline"],"picked":"Body Slam","floor":11},{"not_picked":["Headbutt","Pommel Strike"],"picked":"Burning Pact","floor":13},{"not_picked":["Armaments","Impervious"],"picked":"Corruption","floor":14},{"not_picked":["Impervious","Fiend Fire"],"picked":"Reaper","floor":16},{"not_picked":["Fire Breathing","Rage","Thunderclap+1"],"picked":"SKIP","floor":18},{"not_picked":["Hemokinesis","Disarm"],"picked":"Iron Wave+1","floor":19},{"not_picked":["Heavy Blade+1","Cleave"],"picked":"Power Through","floor":21},{"not_picked":["Headbutt","Havoc+1"],"picked":"Shockwave","floor":23},{"not_picked":["Clothesline","Body Slam"],"picked":"Warcry+1","floor":27},{"not_picked":["Havoc+1","Inflame+1"],"picked":"Dark Embrace","floor":28},{"not_picked":["Twin Strike","Wild Strike"],"picked":"Pummel","floor":29},{"not_picked":["Flex","Havoc","Wild Strike"],"picked":"SKIP","floor":30},{"not_picked":["Havoc","Whirlwind","Sword Boomerang"],"picked":"SKIP","floor":31},{"not_picked":["Brutality","Dark Embrace"],"picked":"Exhume","floor":33},{"not_picked":["Clash+1","Clothesline+1"],"picked":"Dual Wield+1","floor":35},{"not_picked":["Iron Wave+1","Headbutt+1","Rampage"],"picked":"SKIP","floor":36},{"not_picked":["Thunderclap","Flex","Sword Boomerang"],"picked":"SKIP","floor":38},{"not_picked":["Rampage+1","Inflame","Wild Strike+1"],"picked":"SKIP","floor":42},{"not_picked":["Trip","Bandage Up"],"picked":"Apotheosis","floor":45},{"not_picked":["Wild Strike+1","Pommel Strike"],"picked":"Evolve+1","floor":46}],"player_experience":2924185,"relics_obtained":[{"floor":9,"key":"Regal Pillow"},{"floor":14,"key":"PreservedInsect"},{"floor":23,"key":"Du-Vu Doll"},{"floor":26,"key":"Blood Vial"},{"floor":28,"key":"Gambling Chip"},{"floor":31,"key":"Pantograph"},{"floor":42,"key":"Meat on the Bone"},{"floor":43,"key":"Smiling Mask"},{"floor":46,"key":"Dead Branch"}],"event_choices":[{"damage_healed":0,"gold_gain":0,"cards_transformed":["Strike_R"],"player_choice":"Change","damage_taken":0,"max_hp_gain":0,"max_hp_loss":0,"event_name":"Living Wall","floor":2,"gold_loss":0,"cards_obtained":["Barricade"]},{"damage_healed":0,"gold_gain":75,"player_choice":"Gather Gold","damage_taken":11,"max_hp_gain":0,"max_hp_loss":0,"event_name":"World of Goop","floor":3,"gold_loss":0},{"damage_healed":0,"gold_gain":0,"player_choice":"Lose Max HP","damage_taken":0,"relics_obtained":["Golden Idol"],"max_hp_gain":0,"max_hp_loss":6,"event_name":"Golden Idol","floor":5,"gold_loss":0},{"cards_removed":["Strike_R"],"damage_healed":0,"gold_gain":0,"player_choice":"Card Removal","damage_taken":7,"max_hp_gain":0,"max_hp_loss":0,"event_name":"Golden Wing","floor":7,"gold_loss":0},{"damage_healed":0,"gold_gain":0,"player_choice":"Ignored","damage_taken":0,"max_hp_gain":0,"max_hp_loss":0,"event_name":"Ghosts","floor":22,"gold_loss":0},{"damage_healed":0,"gold_gain":99,"player_choice":"Stole From Cult","damage_taken":0,"max_hp_gain":0,"max_hp_loss":0,"event_name":"Nest","floor":25,"gold_loss":0},{"damage_healed":0,"gold_gain":0,"cards_transformed":["Defend_R"],"player_choice":"Transformed","damage_taken":0,"max_hp_gain":0,"max_hp_loss":0,"event_name":"Transmorgrifier","floor":39,"gold_loss":0,"cards_obtained":["Anger"]},{"damage_healed":0,"gold_gain":0,"player_choice":"Ignored","damage_taken":0,"max_hp_gain":0,"max_hp_loss":0,"event_name":"Tomb of Lord Red Mask","floor":44,"gold_loss":0},{"damage_healed":0,"gold_gain":0,"player_choice":"Memory 1","damage_taken":0,"max_hp_gain":0,"max_hp_loss":0,"event_name":"SensoryStone","floor":45,"gold_loss":0},{"damage_healed":0,"gold_gain":0,"player_choice":"Fight","damage_taken":0,"max_hp_gain":0,"max_hp_loss":0,"event_name":"Mysterious Sphere","floor":46,"gold_loss":0}],"is_beta":false,"boss_relics":[{"not_picked":["Eternal Feather","Philosopher\u0027s Stone"],"picked":"Snecko Eye"},{"not_picked":["Runic Cube","Runic Dome"],"picked":"Astrolabe"}],"items_purged_floors":[20],"is_endless":false,"potions_floor_spawned":[1,13,19,21,23,29,30,38,42],"ascension_level":10}