{"gold_per_floor":[114,124,19,19,19,19,50,120,147,200,200,219,239,257,257,257],"floor_reached":16,"playtime":1495,"items_purged":[],"score":100,"play_id":"e2a42b2f-d4f6-443d-972d-490baa68870a","local_time":"20190715074710","is_ascension_mode":false,"campfire_choices":[{"data":"Iron Wave","floor":6,"key":"SMITH"},{"data":"Carnage","floor":11,"key":"SMITH"},{"data":"Cleave","floor":15,"key":"SMITH"}],"neow_cost":"","seed_source_timestamp":119036672381354,"circlet_count":0,"master_deck":["Strike_R","Strike_R","Strike_R","Strike_R","Strike_R","Defend_R","Defend_R","Defend_R","Defend_R","Bash","Cleave+1","Anger","Iron Wave+1","Hemokinesis+1","Carnage+1","Pommel Strike","Battle Trance","Twin Strike"],"relics":["Burning Blood","Dodecahedron","Happy Flower","Oddly Smooth Stone"],"potions_floor_usage":[],"damage_taken":[{"damage":0,"enemies":"Small Slimes","floor":1,"turns":3},{"damage":17,"enemies":"Jaw Worm","floor":2,"turns":5},{"damage":23,"enemies":"Gremlin Nob","floor":7,"turns":4},{"damage":8,"enemies":"2 Louse","floor":12,"turns":3},{"damage":2,"enemies":"Large Slime","floor":13,"turns":4},{"damage":5,"enemies":"2 Fungi Beasts","floor":14,"turns":2},{"damage":62,"enemies":"The Guardian","floor":16,"turns":7}],"seed_played":"-268894453511392610","potions_obtained":[{"floor":1,"key":"AttackPotion"},{"floor":13,"key":"Dexterity Potion"},{"floor":14,"key":"Weak Potion"}],"is_trial":false,"path_per_floor":["M","M","$","?","?","R","E","?","T","T","R","M","M","M","R","B"],"character_chosen":"IRONCLAD","items_purchased":["Iron Wave","Hemokinesis"],"campfire_rested":0,"item_purchase_floors":[3,3],"current_hp_per_floor":[80,69,69,69,74,74,57,57,57,57,57,55,59,60,60,0],"gold":257,"neow_bonus":"","is_prod":false,"is_daily":false,"chose_seed":false,"campfire_upgraded":3,"win_rate":0.0,"timestamp":1563194830,"path_taken":["M","M","$","?","?","R","E","?","T","?","R","M","M","M","R","BOSS"],"build_version":"2019-07-05","purchased_purges":0,"victory":false,"max_hp_per_floor":[80,80,80,80,85,85,85,85,85,85,85,85,85,85,85,85],"card_choices":[{"not_picked":["Clothesline","Feel No Pain"],"picked":"Cleave","floor":1},{"not_picked":["Sword Boomerang","Seeing Red"],"picked":"Anger","floor":2},{"not_picked":["Cleave","True Grit"],"picked":"Carnage","floor":7},{"not_picked":["Headbutt","Warcry"],"picked":"Pommel Strike","floor":12},{"not_picked":["Headbutt","Clash"],"picked":"Battle Trance","floor":13},{"not_picked":["Pummel","Inflame"],"picked":"Twin Strike","floor":14}],"player_experience":0,"relics_obtained":[{"floor":7,"key":"Dodecahedron"},{"floor":9,"key":"Happy Flower"},{"floor":10,"key":"Oddly Smooth Stone"}],"event_choices":[{"damage_healed":0,"gold_gain":0,"player_choice":"Grow","damage_taken":0,"max_hp_gain":0,"max_hp_loss":0,"event_name":"Living Wall","floor":4,"gold_loss":0,"cards_upgraded":["Hemokinesis"]},{"damage_healed":0,"gold_gain":0,"player_choice":"Donut","damage_taken":0,"max_hp_gain":5,"max_hp_loss":0,"event_name":"Big Fish","floor":5,"gold_loss":0},{"damage_healed":0,"gold_gain":70,"player_choice":"Gained Gold","damage_taken":0,"max_hp_gain":0,"max_hp_loss":0,"event_name":"Golden Wing","floor":8,"gold_loss":0}],"is_beta":false,"boss_relics":[],"items_purged_floors":[],"is_endless":false,"potions_floor_spawned":[1,13,14],"killed_by":"The Guardian","ascension_level":0}