{"gold_per_floor":[114,129,144,156,183,225,252,294,331,373,385,412,424,451,463,575,587,614,641,668,695,722,764,776,818,880,892,904,931,958,1070,1082,1194,1206,1233,0,15,40,40,70,85,100,150,150,165,165,180,195,195,195],"floor_reached":51,"playtime":3450,"items_purged":["Strike_G"],"score":922,"play_id":"79802f6f-6dcd-4882-8ff1-07f056ac84a5","local_time":"20190515104406","daily_mods":["Cursed Run","Vintage","Terminal"],"is_ascension_mode":false,"campfire_choices":[{"floor":11,"key":"REST"},{"data":"Neutralize","floor":13,"key":"SMITH"},{"data":"Flechettes","floor":15,"key":"SMITH"},{"data":"Malaise","floor":28,"key":"SMITH"},{"data":"Survivor","floor":32,"key":"SMITH"},{"data":"Blade Dance","floor":44,"key":"SMITH"},{"data":"Phantasmal Killer","floor":46,"key":"SMITH"},{"data":"1","floor":49,"key":"LIFT"}],"neow_cost":"","seed_source_timestamp":0,"circlet_count":0,"master_deck":["Defend_G+1","Defend_G","Defend_G","Defend_G","Defend_G+1","Strike_G+1","Survivor+1","Neutralize+1","Footwork+1","Flechettes+1","Noxious Fumes+1","Malaise+1","Blade Dance+1","Well Laid Plans+1","PiercingWail","Phantasmal Killer+1","Dodge and Roll+1","Deadly Poison+1","Catalyst+1","Dodge and Roll+1","Escape Plan+1","Leg Sweep+1","Dagger Spray+1","Parasite","Acrobatics+1","Injury","Normality"],"special_seed":18031,"relics":["Cursed Key","Darkstone Periapt","Du-Vu Doll","Bag of Marbles","Frozen Egg 2","MawBank","The Courier","Ornamental Fan","Anchor","Shuriken","Centennial Puzzle","Sundial","Vajra","Omamori","Busted Crown","Ninja Scroll","Gremlin Horn","Mercury Hourglass","Orichalcum","Dodecahedron","Bag of Preparation","Bronze Scales","Smiling Mask","Paper Crane","Molten Egg 2","Empty Cage","Singing Bowl","Toxic Egg 2","Meat on the Bone","War Paint","Lantern","Bottled Flame","PreservedInsect","Happy Flower","Art of War","Blood Vial","Pantograph","Bottled Lightning","Whetstone","Question Card","Girya","Pen Nib"],"potions_floor_usage":[6,8,33,33,50,50],"damage_taken":[{"damage":0,"enemies":"Jaw Worm","floor":1,"turns":6},{"damage":0,"enemies":"Small Slimes","floor":2,"turns":4},{"damage":0,"enemies":"2 Louse","floor":3,"turns":3},{"damage":0,"enemies":"Red Slaver","floor":5,"turns":4},{"damage":11,"enemies":"3 Sentries","floor":6,"turns":14},{"damage":0,"enemies":"2 Fungi Beasts","floor":7,"turns":4},{"damage":10,"enemies":"Gremlin Nob","floor":8,"turns":6},{"damage":4,"enemies":"3 Sentries","floor":10,"turns":14},{"damage":0,"enemies":"Gremlin Gang","floor":12,"turns":4},{"damage":0,"enemies":"Exordium Thugs","floor":14,"turns":4},{"damage":5,"enemies":"The Guardian","floor":16,"turns":10},{"damage":0,"enemies":"Chosen","floor":18,"turns":6},{"damage":0,"enemies":"Spheric Guardian","floor":19,"turns":6},{"damage":0,"enemies":"Shelled Parasite and Fungi","floor":20,"turns":7},{"damage":0,"enemies":"Centurion and Healer","floor":21,"turns":4},{"damage":0,"enemies":"3 Cultists","floor":22,"turns":5},{"damage":0,"enemies":"Slavers","floor":23,"turns":4},{"damage":0,"enemies":"Gremlin Leader","floor":25,"turns":5},{"damage":0,"enemies":"Chosen and Byrds","floor":29,"turns":4},{"damage":0,"enemies":"Cultist and Chosen","floor":30,"turns":4},{"damage":1,"enemies":"Champ","floor":33,"turns":10},{"damage":0,"enemies":"Orb Walker","floor":35,"turns":3},{"damage":0,"enemies":"3 Shapes","floor":37,"turns":2},{"damage":0,"enemies":"Giant Head","floor":40,"turns":5},{"damage":0,"enemies":"Maw","floor":41,"turns":5},{"damage":0,"enemies":"Transient","floor":42,"turns":5},{"damage":0,"enemies":"4 Shapes","floor":45,"turns":1},{"damage":0,"enemies":"Jaw Worm Horde","floor":47,"turns":3},{"damage":0,"enemies":"Transient","floor":48,"turns":5},{"damage":0,"enemies":"Awakened One","floor":50,"turns":7}],"seed_played":"-1876816699338199353","potions_obtained":[{"floor":2,"key":"LiquidBronze"},{"floor":3,"key":"SkillPotion"},{"floor":12,"key":"SpeedPotion"},{"floor":14,"key":"Dexterity Potion"},{"floor":21,"key":"SmokeBomb"},{"floor":23,"key":"Block Potion"},{"floor":25,"key":"AttackPotion"},{"floor":33,"key":"SkillPotion"},{"floor":35,"key":"Swift Potion"}],"is_trial":false,"path_per_floor":["M","M","M","?","M","E","M","E","T","E","R","M","R","M","R","B",null,"M","M","M","M","M","E","?","E","T","?","R","M","M","?","R","B",null,"M","$","M","T","?","E","M","M","T","R","M","R","M","M","R","B",null],"character_chosen":"THE_SILENT","items_purchased":["Toxic Egg 2","Dodge and Roll+1","Deadly Poison+1","Catalyst+1","Dodge and Roll+1","Escape Plan+1","Leg Sweep+1","Dagger Spray+1","Meat on the Bone","War Paint","Lantern","Bottled Flame"],"campfire_rested":1,"item_purchase_floors":[36,36,36,36,36,36,36,36,36,36,36,36],"current_hp_per_floor":[68,67,66,59,59,48,48,38,44,40,59,59,59,59,59,54,58,57,56,55,54,53,52,51,50,49,48,47,46,45,44,43,48,47,46,45,44,49,48,47,46,45,50,49,48,47,46,45,44,49],"gold":195,"neow_bonus":"","is_prod":false,"is_daily":true,"chose_seed":false,"campfire_upgraded":6,"win_rate":0,"timestamp":1557931446,"path_taken":["M","M","M","?","M","E","M","E","T","E","R","M","R","M","R","BOSS","M","M","M","M","M","E","?","E","T","?","R","M","M","?","R","BOSS","M","$","M","?","?","E","?","M","T","R","M","R","M","M","R","BOSS"],"build_version":"2019-01-23","purchased_purges":1,"victory":true,"max_hp_per_floor":[68,67,66,65,64,63,62,61,66,65,64,63,62,61,60,59,58,57,56,55,54,53,52,51,50,49,48,47,46,45,44,43,48,47,46,45,44,49,48,47,46,45,50,49,48,47,46,45,44,49],"card_choices":[{"not_picked":["Choke","Quick Slash"],"picked":"Footwork+1","floor":6},{"not_picked":["Underhanded Strike","Outmaneuver"],"picked":"Flechettes","floor":8},{"not_picked":["Deadly Poison","Bane"],"picked":"Noxious Fumes+1","floor":10},{"not_picked":["Doppelganger","Grand Finale"],"picked":"Malaise","floor":16},{"not_picked":[],"picked":"Blade Dance","floor":23},{"not_picked":["Sucker Punch"],"picked":"SKIP","floor":25},{"not_picked":[],"picked":"Phantasmal Killer","floor":33},{"not_picked":[],"picked":"Acrobatics+1","floor":40}],"player_experience":3678821,"relics_obtained":[{"floor":1,"key":"Bag of Marbles"},{"floor":2,"key":"Frozen Egg 2"},{"floor":3,"key":"MawBank"},{"floor":5,"key":"The Courier"},{"floor":6,"key":"Ornamental Fan"},{"floor":7,"key":"Anchor"},{"floor":8,"key":"Shuriken"},{"floor":9,"key":"Centennial Puzzle"},{"floor":10,"key":"Sundial"},{"floor":12,"key":"Vajra"},{"floor":14,"key":"Omamori"},{"floor":18,"key":"Ninja Scroll"},{"floor":19,"key":"Gremlin Horn"},{"floor":20,"key":"Mercury Hourglass"},{"floor":21,"key":"Orichalcum"},{"floor":22,"key":"Dodecahedron"},{"floor":23,"key":"Bag of Preparation"},{"floor":25,"key":"Bronze Scales"},{"floor":26,"key":"Smiling Mask"},{"floor":29,"key":"Paper Crane"},{"floor":30,"key":"Molten Egg 2"},{"floor":35,"key":"Singing Bowl"},{"floor":37,"key":"PreservedInsect"},{"floor":38,"key":"Happy Flower"},{"floor":39,"key":"Art of War"},{"floor":40,"key":"Blood Vial"},{"floor":41,"key":"Pantograph"},{"floor":42,"key":"Bottled Lightning"},{"floor":43,"key":"Whetstone"},{"floor":45,"key":"Question Card"},{"floor":47,"key":"Girya"},{"floor":48,"key":"Pen Nib"}],"event_choices":[{"cards_removed":["Strike_G"],"damage_healed":0,"gold_gain":0,"player_choice":"Card Removal","damage_taken":7,"max_hp_gain":0,"max_hp_loss":0,"event_name":"Golden Wing","floor":4,"gold_loss":0},{"damage_healed":0,"gold_gain":0,"cards_transformed":["Strike_G","Strike_G"],"player_choice":"Became Test Subject","damage_taken":0,"max_hp_gain":0,"max_hp_loss":0,"event_name":"Drug Dealer","floor":24,"gold_loss":0,"cards_obtained":["Well Laid Plans","PiercingWail"]},{"damage_healed":0,"gold_gain":0,"player_choice":"Ignored","damage_taken":0,"max_hp_gain":0,"max_hp_loss":0,"event_name":"Vampires","floor":27,"gold_loss":0},{"damage_healed":0,"gold_gain":100,"player_choice":"Pray","damage_taken":0,"max_hp_gain":0,"max_hp_loss":0,"event_name":"Golden Shrine","floor":31,"gold_loss":0},{"damage_healed":0,"gold_gain":0,"player_choice":"Relic","damage_taken":0,"max_hp_gain":0,"max_hp_loss":0,"event_name":"Wheel of Change","floor":39,"gold_loss":0}],"is_beta":false,"boss_relics":[{"not_picked":["Philosopher\u0027s Stone","Fusion Hammer"],"picked":"Busted Crown"},{"not_picked":["Orrery","Snecko Eye"],"picked":"Empty Cage"}],"items_purged_floors":[36],"is_endless":false,"potions_floor_spawned":[2,3,12,14,21,23,25,33,35,37,45,47],"ascension_level":0}