{"gold_per_floor":[113,127,196,196,3,3,78,116,193,217,217,217,233,268,268,397,397,418,418,23,59,80,111,127,192,216,216,249,267,298,311,311,440,440,458,524,537,537,560,603,603,647,647,683,703,72,72,86,86,86,86,86,10,53,53],"floor_reached":56,"playtime":4641,"items_purged":[],"score":1887,"play_id":"f7be6842-961b-44dc-9b89-1eb071cc9772","local_time":"20190721143021","is_ascension_mode":true,"campfire_choices":[{"data":"Neutralize","floor":6.0,"key":"SMITH"},{"floor":11.0,"key":"REST"},{"data":"Footwork","floor":15.0,"key":"SMITH"},{"floor":27.0,"key":"REST"},{"data":"Footwork","floor":32.0,"key":"SMITH"},{"floor":41,"key":"RECALL"},{"data":"Noxious Fumes","floor":49,"key":"SMITH"},{"data":"Catalyst","floor":52,"key":"SMITH"}],"neow_cost":"NONE","seed_source_timestamp":658195576058224,"circlet_count":0,"master_deck":["Strike_G","Strike_G","Strike_G","Strike_G+1","Defend_G","Defend_G","Defend_G","Defend_G","Defend_G","Survivor","Neutralize+1","Grand Finale","Footwork+1","Footwork+1","Backflip","Backflip","Leg Sweep","Leg Sweep","Dagger Throw","Quick Slash","Die Die Die+1","Poisoned Stab+1","Burst","Quick Slash+1","Footwork+1","Deflect","Poisoned Stab+1","Bane","PiercingWail+1","Burst","Predator+1","Prepared+1","Backstab+1","Corpse Explosion","Blur+1","Poisoned Stab+1","Crippling Poison+1","Doppelganger","Blur+1","Noxious Fumes+1","Catalyst+1","Calculated Gamble+1"],"special_seed":0,"relics":["Ring of the Snake","Golden Idol","Oddly Smooth Stone","Happy Flower","Mercury Hourglass","Snake Skull","Black Star","Pear","Red Mask","Gambling Chip","Bird Faced Urn","Tiny Chest","Strawberry","Bronze Scales","Dream Catcher","Letter Opener","Bag of Marbles","Lantern","Velvet Choker","StoneCalendar","Anchor","PreservedInsect","Incense Burner","Regal Pillow","Whetstone","Bottled Lightning","Thread and Needle","DollysMirror","Mummified Hand","Art of War"],"potions_floor_usage":[55,55,55],"damage_taken":[{"damage":6.0,"enemies":"Cultist","floor":1.0,"turns":5.0},{"damage":2.0,"enemies":"Jaw Worm","floor":2.0,"turns":5.0},{"damage":28.0,"enemies":"Gremlin Nob","floor":8.0,"turns":5.0},{"damage":0.0,"enemies":"Small Slimes","floor":10.0,"turns":4.0},{"damage":0.0,"enemies":"2 Fungi Beasts","floor":13.0,"turns":4.0},{"damage":0.0,"enemies":"Lagavulin","floor":14.0,"turns":6.0},{"damage":10.0,"enemies":"The Guardian","floor":16.0,"turns":15.0},{"damage":19.0,"enemies":"2 Thieves","floor":18.0,"turns":5.0},{"damage":1.0,"enemies":"Masked Bandits","floor":21.0,"turns":4.0},{"damage":0.0,"enemies":"3 Byrds","floor":22.0,"turns":5.0},{"damage":21.0,"enemies":"Slavers","floor":23.0,"turns":7.0},{"damage":15.0,"enemies":"Centurion and Healer","floor":24.0,"turns":10.0},{"damage":0.0,"enemies":"Book of Stabbing","floor":25.0,"turns":11.0},{"damage":0.0,"enemies":"Slavers","floor":28.0,"turns":6.0},{"damage":0.0,"enemies":"Snecko","floor":29.0,"turns":5.0},{"damage":15.0,"enemies":"Gremlin Leader","floor":30.0,"turns":9.0},{"damage":1.0,"enemies":"Snake Plant","floor":31.0,"turns":3.0},{"damage":66.0,"enemies":"Collector","floor":33.0,"turns":15.0},{"damage":7.0,"enemies":"3 Darklings","floor":35.0,"turns":6.0},{"damage":4,"enemies":"2 Orb Walkers","floor":36,"turns":4},{"damage":0,"enemies":"Orb Walker","floor":37,"turns":3},{"damage":3,"enemies":"Jaw Worm Horde","floor":39,"turns":5},{"damage":6,"enemies":"Nemesis","floor":40,"turns":7},{"damage":8,"enemies":"Reptomancer","floor":42,"turns":3},{"damage":10,"enemies":"Giant Head","floor":44,"turns":10},{"damage":0,"enemies":"3 Darklings","floor":45,"turns":2},{"damage":0,"enemies":"Maw","floor":48,"turns":6},{"damage":2,"enemies":"Donu and Deca","floor":50,"turns":10},{"damage":0,"enemies":"Shield and Spear","floor":54,"turns":4},{"damage":57,"enemies":"The Heart","floor":55,"turns":9}],"seed_played":"-7666158028840855255","potions_obtained":[{"floor":2.0,"key":"Dexterity Potion"},{"floor":8.0,"key":"AttackPotion"},{"floor":13.0,"key":"Strength Potion"},{"floor":18.0,"key":"Strength Potion"},{"floor":21.0,"key":"SpeedPotion"},{"floor":24.0,"key":"Regen Potion"},{"floor":28.0,"key":"Weak Potion"},{"floor":31.0,"key":"PowerPotion"},{"floor":37,"key":"Ancient Potion"},{"floor":40,"key":"SteroidPotion"},{"floor":47,"key":"Strength Potion"}],"is_trial":false,"path_per_floor":["M","M","?","?","$","R","?","E","T","M","R","?","M","E","R","B",null,"M","?","$","?","M","E","M","E","T","R","E","M","E","M","R","B",null,"M","?","M","?","M","E","R","E","T","E","M","$","?","M","R","B",null,"R","$","E","B",null],"character_chosen":"THE_SILENT","items_purchased":["Oddly Smooth Stone","Backflip","Burst","Pear","Thread and Needle","DollysMirror","Noxious Fumes","Catalyst","GhostInAJar"],"campfire_rested":2,"item_purchase_floors":[5,5,20,20,46,46,46,46,53],"current_hp_per_floor":[57,55,55,55,55,55,44,16,16,16,35,35,35,35,35,25,55,36,36,46,45,45,24,15,43,43,67,73,79,69,72,72,12,65,64,66,70,70,71,71,71,67,67,63,65,65,65,71,71,76,78,78,78,78,23],"gold":53,"neow_bonus":"ONE_RANDOM_RARE_CARD","is_prod":false,"is_daily":false,"chose_seed":false,"campfire_upgraded":5,"win_rate":0,"timestamp":1563741021,"path_taken":["M","M","?","?","?","R","?","E","T","M","R","?","M","E","R","BOSS","M","?","$","?","M","E","M","E","T","R","E","M","E","M","R","BOSS","M","?","M","?","M","E","R","E","T","E","M","$","?","M","R","BOSS","R","$","E","BOSS"],"build_version":"2019-07-18","purchased_purges":0,"victory":true,"max_hp_per_floor":[70,70,70,65,65,65,65,65,65,65,65,65,65,65,65,65,65,65,65,75,75,75,75,75,82,82,82,82,82,82,82,82,82,82,82,82,82,78,78,78,78,78,78,78,78,78,78,78,78,78,78,78,78,78,78],"card_choices":[{"not_picked":["Prepared","Cloak And Dagger"],"picked":"Footwork","floor":1.0},{"not_picked":["Concentrate","Riddle With Holes"],"picked":"Footwork","floor":2.0},{"not_picked":["Choke","Bullet Time"],"picked":"Backflip","floor":8.0},{"not_picked":["Calculated Gamble","Dodge and Roll"],"picked":"Leg Sweep","floor":10.0},{"not_picked":["Dodge and Roll","Prepared"],"picked":"Dagger Throw","floor":13.0},{"not_picked":["Concentrate","Prepared"],"picked":"Quick Slash","floor":14.0},{"not_picked":["Wraith Form v2","Bullet Time"],"picked":"Die Die Die","floor":16.0},{"not_picked":["Deadly Poison","Blade Dance"],"picked":"Poisoned Stab+1","floor":18.0},{"not_picked":["Flechettes","Endless Agony"],"picked":"Quick Slash+1","floor":22.0},{"not_picked":["Riddle With Holes","Concentrate+1"],"picked":"Footwork+1","floor":23.0},{"not_picked":["Poisoned Stab","Prepared"],"picked":"Deflect","floor":24.0},{"not_picked":["Flying Knee+1","Tactician"],"picked":"Poisoned Stab+1","floor":25.0},{"not_picked":["Endless Agony","Accuracy","Sucker Punch"],"picked":"SKIP","floor":28.0},{"not_picked":["Endless Agony","Accuracy","Sucker Punch"],"picked":"SKIP","floor":28.0},{"not_picked":["All Out Attack","Quick Slash","Poisoned Stab"],"picked":"SKIP","floor":29.0},{"not_picked":["Accuracy","Venomology"],"picked":"Bane","floor":30.0},{"not_picked":["Dagger Spray","Acrobatics"],"picked":"PiercingWail+1","floor":31.0},{"not_picked":["Venomology","Die Die Die"],"picked":"Burst","floor":33.0},{"not_picked":["Blade Dance","Quick Slash"],"picked":"Predator+1","floor":35.0},{"not_picked":["Dagger Throw+1","Blade Dance+1"],"picked":"Prepared+1","floor":36},{"not_picked":["Footwork+1","Cloak And Dagger"],"picked":"Backstab+1","floor":37},{"not_picked":["Sucker Punch+1","Predator+1"],"picked":"Corpse Explosion","floor":39},{"not_picked":["Tactician+1","Phantasmal Killer"],"picked":"Blur+1","floor":40},{"not_picked":["Phantasmal Killer","Outmaneuver+1"],"picked":"Poisoned Stab+1","floor":42},{"not_picked":["Blade Dance","Backflip+1"],"picked":"Crippling Poison+1","floor":44},{"not_picked":["Bane","Underhanded Strike"],"picked":"Doppelganger","floor":45},{"not_picked":["Sucker Punch+1","Dodge and Roll"],"picked":"Calculated Gamble+1","floor":48},{"not_picked":["Dagger Spray","Blade Dance+1","Quick Slash+1"],"picked":"SKIP","floor":54}],"player_experience":1270578,"relics_obtained":[{"floor":8.0,"key":"Happy Flower"},{"floor":9.0,"key":"Mercury Hourglass"},{"floor":14.0,"key":"Snake Skull"},{"floor":21.0,"key":"Red Mask"},{"floor":23.0,"key":"Gambling Chip"},{"floor":23.0,"key":"Bird Faced Urn"},{"floor":25.0,"key":"Tiny Chest"},{"floor":25.0,"key":"Strawberry"},{"floor":26.0,"key":"Bronze Scales"},{"floor":28.0,"key":"Dream Catcher"},{"floor":28.0,"key":"Letter Opener"},{"floor":30.0,"key":"Bag of Marbles"},{"floor":30.0,"key":"Lantern"},{"floor":36,"key":"StoneCalendar"},{"floor":40,"key":"Anchor"},{"floor":40,"key":"PreservedInsect"},{"floor":42,"key":"Incense Burner"},{"floor":42,"key":"Regal Pillow"},{"floor":44,"key":"Whetstone"},{"floor":44,"key":"Bottled Lightning"},{"floor":54,"key":"Mummified Hand"},{"floor":54,"key":"Art of War"}],"event_choices":[{"damage_healed":0.0,"max_hp_gain":0.0,"max_hp_loss":0.0,"gold_gain":69.0,"event_name":"Golden Wing","player_choice":"Gained Gold","floor":3.0,"gold_loss":0.0,"damage_taken":0.0},{"damage_healed":0.0,"max_hp_gain":0.0,"max_hp_loss":5.0,"gold_gain":0.0,"event_name":"Golden Idol","player_choice":"Lose Max HP","floor":4.0,"gold_loss":0.0,"damage_taken":0.0,"relics_obtained":["Golden Idol"]},{"damage_healed":0.0,"max_hp_gain":0.0,"max_hp_loss":0.0,"gold_gain":75.0,"event_name":"World of Goop","player_choice":"Gather Gold","floor":7.0,"gold_loss":0.0,"damage_taken":11.0},{"damage_healed":0.0,"max_hp_gain":0.0,"max_hp_loss":0.0,"gold_gain":0.0,"cards_transformed":["Strike_G"],"event_name":"Living Wall","player_choice":"Change","floor":12.0,"gold_loss":0.0,"damage_taken":0.0,"cards_obtained":["Leg Sweep"]},{"damage_healed":0.0,"max_hp_gain":0.0,"max_hp_loss":0.0,"gold_gain":0.0,"event_name":"Ghosts","player_choice":"Ignored","floor":19.0,"gold_loss":0.0,"damage_taken":0.0},{"damage_healed":0.0,"max_hp_gain":0.0,"max_hp_loss":0.0,"gold_gain":0.0,"event_name":"Masked Bandits","player_choice":"Fought Bandits","floor":21.0,"gold_loss":0.0,"damage_taken":0.0},{"damage_healed":0,"gold_gain":0,"player_choice":"Fight","damage_taken":0,"max_hp_gain":0,"max_hp_loss":0,"event_name":"Mysterious Sphere","floor":36,"gold_loss":0},{"damage_healed":0,"gold_gain":0,"player_choice":"Max HP","damage_taken":0,"max_hp_gain":0,"max_hp_loss":4,"event_name":"Winding Halls","floor":38,"gold_loss":0},{"damage_healed":0,"gold_gain":0,"player_choice":"Got Potions","damage_taken":0,"max_hp_gain":0,"max_hp_loss":0,"event_name":"Lab","floor":47,"gold_loss":0}],"is_beta":true,"boss_relics":[{"not_picked":["Coffee Dripper","Ectoplasm"],"picked":"Black Star"},{"not_picked":["Orrery","Empty Cage"],"picked":"Velvet Choker"}],"items_purged_floors":[],"is_endless":false,"potions_floor_spawned":[2,8,13,18,21,24,28,31,37,40,45,48,54],"ascension_level":8}