{"gold_per_floor":[144,189,234,279,29,29,74,74,99,189,39,39,39,96,96,396,396,441,32,77,125,125,215,215,305,305,350,0,0,0,45,45,345,345,390,435,110,155,1154,1154,482,527,602,602],"floor_reached":44,"playtime":3204,"items_purged":["Strike_G","Strike_R","Strike_B","Normality"],"score":496,"play_id":"9f086757-7bee-4560-9abf-f5c7e3b32ea2","local_time":"20181119235614","daily_mods":["Chimera","ControlledChaos","Midas"],"is_ascension_mode":false,"campfire_choices":[{"floor":6,"key":"REST"},{"floor":8,"key":"REST"},{"floor":12,"key":"REST"},{"floor":15,"key":"REST"},{"floor":24,"key":"REST"},{"floor":32,"key":"REST"},{"floor":40,"key":"REST"}],"neow_cost":"","seed_source_timestamp":516174242476924,"circlet_count":0,"master_deck":["Bash","Survivor","Zap+1","Defend_R","Defend_G","Defend_B","Storm","Leap","Capacitor","Aggregate","Steam Power","Electrodynamics","Ball Lightning+1","Apotheosis","Capacitor+1","Cold Snap+1","Rainbow","Conserve Battery+1","Ball Lightning+1","Normality","Master of Strategy","Discovery","Cold Snap+1"],"special_seed":17855,"relics":["FrozenCore","Frozen Eye","Mercury Hourglass","Regal Pillow","Pen Nib","Lantern","Odd Mushroom","Anchor","Red Mask","Dream Catcher","PreservedInsect","Dodecahedron","Question Card","Blood Vial","Runic Pyramid","Bag of Preparation","Letter Opener","Bottled Tornado"],"potions_floor_usage":[10,14,16,21,25,31,33,33,38],"damage_taken":[{"damage":6,"enemies":"2 Louse","floor":1,"turns":3},{"damage":0,"enemies":"Small Slimes","floor":2,"turns":3},{"damage":1,"enemies":"Jaw Worm","floor":3,"turns":3},{"damage":6,"enemies":"2 Fungi Beasts","floor":4,"turns":3},{"damage":10,"enemies":"Blue Slaver","floor":7,"turns":3},{"damage":17,"enemies":"3 Sentries","floor":10,"turns":5},{"damage":0,"enemies":"The Mushroom Lair","floor":14,"turns":4},{"damage":40,"enemies":"Hexaghost","floor":16,"turns":9},{"damage":5,"enemies":"Spheric Guardian","floor":18,"turns":5},{"damage":0,"enemies":"Chosen","floor":20,"turns":4},{"damage":21,"enemies":"Masked Bandits","floor":21,"turns":4},{"damage":26,"enemies":"Gremlin Leader","floor":23,"turns":6},{"damage":1,"enemies":"Slavers","floor":25,"turns":3},{"damage":0,"enemies":"Centurion and Healer","floor":27,"turns":4},{"damage":14,"enemies":"Snake Plant","floor":31,"turns":3},{"damage":27,"enemies":"Collector","floor":33,"turns":7},{"damage":15,"enemies":"3 Darklings","floor":35,"turns":4},{"damage":11,"enemies":"Orb Walker","floor":36,"turns":4},{"damage":20,"enemies":"3 Darklings","floor":38,"turns":5},{"damage":12,"enemies":"Sphere and 2 Shapes","floor":42,"turns":4},{"damage":73,"enemies":"2 Orb Walkers","floor":44,"turns":4}],"seed_played":"7186099057147900671","potions_obtained":[{"floor":1,"key":"Poison Potion"},{"floor":4,"key":"Swift Potion"},{"floor":7,"key":"Ancient Potion"},{"floor":10,"key":"SpeedPotion"},{"floor":23,"key":"SkillPotion"},{"floor":25,"key":"SmokeBomb"},{"floor":31,"key":"SteroidPotion"},{"floor":33,"key":"LiquidBronze"},{"floor":36,"key":"FocusPotion"},{"floor":42,"key":"Ancient Potion"}],"is_trial":false,"path_per_floor":["M","M","M","M","$","R","M","R","T","E","$","R","?","?","R","B",null,"M","$","M","?","?","E","R","E","T","M","$","?","$","M","R","B",null,"M","M","$","M","?","R","$","M","T","?"],"character_chosen":"DEFECT","items_purchased":["Mercury Hourglass","Lantern","Apotheosis","Anchor","Blood Vial","Dexterity Potion","PowerPotion","Bag of Preparation","Dexterity Potion","Master of Strategy","Discovery","Letter Opener"],"campfire_rested":7,"item_purchase_floors":[5,11,19,19,28,28,28,37,37,41,41,41],"current_hp_per_floor":[69,69,68,62,62,75,65,75,75,58,58,75,75,75,75,35,75,70,70,70,49,49,23,60,59,59,59,59,45,45,33,72,47,80,65,56,56,38,38,77,77,67,67,0],"gold":602,"neow_bonus":"","is_prod":false,"is_daily":true,"chose_seed":false,"campfire_upgraded":0,"win_rate":0,"timestamp":1542689774,"path_taken":["M","M","M","M","$","R","M","R","T","E","$","R","?","?","R","BOSS","M","$","M","?","?","E","R","E","T","M","$","?","?","M","R","BOSS","M","M","$","M","?","R","$","M","T","?"],"build_version":"2018-11-15","purchased_purges":4,"victory":false,"max_hp_per_floor":[75,75,75,75,75,75,75,75,75,75,75,75,75,75,75,75,75,75,75,75,75,75,75,75,75,75,75,75,80,80,80,80,80,80,80,80,80,80,80,80,80,80,80,80],"card_choices":[{"not_picked":["Rebound","Compile Driver"],"picked":"Storm","floor":1},{"not_picked":["Stack","Consume","Streamline"],"picked":"SKIP","floor":2},{"not_picked":["Compile Driver","Blizzard"],"picked":"Leap","floor":3},{"not_picked":["Steam","Ball Lightning"],"picked":"Capacitor","floor":4},{"not_picked":["BootSequence","Stack"],"picked":"Aggregate","floor":7},{"not_picked":["Meteor Strike","Compile Driver"],"picked":"Steam Power","floor":10},{"not_picked":["Multi-Cast","Rainbow"],"picked":"Electrodynamics","floor":16},{"not_picked":["Cold Snap","Steam"],"picked":"Ball Lightning+1","floor":18},{"not_picked":["Leap","Self Repair"],"picked":"Capacitor+1","floor":20},{"not_picked":["Sweeping Beam","Leap","Barrage"],"picked":"SKIP","floor":23},{"not_picked":["Darkness","Storm+1","Coolheaded"],"picked":"SKIP","floor":25},{"not_picked":["Gash","Hologram","Aggregate"],"picked":"Cold Snap+1","floor":27},{"not_picked":["Gash","Reprogram","Coolheaded","Genetic Algorithm+1"],"picked":"SKIP","floor":31},{"not_picked":["Machine Learning","Hyperbeam","Multi-Cast"],"picked":"Rainbow","floor":33},{"not_picked":["Heatsinks","Conserve Battery","Storm+1","Rebound"],"picked":"SKIP","floor":35},{"not_picked":["Steam Power+1","Barrage","Leap+1"],"picked":"Conserve Battery+1","floor":36},{"not_picked":["Recycle","Storm+1","Steam"],"picked":"Ball Lightning+1","floor":38},{"not_picked":["Sweeping Beam+1","Redo+1","Reprogram+1"],"picked":"Cold Snap+1","floor":42}],"player_experience":2396515,"relics_obtained":[{"floor":9,"key":"Regal Pillow"},{"floor":10,"key":"Pen Nib"},{"floor":14,"key":"Odd Mushroom"},{"floor":21,"key":"Red Mask"},{"floor":23,"key":"PreservedInsect"},{"floor":25,"key":"Dodecahedron"},{"floor":26,"key":"Question Card"},{"floor":43,"key":"Bottled Tornado"}],"event_choices":[{"damage_healed":0,"gold_gain":0,"player_choice":"Grow","damage_taken":0,"max_hp_gain":0,"max_hp_loss":0,"event_name":"Living Wall","floor":13,"gold_loss":0,"cards_upgraded":["Zap"]},{"damage_healed":0,"gold_gain":0,"player_choice":"Fought Mushrooms","damage_taken":0,"max_hp_gain":0,"max_hp_loss":0,"event_name":"Mushrooms","floor":14,"gold_loss":0},{"damage_healed":0,"gold_gain":0,"player_choice":"Fought Bandits","damage_taken":0,"max_hp_gain":0,"max_hp_loss":0,"event_name":"Masked Bandits","floor":21,"gold_loss":0},{"damage_healed":0,"gold_gain":0,"player_choice":"Opened","damage_taken":0,"relics_obtained":["Dream Catcher"],"max_hp_gain":0,"max_hp_loss":0,"event_name":"The Mausoleum","floor":22,"gold_loss":0},{"damage_healed":0,"gold_gain":0,"player_choice":"Shed Blood","damage_taken":19,"max_hp_gain":5,"max_hp_loss":0,"event_name":"Forgotten Altar","floor":29,"gold_loss":0},{"damage_healed":0,"gold_gain":999,"player_choice":"Gold","damage_taken":0,"max_hp_gain":0,"max_hp_loss":0,"event_name":"MindBloom","floor":39,"gold_loss":0,"cards_obtained":["Normality","Normality"]},{"damage_healed":0,"gold_gain":0,"player_choice":"Fight","damage_taken":0,"max_hp_gain":0,"max_hp_loss":0,"event_name":"Mysterious Sphere","floor":44,"gold_loss":0}],"is_beta":false,"boss_relics":[{"not_picked":["Philosopher\u0027s Stone","Cursed Key"],"picked":"FrozenCore"},{"not_picked":["White Beast Statue","Pandora\u0027s Box"],"picked":"Runic Pyramid"}],"items_purged_floors":[19,28,37,41],"is_endless":false,"potions_floor_spawned":[1,4,7,10,23,25,31,33,36,42],"killed_by":"2 Orb Walkers","ascension_level":0}