{"gold_per_floor":[116,128,7,7,19,19,52,52,127,77,95,95,114,127,127,228,228,239,251,264,67,67,101,101,200,200,215,230,230,54,72,72,72],"floor_reached":33,"playtime":20946,"items_purged":["Strike_G"],"score":269,"play_id":"8a6864fe-ae50-43cb-bd42-be84ad92d429","local_time":"20190716175125","is_ascension_mode":false,"campfire_choices":[{"data":"Dagger Spray","floor":6,"key":"SMITH"},{"floor":12,"key":"REST"},{"floor":15,"key":"REST"},{"floor":29,"key":"REST"},{"floor":32,"key":"REST"}],"neow_cost":"NONE","seed_source_timestamp":222368515600401,"circlet_count":0,"master_deck":["Strike_G","Strike_G","Strike_G","Defend_G","Defend_G","Defend_G","Defend_G","Defend_G","Survivor","Neutralize","Flying Knee","Choke","Dagger Spray+1","Underhanded Strike","Acrobatics","Leg Sweep","Heel Hook","Backflip","Deflect","Terror","Phantasmal Killer","Blade Dance","Outmaneuver","Backstab","Eviscerate","Backflip","Outmaneuver+1","Writhe","Deflect+1","Quick Slash","Dash","Skewer+1"],"relics":["Ring of the Snake","Bag of Marbles","Letter Opener","HoveringKite","Bag of Preparation","Centennial Puzzle","Sundial"],"potions_floor_usage":[14,23,27,27,31,33,33,33],"damage_taken":[{"damage":2,"enemies":"Jaw Worm","floor":1,"turns":6},{"damage":3,"enemies":"Cultist","floor":2,"turns":5},{"damage":10,"enemies":"2 Louse","floor":5,"turns":2},{"damage":24,"enemies":"Gremlin Nob","floor":7,"turns":6},{"damage":2,"enemies":"Exordium Wildlife","floor":11,"turns":3},{"damage":10,"enemies":"Looter","floor":13,"turns":3},{"damage":0,"enemies":"2 Fungi Beasts","floor":14,"turns":3},{"damage":26,"enemies":"The Guardian","floor":16,"turns":13},{"damage":12,"enemies":"Shell Parasite","floor":18,"turns":4},{"damage":21,"enemies":"2 Thieves","floor":19,"turns":4},{"damage":21,"enemies":"Snake Plant","floor":20,"turns":3},{"damage":41,"enemies":"Gremlin Leader","floor":23,"turns":6},{"damage":8,"enemies":"Cultist and Chosen","floor":27,"turns":7},{"damage":0,"enemies":"Snecko","floor":28,"turns":2},{"damage":12,"enemies":"Centurion and Healer","floor":31,"turns":3},{"damage":61,"enemies":"Collector","floor":33,"turns":8}],"seed_played":"-8938865259063838463","potions_obtained":[{"floor":2,"key":"Ancient Potion"},{"floor":4,"key":"FairyPotion"},{"floor":4,"key":"Fire Potion"},{"floor":18,"key":"Poison Potion"},{"floor":23,"key":"EssenceOfSteel"},{"floor":28,"key":"AttackPotion"},{"floor":31,"key":"PowerPotion"}],"is_trial":false,"path_per_floor":["M","M","$","?","M","R","E","$","T","?","M","R","M","M","R","B",null,"M","M","M","$","?","E","?","?","T","M","M","R","$","M","R","B"],"character_chosen":"THE_SILENT","items_purchased":["Dagger Spray","Underhanded Strike","Acrobatics","Eviscerate","Backflip","Dash","EntropicBrew"],"campfire_rested":4,"item_purchase_floors":[3,3,3,21,21,30,30],"current_hp_per_floor":[75,72,72,72,62,62,38,38,38,38,36,59,49,49,72,46,77,65,44,23,23,48,7,7,7,7,7,7,30,30,18,41,0],"gold":72,"neow_bonus":"TEN_PERCENT_HP_BONUS","is_prod":false,"is_daily":false,"chose_seed":false,"campfire_upgraded":1,"win_rate":0.0,"timestamp":1563317485,"path_taken":["M","M","$","?","?","R","E","?","T","?","M","R","M","?","R","BOSS","M","M","M","$","?","E","?","?","T","?","M","R","$","M","R","BOSS"],"build_version":"2019-07-05","purchased_purges":1,"victory":false,"max_hp_per_floor":[77,77,77,77,77,77,77,77,77,77,77,77,77,77,77,77,77,77,77,77,77,77,77,77,77,77,77,77,77,77,77,77,77],"card_choices":[{"not_picked":["Deadly Poison","Backflip"],"picked":"Flying Knee","floor":1},{"not_picked":["Predator","Slice"],"picked":"Choke","floor":2},{"not_picked":["Underhanded Strike","Noxious Fumes"],"picked":"Leg Sweep","floor":5},{"not_picked":["Prepared","Envenom"],"picked":"Heel Hook","floor":7},{"not_picked":["Acrobatics","Dodge and Roll"],"picked":"Backflip","floor":11},{"not_picked":["Reflex","Caltrops"],"picked":"Deflect","floor":13},{"not_picked":["Blade Dance","All Out Attack"],"picked":"Terror","floor":14},{"not_picked":["Die Die Die","Night Terror"],"picked":"Phantasmal Killer","floor":16},{"not_picked":["Acrobatics","Flying Knee"],"picked":"Blade Dance","floor":18},{"not_picked":["Calculated Gamble","Prepared"],"picked":"Outmaneuver","floor":19},{"not_picked":["Deadly Poison","Wraith Form v2"],"picked":"Backstab","floor":20},{"not_picked":["Footwork","Blur"],"picked":"Outmaneuver+1","floor":23},{"not_picked":["Crippling Poison","Heel Hook"],"picked":"Deflect+1","floor":27},{"not_picked":["Crippling Poison","Outmaneuver+1"],"picked":"Quick Slash","floor":28},{"not_picked":["Blade Dance+1","Poisoned Stab+1"],"picked":"Skewer+1","floor":31}],"player_experience":20511,"relics_obtained":[{"floor":7,"key":"Bag of Marbles"},{"floor":9,"key":"Letter Opener"},{"floor":23,"key":"Bag of Preparation"},{"floor":26,"key":"Sundial"}],"event_choices":[{"damage_healed":0,"gold_gain":0,"player_choice":"Got Potions","damage_taken":0,"max_hp_gain":0,"max_hp_loss":0,"event_name":"Lab","floor":4,"gold_loss":0},{"cards_removed":["Strike_G"],"damage_healed":0,"gold_gain":0,"player_choice":"Card Removal","damage_taken":0,"max_hp_gain":0,"max_hp_loss":0,"event_name":"The Cleric","floor":10,"gold_loss":50},{"damage_healed":25,"gold_gain":0,"player_choice":"Heal","damage_taken":0,"max_hp_gain":0,"max_hp_loss":0,"event_name":"The Library","floor":22,"gold_loss":0},{"damage_healed":0,"gold_gain":0,"player_choice":"Opened","damage_taken":0,"relics_obtained":["Centennial Puzzle"],"max_hp_gain":0,"max_hp_loss":0,"event_name":"The Mausoleum","floor":24,"gold_loss":0,"cards_obtained":["Writhe"]},{"damage_healed":0,"gold_gain":99,"player_choice":"Stole From Cult","damage_taken":0,"max_hp_gain":0,"max_hp_loss":0,"event_name":"Nest","floor":25,"gold_loss":0}],"is_beta":false,"boss_relics":[{"not_picked":["Orrery","Black Star"],"picked":"HoveringKite"}],"items_purged_floors":[21],"is_endless":false,"potions_floor_spawned":[2,13,18,20,23,28,31],"killed_by":"Collector","ascension_level":0}