{"gold_per_floor":[118,42,42,61,61,95,95,123,149,167,181,181,197,214,214,309,309,324,264,279,299,299,327,342,342,415,434,465,39,55,71,71,173,173,192,192,192,211,17,17,47,71,71,20,46,46,74,174,174,174,174,174,1,35,35],"floor_reached":55,"playtime":5807,"items_purged":["Strike_B"],"score":1024,"play_id":"876adefe-3891-4da6-9c6f-143e050511db","local_time":"20181128122721","is_ascension_mode":true,"campfire_choices":[{"data":"Zap","floor":7,"key":"SMITH"},{"data":"Hologram","floor":15,"key":"SMITH"},{"floor":25,"key":"REST"},{"floor":32,"key":"REST"},{"floor":40,"key":"REST"},{"data":"Buffer","floor":46,"key":"SMITH"},{"floor":49,"key":"RECALL"},{"data":"Apotheosis","floor":52,"key":"SMITH"}],"neow_cost":"NONE","seed_source_timestamp":1253857887898787,"circlet_count":0,"master_deck":["Strike_B","Defend_B","Defend_B","Defend_B","Defend_B","Zap+1","Dualcast","Tempest+1","Doom and Gloom","Genetic Algorithm+1","Conserve Battery","Leap","Hologram+1","FTL","Rebound","Buffer+1","Conserve Battery+1","Recycle","Seek","White Noise","Conserve Battery","Echo Form+1","The Bomb","Static Discharge+1","Seek","Apotheosis+1","Reinforced Body","Conserve Battery","Hologram+1","Madness","Go for the Eyes","BootSequence","Defragment+1"],"relics":["Cracked Core","NeowsBlessing","Bag of Preparation","Orichalcum","Mercury Hourglass","DataDisk","Runic Pyramid","Frozen Egg 2","Question Card","Centennial Puzzle","War Paint","Busted Crown","Bottled Tornado","Symbiotic Virus","Strawberry","Art of War","Girya","Bag of Marbles"],"potions_floor_usage":[13,16,16,18,18,20,23,28,37,41,41,47,47,47,50,50,50],"damage_taken":[{"damage":0,"enemies":"Cultist","floor":1,"turns":1},{"damage":0,"enemies":"2 Louse","floor":4,"turns":1},{"damage":0,"enemies":"Lagavulin","floor":6,"turns":1},{"damage":8,"enemies":"Gremlin Nob","floor":8,"turns":4},{"damage":3,"enemies":"Jaw Worm","floor":10,"turns":2},{"damage":0,"enemies":"3 Louse","floor":11,"turns":2},{"damage":4,"enemies":"Lots of Slimes","floor":13,"turns":2},{"damage":0,"enemies":"Large Slime","floor":14,"turns":4},{"damage":13,"enemies":"Hexaghost","floor":16,"turns":8},{"damage":0,"enemies":"3 Byrds","floor":18,"turns":4},{"damage":5,"enemies":"2 Thieves","floor":20,"turns":3},{"damage":14,"enemies":"Shelled Parasite and Fungi","floor":21,"turns":5},{"damage":28,"enemies":"Slavers","floor":23,"turns":2},{"damage":8,"enemies":"Snake Plant","floor":24,"turns":4},{"damage":0,"enemies":"3 Cultists","floor":27,"turns":2},{"damage":7,"enemies":"Book of Stabbing","floor":28,"turns":6},{"damage":3,"enemies":"Snecko","floor":30,"turns":4},{"damage":18,"enemies":"Centurion and Healer","floor":31,"turns":4},{"damage":0,"enemies":"Collector","floor":33,"turns":8},{"damage":36,"enemies":"3 Darklings","floor":35,"turns":6},{"damage":1,"enemies":"Orb Walker","floor":38,"turns":4},{"damage":9,"enemies":"Reptomancer","floor":41,"turns":5},{"damage":0,"enemies":"Nemesis","floor":45,"turns":5},{"damage":4,"enemies":"Reptomancer","floor":47,"turns":5},{"damage":0,"enemies":"Mind Bloom Boss Battle","floor":48,"turns":6},{"damage":13,"enemies":"Donu and Deca","floor":50,"turns":8},{"damage":36,"enemies":"Shield and Spear","floor":54,"turns":6},{"damage":58,"enemies":"The Heart","floor":55,"turns":8}],"seed_played":"-1354302074277869700","potions_obtained":[{"floor":1,"key":"LiquidBronze"},{"floor":8,"key":"EntropicBrew"},{"floor":10,"key":"FocusPotion"},{"floor":16,"key":"SkillPotion"},{"floor":18,"key":"PowerPotion"},{"floor":23,"key":"SneckoOil"},{"floor":24,"key":"Strength Potion"},{"floor":35,"key":"EntropicBrew"},{"floor":37,"key":"Fruit Juice"},{"floor":37,"key":"FocusPotion"},{"floor":37,"key":"SpeedPotion"},{"floor":41,"key":"EssenceOfSteel"}],"is_trial":false,"path_per_floor":["M","$","?","M","?","E","R","E","T","M","M","?","M","M","R","B",null,"M","?","M","M","?","E","M","R","T","M","E","$","M","M","R","B",null,"M","?","?","M","$","R","E","T","T","$","E","R","E","?","R","B",null,"R","$","E","B"],"character_chosen":"DEFECT","items_purchased":["Doom and Gloom","War Paint","The Bomb","Apotheosis","Poison Potion","Madness","Go for the Eyes","BootSequence"],"campfire_rested":3,"item_purchase_floors":[2,29,29,39,44,53,53,53],"current_hp_per_floor":[75,75,63,63,63,63,63,55,55,52,52,57,53,53,53,40,80,80,80,75,61,61,33,25,49,49,49,42,42,39,21,45,45,80,44,44,49,48,48,73,64,64,64,64,71,71,67,67,67,54,92,92,92,56,0],"gold":35,"neow_bonus":"THREE_ENEMY_KILL","is_prod":false,"is_daily":false,"chose_seed":false,"campfire_upgraded":4,"win_rate":0,"timestamp":1543426041,"path_taken":["M","$","?","M","?","E","R","E","T","M","M","?","?","M","R","BOSS","M","?","?","M","?","E","M","R","T","M","E","$","M","M","R","BOSS","M","?","?","?","?","R","E","?","T","$","E","R","E","?","R","BOSS","R","$","E","BOSS"],"build_version":"2018-11-15","purchased_purges":1,"victory":false,"max_hp_per_floor":[75,75,75,75,75,75,75,75,75,75,75,80,80,80,80,80,80,80,80,80,80,80,80,80,80,80,80,80,80,80,80,80,80,80,80,80,85,85,85,85,85,85,85,85,92,92,92,92,92,92,92,92,92,92,92],"card_choices":[{"not_picked":["Hologram","Conserve Battery"],"picked":"Tempest","floor":1},{"not_picked":["Sweeping Beam","Ball Lightning"],"picked":"Genetic Algorithm","floor":4},{"not_picked":["Compile Driver","Turbo"],"picked":"Conserve Battery","floor":6},{"not_picked":["Stack","Fusion"],"picked":"Leap","floor":8},{"not_picked":["Auto Shields","Sunder"],"picked":"Hologram","floor":10},{"not_picked":["Coolheaded","Sweeping Beam"],"picked":"FTL","floor":11},{"not_picked":["Aggregate","Leap","Stack"],"picked":"SKIP","floor":13},{"not_picked":["Amplify","Genetic Algorithm"],"picked":"Rebound","floor":14},{"not_picked":["Reboot","Amplify"],"picked":"Buffer","floor":16},{"not_picked":["Streamline","Reinforced Body"],"picked":"Conserve Battery","floor":18},{"not_picked":["Rebound","Hello World","Compile Driver"],"picked":"SKIP","floor":20},{"not_picked":["Stack+1","Beam Cell","Lockon"],"picked":"SKIP","floor":21},{"not_picked":["Hologram+1","Beam Cell","Blizzard"],"picked":"SKIP","floor":23},{"not_picked":["Beam Cell","Stack+1","Sweeping Beam"],"picked":"SKIP","floor":24},{"not_picked":["Coolheaded","Rebound","Lockon"],"picked":"Conserve Battery","floor":27},{"not_picked":["Ball Lightning","Doom and Gloom+1","Stack"],"picked":"Echo Form+1","floor":28},{"not_picked":["Leap","Cold Snap","Lockon","Sweeping Beam"],"picked":"SKIP","floor":30},{"not_picked":["Coolheaded","Chill","Auto Shields+1"],"picked":"Static Discharge+1","floor":31},{"not_picked":["Rainbow","Hyperbeam","Reboot"],"picked":"Seek","floor":33},{"not_picked":["Scrape","Beam Cell+1"],"picked":"SKIP","floor":35},{"not_picked":["Rebound","Lockon"],"picked":"SKIP","floor":38},{"not_picked":["Steam Power","Undo"],"picked":"SKIP","floor":41},{"not_picked":["Genetic Algorithm+1"],"picked":"Reinforced Body","floor":45},{"not_picked":["Scrape"],"picked":"Conserve Battery","floor":47},{"not_picked":["Redo+1"],"picked":"Hologram+1","floor":48},{"not_picked":["Glacier"],"picked":"Defragment+1","floor":54}],"player_experience":2538634,"relics_obtained":[{"floor":6,"key":"Orichalcum"},{"floor":8,"key":"Mercury Hourglass"},{"floor":9,"key":"DataDisk"},{"floor":23,"key":"Frozen Egg 2"},{"floor":26,"key":"Question Card"},{"floor":28,"key":"Centennial Puzzle"},{"floor":41,"key":"Bottled Tornado"},{"floor":43,"key":"Symbiotic Virus"},{"floor":45,"key":"Strawberry"},{"floor":47,"key":"Art of War"},{"floor":48,"key":"Girya"},{"floor":54,"key":"Bag of Marbles"}],"event_choices":[{"damage_healed":0,"gold_gain":0,"player_choice":"Success","damage_taken":12,"relics_obtained":["Bag of Preparation"],"max_hp_gain":0,"max_hp_loss":0,"event_name":"Scrap Ooze","floor":3,"gold_loss":0},{"damage_healed":0,"gold_gain":0,"player_choice":"Grow","damage_taken":0,"max_hp_gain":0,"max_hp_loss":0,"event_name":"Living Wall","floor":5,"gold_loss":0,"cards_upgraded":["Genetic Algorithm"]},{"damage_healed":0,"gold_gain":0,"player_choice":"Donut","damage_taken":0,"max_hp_gain":5,"max_hp_loss":0,"event_name":"Big Fish","floor":12,"gold_loss":0},{"damage_healed":0,"gold_gain":0,"cards_transformed":["Strike_B","Strike_B"],"player_choice":"Transformed Cards","damage_taken":0,"max_hp_gain":0,"max_hp_loss":0,"event_name":"Designer","floor":19,"gold_loss":60,"cards_obtained":["Recycle","Seek"]},{"damage_healed":0,"gold_gain":0,"player_choice":"Read","damage_taken":0,"max_hp_gain":0,"max_hp_loss":0,"event_name":"The Library","floor":22,"gold_loss":0,"cards_obtained":["White Noise"]},{"damage_healed":0,"gold_gain":0,"player_choice":"Ignored","damage_taken":0,"max_hp_gain":0,"max_hp_loss":0,"event_name":"Mysterious Sphere","floor":36,"gold_loss":0},{"damage_healed":0,"gold_gain":0,"player_choice":"Got Potions","damage_taken":0,"max_hp_gain":0,"max_hp_loss":0,"event_name":"Lab","floor":37,"gold_loss":0},{"damage_healed":0,"gold_gain":0,"player_choice":"Fight","damage_taken":0,"max_hp_gain":0,"max_hp_loss":0,"event_name":"MindBloom","floor":48,"gold_loss":0}],"is_beta":false,"boss_relics":[{"not_picked":["Sozu","Black Star"],"picked":"Runic Pyramid"},{"not_picked":["Coffee Dripper","White Beast Statue"],"picked":"Busted Crown"}],"items_purged_floors":[29],"is_endless":false,"potions_floor_spawned":[1,8,10,16,18,23,24,35,38,41],"killed_by":"The Heart","ascension_level":2}