{"gold_per_floor":[119,119,131,149,14,14,30,30,84,112,112,137,157,157,157,233,233,184,72,92,92,72,72,91,91,91,91,111,111,122,132,132,205,205,222,235,247,247,48,48,77,127,127,127,43,61,61,77,77,77],"floor_reached":50,"playtime":3027,"items_purged":["Strike_G","Strike_G+1"],"score":1114,"play_id":"8493b4a0-b992-4ac2-9600-37c1cb50eb68","local_time":"20190423163710","is_ascension_mode":true,"campfire_choices":[{"data":"Neutralize","floor":6,"key":"SMITH"},{"data":"Noxious Fumes","floor":8,"key":"SMITH"},{"data":"Catalyst","floor":11,"key":"SMITH"},{"data":"Bouncing Flask","floor":15,"key":"SMITH"},{"data":"Calculated Gamble","floor":23,"key":"SMITH"},{"data":"Well Laid Plans","floor":27,"key":"SMITH"},{"floor":29,"key":"REST"},{"floor":32,"key":"REST"},{"data":"Wraith Form v2","floor":40,"key":"SMITH"},{"floor":44,"key":"REST"},{"data":"Neutralize","floor":47,"key":"SMITH"},{"floor":49,"key":"REST"}],"neow_cost":"TEN_PERCENT_HP_LOSS","seed_source_timestamp":1197640826885906,"circlet_count":0,"master_deck":["AscendersBane","Defend_G+1","Defend_G+1","Defend_G+1","Defend_G+1","Strike_G+1","Survivor","Neutralize+1","Flechettes","After Image+1","Deadly Poison","Neutralize+1","Noxious Fumes+1","Backflip","Catalyst+1","Dodge and Roll","Calculated Gamble+1","Bouncing Flask+1","Backstab","Doppelganger","Well Laid Plans+1","Outmaneuver","Backflip","Wraith Form v2+1","Corpse Explosion","Backstab","Bandage Up"],"relics":["Ring of the Snake","Lantern","Strawberry","Bottled Lightning","Lizard Tail","Kunai","Snecko Eye","Juzu Bracelet","Letter Opener"],"potions_floor_usage":[16,33,33,36,41,50,50],"damage_taken":[{"damage":0,"enemies":"Small Slimes","floor":1,"turns":5},{"damage":0,"enemies":"Cultist","floor":3,"turns":4},{"damage":0,"enemies":"2 Louse","floor":4,"turns":2},{"damage":0,"enemies":"Blue Slaver","floor":7,"turns":5},{"damage":12,"enemies":"Lagavulin","floor":10,"turns":8},{"damage":12,"enemies":"3 Sentries","floor":12,"turns":6},{"damage":3,"enemies":"Looter","floor":13,"turns":2},{"damage":0,"enemies":"The Guardian","floor":16,"turns":5},{"damage":18,"enemies":"2 Thieves","floor":18,"turns":5},{"damage":3,"enemies":"Spheric Guardian","floor":20,"turns":3},{"damage":5,"enemies":"Centurion and Healer","floor":24,"turns":8},{"damage":14,"enemies":"Snecko","floor":28,"turns":6},{"damage":0,"enemies":"Sentry and Sphere","floor":30,"turns":4},{"damage":22,"enemies":"Cultist and Chosen","floor":31,"turns":8},{"damage":4,"enemies":"Automaton","floor":33,"turns":8},{"damage":0,"enemies":"3 Shapes","floor":35,"turns":3},{"damage":26,"enemies":"3 Darklings","floor":36,"turns":3},{"damage":23,"enemies":"Writhing Mass","floor":37,"turns":5},{"damage":69,"enemies":"Nemesis","floor":41,"turns":9},{"damage":0,"enemies":"Spire Growth","floor":46,"turns":4},{"damage":21,"enemies":"Transient","floor":48,"turns":6},{"damage":59,"enemies":"Time Eater","floor":50,"turns":7}],"seed_played":"-131629300907774716","potions_obtained":[{"floor":3,"key":"GamblersBrew"},{"floor":4,"key":"Dexterity Potion"},{"floor":12,"key":"GhostInAJar"},{"floor":22,"key":"LiquidBronze"},{"floor":33,"key":"GamblersBrew"},{"floor":35,"key":"Dexterity Potion"},{"floor":36,"key":"SteroidPotion"},{"floor":46,"key":"Block Potion"}],"is_trial":false,"path_per_floor":["M","?","M","M","$","R","M","R","T","E","R","E","M","?","R","B",null,"M","$","M","?","?","R","M","?","T","R","M","R","M","M","R","B",null,"M","M","M","?","$","R","E","?","T","R","$","M","R","M","R","B"],"character_chosen":"THE_SILENT","items_purchased":["Catalyst","Dodge and Roll","Well Laid Plans","Bandage Up","GhostInAJar"],"campfire_rested":4,"item_purchase_floors":[5,5,19,39,45],"current_hp_per_floor":[59,59,59,59,59,59,59,59,59,54,54,42,39,39,39,39,60,42,42,39,39,39,39,34,34,34,34,20,40,40,18,38,34,59,59,33,10,55,55,55,27,27,27,43,43,47,47,26,42,0],"gold":77,"neow_bonus":"TRANSFORM_TWO_CARDS","is_prod":false,"is_daily":false,"chose_seed":false,"campfire_upgraded":8,"win_rate":0,"timestamp":1556051830,"path_taken":["M","?","M","M","$","R","?","R","T","E","R","E","M","?","R","BOSS","M","$","M","?","?","R","?","?","T","R","?","R","M","M","R","BOSS","M","M","M","?","$","R","E","?","T","R","$","M","R","M","R","BOSS"],"build_version":"2019-01-23","purchased_purges":2,"victory":false,"max_hp_per_floor":[60,60,60,60,60,60,60,60,60,67,67,67,67,67,67,67,67,67,67,67,67,67,67,67,67,67,67,67,67,67,67,67,67,67,67,67,67,55,55,55,55,55,55,55,55,55,55,55,55,55],"card_choices":[{"not_picked":["Cloak And Dagger","Dagger Throw"],"picked":"Deadly Poison","floor":1},{"not_picked":["Backflip","Dodge and Roll"],"picked":"Noxious Fumes","floor":3},{"not_picked":["Accuracy","Flying Knee"],"picked":"Backflip","floor":4},{"not_picked":["Dodge and Roll","Prepared","Sucker Punch"],"picked":"SKIP","floor":7},{"not_picked":["Deflect","Noxious Fumes"],"picked":"Calculated Gamble","floor":10},{"not_picked":["Dagger Spray","Predator"],"picked":"Bouncing Flask","floor":12},{"not_picked":["Prepared","Flying Knee"],"picked":"Backstab","floor":13},{"not_picked":["Tools of the Trade","Envenom"],"picked":"Doppelganger","floor":16},{"not_picked":["Quick Slash","Deadly Poison","Concentrate"],"picked":"SKIP","floor":18},{"not_picked":["Heel Hook","Acrobatics"],"picked":"Outmaneuver","floor":20},{"not_picked":["Deflect","Accuracy"],"picked":"Backflip","floor":24},{"not_picked":["Poisoned Stab","Flying Knee","Masterful Stab"],"picked":"SKIP","floor":28},{"not_picked":["Deflect+1","Concentrate+1"],"picked":"Wraith Form v2","floor":30},{"not_picked":["Caltrops","Poisoned Stab","Terror"],"picked":"SKIP","floor":31},{"not_picked":["Unload","Adrenaline"],"picked":"Corpse Explosion","floor":33},{"not_picked":["Reflex","Heel Hook","Setup"],"picked":"SKIP","floor":35},{"not_picked":["Riddle With Holes","Sucker Punch"],"picked":"Backstab","floor":36},{"not_picked":["Flying Knee+1","Infinite Blades","Quick Slash+1"],"picked":"SKIP","floor":37},{"not_picked":["Dagger Spray+1","Backstab+1","Outmaneuver"],"picked":"SKIP","floor":41},{"not_picked":["Dodge and Roll","Reflex","Sucker Punch"],"picked":"SKIP","floor":46},{"not_picked":["Flying Knee","Quick Slash+1","Skewer+1"],"picked":"SKIP","floor":48}],"player_experience":3481163,"relics_obtained":[{"floor":9,"key":"Lantern"},{"floor":10,"key":"Strawberry"},{"floor":12,"key":"Bottled Lightning"},{"floor":26,"key":"Kunai"},{"floor":41,"key":"Juzu Bracelet"},{"floor":43,"key":"Letter Opener"}],"event_choices":[{"damage_healed":0,"gold_gain":0,"player_choice":"1 cards matched","damage_taken":0,"max_hp_gain":0,"max_hp_loss":0,"event_name":"Match and Keep!","floor":2,"gold_loss":0,"cards_obtained":["Neutralize"]},{"damage_healed":0,"gold_gain":0,"player_choice":"Grow","damage_taken":0,"max_hp_gain":0,"max_hp_loss":0,"event_name":"Living Wall","floor":14,"gold_loss":0,"cards_upgraded":["After Image"]},{"damage_healed":0,"gold_gain":0,"player_choice":"Simplicity","damage_taken":0,"max_hp_gain":0,"max_hp_loss":0,"event_name":"Back to Basics","floor":21,"gold_loss":0,"cards_upgraded":["Defend_G","Defend_G","Defend_G","Defend_G","Strike_G","Strike_G","Strike_G"]},{"damage_healed":0,"gold_gain":0,"player_choice":"Bought 1 Potion","damage_taken":0,"max_hp_gain":0,"max_hp_loss":0,"event_name":"The Woman in Blue","floor":22,"gold_loss":0},{"cards_removed":["Strike_G"],"damage_healed":0,"gold_gain":0,"player_choice":"Purged","damage_taken":0,"max_hp_gain":0,"max_hp_loss":0,"event_name":"Purifier","floor":25,"gold_loss":0},{"damage_healed":55,"gold_gain":0,"player_choice":"Heal","damage_taken":0,"max_hp_gain":0,"max_hp_loss":12,"event_name":"The Moai Head","floor":38,"gold_loss":0},{"damage_healed":0,"gold_gain":50,"player_choice":"Pray","damage_taken":0,"max_hp_gain":0,"max_hp_loss":0,"event_name":"Golden Shrine","floor":42,"gold_loss":0}],"is_beta":false,"boss_relics":[{"not_picked":["Runic Dome","HoveringKite"],"picked":"Lizard Tail"},{"not_picked":["WristBlade","Philosopher\u0027s Stone"],"picked":"Snecko Eye"}],"items_purged_floors":[19,39],"is_endless":false,"potions_floor_spawned":[3,4,12,24,30,33,35,36,46],"killed_by":"Time Eater","ascension_level":20}