{"gold_per_floor":[362,375,394,404,91,111,111,142,154,186,168],"floor_reached":11,"playtime":1525,"items_purged":["Strike_R"],"score":104,"play_id":"51c182d9-fc72-4ff3-a15b-b45f7fb4083d","local_time":"20190720152116","is_ascension_mode":true,"campfire_choices":[{"data":"Bash","floor":7,"key":"SMITH"}],"neow_cost":"TEN_PERCENT_HP_LOSS","seed_source_timestamp":153515565471965,"circlet_count":0,"master_deck":["Strike_R","Strike_R","Strike_R","Strike_R","Defend_R","Defend_R","Defend_R","Defend_R","Bash+1","Sword Boomerang","Heavy Blade","Iron Wave","Impervious","Metallicize","Disarm","Twin Strike"],"relics":["Burning Blood","Pantograph","MawBank","Pen Nib"],"potions_floor_usage":[6,8,11,11],"damage_taken":[{"damage":11,"enemies":"Cultist","floor":1,"turns":4},{"damage":0,"enemies":"Small Slimes","floor":2,"turns":3},{"damage":2,"enemies":"2 Louse","floor":3,"turns":3},{"damage":24,"enemies":"Lots of Slimes","floor":4,"turns":5},{"damage":9,"enemies":"Large Slime","floor":6,"turns":6},{"damage":42,"enemies":"Gremlin Nob","floor":8,"turns":6},{"damage":4,"enemies":"Exordium Wildlife","floor":10,"turns":4},{"damage":22,"enemies":"Exordium Thugs","floor":11,"turns":2}],"seed_played":"5166296182230012727","potions_obtained":[{"floor":1,"key":"Ancient Potion"},{"floor":2,"key":"Ancient Potion"},{"floor":4,"key":"Weak Potion"},{"floor":10,"key":"GamblersBrew"}],"is_trial":false,"path_per_floor":["M","M","M","M","$","M","R","E","T","M","M"],"character_chosen":"IRONCLAD","items_purchased":["Pantograph"],"campfire_rested":0,"item_purchase_floors":[5],"current_hp_per_floor":[67,72,72,54,54,51,51,15,15,17,0],"gold":168,"neow_bonus":"TWO_FIFTY_GOLD","is_prod":false,"is_daily":false,"chose_seed":false,"campfire_upgraded":1,"win_rate":0,"timestamp":1563661276,"path_taken":["M","M","M","?","$","M","R","E","T","M","M"],"build_version":"2019-07-17","purchased_purges":1,"victory":false,"max_hp_per_floor":[72,72,72,72,72,72,72,72,72,72,72],"card_choices":[{"not_picked":["Entrench","Rupture"],"picked":"Sword Boomerang","floor":1},{"not_picked":["Flame Barrier","Bloodletting"],"picked":"Heavy Blade","floor":2},{"not_picked":["Anger","Havoc"],"picked":"Iron Wave","floor":3},{"not_picked":["Sword Boomerang","Ghostly Armor"],"picked":"Impervious","floor":4},{"not_picked":["Intimidate","Sword Boomerang"],"picked":"Metallicize","floor":6},{"not_picked":["Clash","Armaments"],"picked":"Disarm","floor":8},{"not_picked":["Perfected Strike","Metallicize"],"picked":"Twin Strike","floor":10}],"player_experience":354809,"relics_obtained":[{"floor":8,"key":"MawBank"},{"floor":9,"key":"Pen Nib"}],"event_choices":[],"is_beta":false,"boss_relics":[],"items_purged_floors":[5],"is_endless":false,"potions_floor_spawned":[1,2,4,10],"killed_by":"Exordium Thugs","ascension_level":7}