{"gold_per_floor":[114,114,129,129,129,129,159,159,159,159,174,204,234,249,249,349,349,364,314,329,359,274,274,289,319,319,334,9,24,24,24,24,124,124,139,164,179,194,21,21,51,14,14,44,59,74,74,89,89,89],"floor_reached":50,"playtime":6743,"items_purged":["Blizzard"],"score":635,"play_id":"a5bb655f-4146-4f1a-8fb8-858a711731bf","local_time":"20181110224544","daily_mods":["Insanity","Diverse","DeadlyEvents"],"is_ascension_mode":false,"campfire_choices":[{"data":"Armaments","floor":6,"key":"SMITH"},{"data":"Well Laid Plans","floor":8,"key":"SMITH"},{"floor":10,"key":"REST"},{"data":"Auto Shields","floor":15,"key":"SMITH"},{"data":"Skim","floor":23,"key":"SMITH"},{"data":"Buffer","floor":30,"key":"SMITH"},{"data":"Self Repair","floor":32,"key":"SMITH"},{"data":"Turbo","floor":40,"key":"SMITH"},{"floor":47,"key":"REST"},{"data":"Noxious Fumes","floor":49,"key":"SMITH"}],"neow_cost":"","seed_source_timestamp":0,"circlet_count":0,"master_deck":["Dagger Spray","Acrobatics","Auto Shields+1","Cloak And Dagger","Streamline","Iron Wave","Cleave","Battle Trance","Infinite Blades","Cloak And Dagger","Leap","Reflex","Cloak And Dagger","Entrench","Clothesline","Skim+1","Sever Soul","Compile Driver","Disarm","Sword Boomerang","Iron Wave","Evolve","Stack","Perfected Strike","FTL","Gash","Lockon","Chaos","Heavy Blade","Clash","Armaments+1","Reinforced Body","Intimidate","Deflect","Flechettes","Deflect","Hologram","Outmaneuver","Go for the Eyes","Thunderclap","Flex","Reckless Charge","Deadly Poison","Well Laid Plans+1","Finisher","Sucker Punch","Quick Slash","Terror","Genetic Algorithm","Bullet Time","Concentrate","Body Slam+1","Reprogram","Quick Slash+1","Rebound+1","White Noise","Buffer+1","Rebound+1","Self Repair+1","BootSequence+1","PiercingWail","Storm+1","Sweeping Beam+1","Immolate+1","Poisoned Stab+1","Static Discharge","Armaments+1","Turbo+1","Blur+1","Rip and Tear+1","Havoc+1","Capacitor","Noxious Fumes+1","Inflame+1","Armaments+1"],"special_seed":17846,"relics":["Ring of the Snake","Molten Egg 2","Bird Faced Urn","Bronze Scales","Happy Flower","Regal Pillow","WristBlade","Lantern","The Specimen","Incense Burner","Gambling Chip","HandDrill","Empty Cage","Boot","Vajra","Ancient Tea Set","Blue Candle","Dream Catcher"],"potions_floor_usage":[13,16,25,25,25,29,33,38,44,45,46,50],"damage_taken":[{"damage":0,"enemies":"Jaw Worm","floor":1,"turns":3},{"damage":0,"enemies":"Cultist","floor":3,"turns":3},{"damage":33,"enemies":"Lagavulin","floor":7,"turns":6},{"damage":0,"enemies":"Small Slimes","floor":11,"turns":3},{"damage":10,"enemies":"3 Sentries","floor":12,"turns":5},{"damage":5,"enemies":"Lagavulin","floor":13,"turns":6},{"damage":0,"enemies":"Looter","floor":14,"turns":2},{"damage":29,"enemies":"The Guardian","floor":16,"turns":9},{"damage":7,"enemies":"2 Thieves","floor":18,"turns":4},{"damage":0,"enemies":"Shell Parasite","floor":20,"turns":5},{"damage":13,"enemies":"Book of Stabbing","floor":21,"turns":4},{"damage":6,"enemies":"Centurion and Healer","floor":24,"turns":6},{"damage":12,"enemies":"Gremlin Leader","floor":25,"turns":8},{"damage":17,"enemies":"Shelled Parasite and Fungi","floor":27,"turns":6},{"damage":0,"enemies":"3 Cultists","floor":29,"turns":3},{"damage":31,"enemies":"Champ","floor":33,"turns":13},{"damage":10,"enemies":"3 Shapes","floor":35,"turns":5},{"damage":0,"enemies":"Orb Walker","floor":37,"turns":2},{"damage":4,"enemies":"Sphere and 2 Shapes","floor":38,"turns":7},{"damage":3,"enemies":"Reptomancer","floor":41,"turns":7},{"damage":60,"enemies":"Giant Head","floor":44,"turns":8},{"damage":12,"enemies":"3 Darklings","floor":45,"turns":5},{"damage":22,"enemies":"Maw","floor":46,"turns":8},{"damage":0,"enemies":"4 Shapes","floor":48,"turns":6},{"damage":95,"enemies":"Time Eater","floor":50,"turns":10}],"seed_played":"4248358927187569089","potions_obtained":[{"floor":7,"key":"SpeedPotion"},{"floor":12,"key":"PowerPotion"},{"floor":14,"key":"FearPotion"},{"floor":18,"key":"PowerPotion"},{"floor":24,"key":"AttackPotion"},{"floor":25,"key":"AttackPotion"},{"floor":33,"key":"GhostInAJar"},{"floor":41,"key":"Swift Potion"},{"floor":44,"key":"EssenceOfSteel"},{"floor":45,"key":"EssenceOfSteel"},{"floor":48,"key":"SkillPotion"}],"is_trial":false,"path_per_floor":["M","?","M","?","T","R","E","R","T","R","M","E","E","M","R","B",null,"M","?","M","E","?","R","M","E","T","M","$","M","R","$","R","B",null,"M","T","M","M","$","R","E","$","T","E","M","M","R","M","R","B"],"character_chosen":"THE_SILENT","items_purchased":["HandDrill","SkillPotion","Vajra","Turbo","Rip and Tear+1"],"campfire_rested":2,"item_purchase_floors":[28,28,39,39,42],"current_hp_per_floor":[70,70,70,75,75,75,42,42,42,64,64,56,55,55,55,32,75,68,68,74,65,65,65,74,74,74,70,70,75,75,75,75,60,75,65,65,67,75,75,75,75,75,75,27,29,31,68,75,75,0],"gold":89,"neow_bonus":"","is_prod":false,"is_daily":true,"chose_seed":false,"campfire_upgraded":8,"win_rate":0,"timestamp":1541907944,"path_taken":["M","?","?","?","?","R","E","R","T","R","M","?","E","M","R","BOSS","M","?","M","?","?","R","M","E","T","?","$","M","R","?","R","BOSS","M","?","M","?","$","R","?","?","T","E","M","M","R","M","R","BOSS"],"build_version":"2018-11-08","purchased_purges":1,"victory":false,"max_hp_per_floor":[70,70,70,75,75,75,75,75,75,75,75,75,75,75,75,75,75,75,75,75,75,75,75,75,75,75,75,75,75,75,75,75,75,75,75,75,75,75,75,75,75,75,75,75,75,75,75,75,75,75],"card_choices":[{"not_picked":["Dodge and Roll","Headbutt"],"picked":"Terror","floor":1},{"not_picked":["Leg Sweep","Hello World"],"picked":"Concentrate","floor":3},{"not_picked":["Anger+1","Havoc"],"picked":"Body Slam+1","floor":7},{"not_picked":["Sever Soul+1","Tempest"],"picked":"Reprogram","floor":11},{"not_picked":["Iron Wave+1","Distraction"],"picked":"Quick Slash+1","floor":12},{"not_picked":["Redo","Lockon+1"],"picked":"Rebound+1","floor":13},{"not_picked":["Perfected Strike+1","Hello World"],"picked":"White Noise","floor":14},{"not_picked":["Biased Cognition","Fission"],"picked":"Buffer","floor":16},{"not_picked":["Accuracy","Barrage+1"],"picked":"Rebound+1","floor":18},{"not_picked":["Dagger Throw+1","Quick Slash+1"],"picked":"Self Repair","floor":20},{"not_picked":["Slice+1","Bloodletting","Impervious"],"picked":"SKIP","floor":21},{"not_picked":["Havoc+1","Rebound+1"],"picked":"BootSequence+1","floor":24},{"not_picked":["Self Repair","Rebound+1"],"picked":"PiercingWail","floor":25},{"not_picked":["Acrobatics+1","Deadly Poison"],"picked":"Storm+1","floor":27},{"not_picked":["Redo","Clash+1"],"picked":"Sweeping Beam+1","floor":29},{"not_picked":["Glass Knife+1","After Image"],"picked":"Immolate+1","floor":33},{"not_picked":["Twin Strike+1","Outmaneuver"],"picked":"Poisoned Stab+1","floor":35},{"not_picked":["Ball Lightning+1","Headbutt+1"],"picked":"Static Discharge","floor":37},{"not_picked":["Dual Wield+1","Blade Dance+1"],"picked":"Armaments+1","floor":38},{"not_picked":["Leg Sweep","Reinforced Body+1"],"picked":"Blur+1","floor":41},{"not_picked":["Heatsinks","Evolve+1"],"picked":"Havoc+1","floor":44},{"not_picked":["Blood for Blood+1","Sever Soul+1"],"picked":"Capacitor","floor":45},{"not_picked":["Havoc+1","Backflip"],"picked":"Noxious Fumes","floor":46},{"not_picked":["Intimidate","Rampage+1"],"picked":"Inflame+1","floor":47},{"not_picked":["Second Wind","Deadly Poison"],"picked":"Armaments+1","floor":48}],"player_experience":2193860,"relics_obtained":[{"floor":5,"key":"Molten Egg 2"},{"floor":7,"key":"Bird Faced Urn"},{"floor":9,"key":"Bronze Scales"},{"floor":12,"key":"Happy Flower"},{"floor":13,"key":"Regal Pillow"},{"floor":21,"key":"Lantern"},{"floor":25,"key":"Incense Burner"},{"floor":26,"key":"Gambling Chip"},{"floor":36,"key":"Boot"},{"floor":41,"key":"Ancient Tea Set"},{"floor":43,"key":"Blue Candle"},{"floor":44,"key":"Dream Catcher"}],"event_choices":[{"damage_healed":0,"gold_gain":0,"player_choice":"2 cards matched","damage_taken":0,"max_hp_gain":0,"max_hp_loss":0,"event_name":"Match and Keep!","floor":2,"gold_loss":0,"cards_obtained":["Genetic Algorithm","Bullet Time"]},{"damage_healed":0,"gold_gain":0,"player_choice":"Donut","damage_taken":0,"max_hp_gain":5,"max_hp_loss":0,"event_name":"Big Fish","floor":4,"gold_loss":0},{"damage_healed":0,"gold_gain":0,"player_choice":"Bet on Murderer","damage_taken":0,"max_hp_gain":0,"max_hp_loss":0,"event_name":"The Joust","floor":19,"gold_loss":50},{"damage_healed":0,"gold_gain":0,"player_choice":"Obtained Relic","damage_taken":0,"relics_obtained":["The Specimen"],"max_hp_gain":0,"max_hp_loss":0,"event_name":"Addict","floor":22,"gold_loss":85}],"is_beta":false,"boss_relics":[{"not_picked":["Runic Pyramid","Lizard Tail"],"picked":"WristBlade"},{"not_picked":["Orrery","Runic Dome"],"picked":"Empty Cage"}],"items_purged_floors":[28],"is_endless":false,"potions_floor_spawned":[7,12,14,18,24,25,33,41,44,45,48],"killed_by":"Time Eater","ascension_level":0}