{"gold_per_floor":[118,136,22,22,41,41,41,41,41,59,59,76,76,95,95,191,191,203,220,238,110,121,121,136,154,154,154,166,166,14,14,14,111,111,128,146,160,35,35,35,35,35,35,35,55,55,55,66,66,66],"floor_reached":50,"playtime":2557,"items_purged":["Strike_G","Strike_G","Strike_G"],"score":486,"play_id":"58b7846a-72b2-4f2a-b6e2-f1c107da2b5f","local_time":"20190417150428","is_ascension_mode":false,"campfire_choices":[{"data":"Noxious Fumes","floor":6,"key":"SMITH"},{"data":"Neutralize","floor":8,"key":"SMITH"},{"data":"Footwork","floor":11,"key":"SMITH"},{"data":"Dodge and Roll","floor":15,"key":"SMITH"},{"data":"Deadly Poison","floor":23,"key":"SMITH"},{"data":"Leg Sweep","floor":27,"key":"SMITH"},{"floor":32,"key":"REST"},{"data":"Glass Knife","floor":40,"key":"SMITH"},{"data":"Die Die Die","floor":44,"key":"SMITH"},{"data":"Backflip","floor":46,"key":"SMITH"},{"data":"Survivor","floor":49,"key":"SMITH"}],"neow_cost":"NONE","seed_source_timestamp":674147219728208,"circlet_count":0,"master_deck":["Defend_G","Defend_G","Defend_G","Defend_G","Defend_G","Strike_G","Survivor+1","Neutralize+1","PiercingWail","Noxious Fumes+1","Backflip+1","Leg Sweep+1","Footwork+1","Dodge and Roll+1","Die Die Die+1","Backflip+1","PiercingWail+1","Deadly Poison+1","Acrobatics","Deflect","Necronomicurse","Glass Knife+1","Flying Knee+1","Doubt","Parasite","Flechettes+1","PiercingWail+1"],"relics":["Busted Crown","Necronomicon"],"potions_floor_usage":[10,16,16,33,36,37,50,50],"damage_taken":[{"damage":0,"enemies":"Cultist","floor":1,"turns":3},{"damage":0,"enemies":"Jaw Worm","floor":2,"turns":4},{"damage":0,"enemies":"2 Louse","floor":5,"turns":3},{"damage":0,"enemies":"Gremlin Gang","floor":10,"turns":6},{"damage":0,"enemies":"3 Louse","floor":12,"turns":4},{"damage":0,"enemies":"2 Fungi Beasts","floor":14,"turns":4},{"damage":0,"enemies":"The Guardian","floor":16,"turns":12},{"damage":2,"enemies":"Spheric Guardian","floor":18,"turns":8},{"damage":7,"enemies":"3 Byrds","floor":19,"turns":5},{"damage":0,"enemies":"Shelled Parasite and Fungi","floor":20,"turns":10},{"damage":2,"enemies":"Snecko","floor":22,"turns":8},{"damage":0,"enemies":"Centurion and Healer","floor":24,"turns":8},{"damage":1,"enemies":"Cultist and Chosen","floor":25,"turns":7},{"damage":0,"enemies":"Shelled Parasite and Fungi","floor":28,"turns":7},{"damage":26,"enemies":"Champ","floor":33,"turns":20},{"damage":0,"enemies":"3 Shapes","floor":35,"turns":8},{"damage":13,"enemies":"Orb Walker","floor":36,"turns":6},{"damage":7,"enemies":"4 Shapes","floor":37,"turns":6},{"damage":0,"enemies":"Writhing Mass","floor":45,"turns":8},{"damage":5,"enemies":"3 Darklings","floor":48,"turns":7},{"damage":77,"enemies":"Time Eater","floor":50,"turns":17}],"seed_played":"8338178858829423346","potions_obtained":[{"floor":1,"key":"SkillPotion"},{"floor":5,"key":"FearPotion"},{"floor":10,"key":"LiquidBronze"},{"floor":12,"key":"EssenceOfSteel"},{"floor":13,"key":"PowerPotion"},{"floor":20,"key":"GamblersBrew"},{"floor":24,"key":"GhostInAJar"},{"floor":36,"key":"Poison Potion"},{"floor":48,"key":"Explosive Potion"}],"is_trial":false,"path_per_floor":["M","M","$","$","M","R","?","R","T","M","R","M","?","M","R","B",null,"M","M","M","$","M","R","M","M","T","R","M","?","$","?","R","B",null,"M","M","M","$","?","R","?","?","T","R","M","R","$","M","R","B"],"character_chosen":"THE_SILENT","items_purchased":["Noxious Fumes","Backflip","Deadly Poison","Weak Potion"],"campfire_rested":1,"item_purchase_floors":[3,3,21,30],"current_hp_per_floor":[70,70,70,70,70,70,63,63,63,63,63,63,63,63,63,63,70,68,61,61,61,59,59,59,58,58,58,58,45,45,29,51,25,75,75,62,55,55,55,55,75,75,75,75,75,75,75,70,70,0],"gold":66,"neow_bonus":"BOSS_RELIC","is_prod":false,"is_daily":false,"chose_seed":false,"campfire_upgraded":10,"win_rate":0,"timestamp":1555527868,"path_taken":["M","M","?","$","?","R","?","R","T","M","R","M","?","M","R","BOSS","M","M","M","$","M","R","?","M","T","R","M","?","$","?","R","BOSS","M","M","M","$","?","R","?","?","T","R","?","R","$","M","R","BOSS"],"build_version":"2019-01-23","purchased_purges":3,"victory":false,"max_hp_per_floor":[70,70,70,70,70,70,70,70,70,70,70,70,70,70,70,70,70,70,70,70,70,70,70,70,70,70,70,70,75,75,75,75,75,75,75,75,75,75,75,75,75,75,75,75,75,75,75,75,75,75],"card_choices":[{"not_picked":[],"picked":"PiercingWail","floor":1},{"not_picked":["Underhanded Strike"],"picked":"SKIP","floor":2},{"not_picked":[],"picked":"Leg Sweep","floor":5},{"not_picked":[],"picked":"Footwork","floor":10},{"not_picked":["Prepared"],"picked":"SKIP","floor":12},{"not_picked":[],"picked":"Dodge and Roll","floor":14},{"not_picked":[],"picked":"Die Die Die","floor":16},{"not_picked":[],"picked":"Backflip","floor":18},{"not_picked":["Distraction"],"picked":"SKIP","floor":19},{"not_picked":[],"picked":"PiercingWail+1","floor":20},{"not_picked":["Dagger Spray"],"picked":"SKIP","floor":22},{"not_picked":[],"picked":"Acrobatics","floor":24},{"not_picked":[],"picked":"Deflect","floor":25},{"not_picked":["Quick Slash"],"picked":"SKIP","floor":28},{"not_picked":[],"picked":"Glass Knife","floor":33},{"not_picked":["Accuracy"],"picked":"SKIP","floor":35},{"not_picked":[],"picked":"Flying Knee+1","floor":36},{"not_picked":["Flying Knee"],"picked":"SKIP","floor":37},{"not_picked":[],"picked":"Flechettes+1","floor":45},{"not_picked":[],"picked":"PiercingWail+1","floor":48}],"player_experience":3387391,"relics_obtained":[{"floor":31,"key":"Necronomicon"}],"event_choices":[{"cards_removed":["Strike_G"],"damage_healed":0,"gold_gain":0,"player_choice":"Card Removal","damage_taken":7,"max_hp_gain":0,"max_hp_loss":0,"event_name":"Golden Wing","floor":7,"gold_loss":0},{"damage_healed":0,"gold_gain":0,"player_choice":"Got Potions","damage_taken":0,"max_hp_gain":0,"max_hp_loss":0,"event_name":"Lab","floor":13,"gold_loss":0},{"damage_healed":0,"gold_gain":0,"player_choice":"Shed Blood","damage_taken":18,"max_hp_gain":5,"max_hp_loss":0,"event_name":"Forgotten Altar","floor":29,"gold_loss":0},{"damage_healed":0,"gold_gain":0,"player_choice":"Obtained Book","damage_taken":16,"max_hp_gain":0,"max_hp_loss":0,"event_name":"Cursed Tome","floor":31,"gold_loss":0},{"damage_healed":0,"gold_gain":0,"player_choice":"Ignored","damage_taken":0,"max_hp_gain":0,"max_hp_loss":0,"event_name":"Mysterious Sphere","floor":39,"gold_loss":0},{"damage_healed":20,"gold_gain":0,"player_choice":"Heal","damage_taken":0,"max_hp_gain":0,"max_hp_loss":0,"event_name":"MindBloom","floor":41,"gold_loss":0,"cards_obtained":["Doubt"]},{"damage_healed":0,"gold_gain":0,"player_choice":"Upgraded","damage_taken":0,"max_hp_gain":0,"max_hp_loss":0,"event_name":"Upgrade Shrine","floor":42,"gold_loss":0,"cards_upgraded":["Backflip"]}],"is_beta":false,"boss_relics":[{"not_picked":["White Beast Statue","Astrolabe","Cursed Key"]},{"not_picked":["Velvet Choker","WristBlade","Runic Dome"]}],"items_purged_floors":[21,30,38],"is_endless":false,"potions_floor_spawned":[1,5,10,12,20,24,36,48],"killed_by":"Time Eater","ascension_level":0}