{"path_per_floor":["M","M","?","?","M","E","R","M","T","$","R","M","$","M","R","B",null,"M","T","M","?","?","R","E","?","T","T","?","R","M","M","R"],"character_chosen":"IRONCLAD","items_purchased":["Searing Blow","Armaments","Madness","Anchor"],"gold_per_floor":[316,331,331,331,349,408,408,419,443,142,142,154,10,23,23,120,120,130,154,171,96,96,96,126,126,173,224,224,224,238,256,256],"floor_reached":33,"campfire_rested":2,"playtime":4778,"current_hp_per_floor":[73,76,76,60,66,63,63,69,69,69,69,74,74,78,78,58,80,64,64,55,55,55,55,9,9,9,9,9,33,25,25,49],"items_purged":["Strike_R"],"gold":256,"play_id":"8a8033ed-fd24-4dbb-aede-c34db26e0c08","is_prod":false,"is_daily":false,"campfire_rituals":0,"campfire_upgraded":4,"is_hardmode":false,"path_taken":["M","?","?","?","M","E","R","M","T","?","R","M","$","M","R","BOSS","M","?","M","?","?","R","E","?","T","?","?","R","M","M","R","BOSS"],"build_version":"2018-01-18-PROD4","purchased_purges":1,"victory":false,"master_deck":["Strike_R","Strike_R","Defend_R","Defend_R","Defend_R","Defend_R","Bash","Body Slam","Headbutt","Shrug It Off","Inflame","Shrug It Off","Searing Blow","Armaments","Madness","Iron Wave","Intimidate","Barricade","Rage","Power Through","Writhe","Body Slam","Seeing Red","Double Tap"],"max_hp_per_floor":[80,80,80,80,80,80,80,80,80,80,80,80,80,80,80,80,80,80,80,80,80,80,80,80,80,80,80,80,80,80,80,80],"relics":["Burning Blood","Old Coin","Tiny Chest","Whetstone","Anchor","Snecko Eye","Juzu Bracelet","Centennial Puzzle","War Paint","Happy Flower","Oddly Smooth Stone"],"campfire_meditates":0,"card_choices":[{"not_picked":["Evolve","Perfected Strike"],"picked":"Body Slam"},{"not_picked":["Perfected Strike","Dual Wield"],"picked":"Headbutt"},{"not_picked":["Bludgeon","Clothesline"],"picked":"Shrug It Off"},{"not_picked":["Headbutt","Thunderclap"],"picked":"Inflame"},{"not_picked":["Whirlwind","Fire Breathing"],"picked":"Shrug It Off"},{"not_picked":["Combust","Pummel"],"picked":"Iron Wave"},{"not_picked":["Headbutt","Rupture"],"picked":"Intimidate"},{"not_picked":["Immolate","Dark Embrace"],"picked":"Barricade"},{"not_picked":["Sever Soul","Clash"],"picked":"Rage"},{"not_picked":["Thunderclap","True Grit"],"picked":"Power Through"},{"not_picked":["Armaments","Disarm"],"picked":"Body Slam"},{"not_picked":["Power Through","Uppercut"],"picked":"Seeing Red"},{"not_picked":["Perfected Strike","Warcry"],"picked":"Double Tap"}],"player_experience":158116,"potions_floor_usage":[6,6,12,12,33],"damage_taken":[{"damage":13,"enemies":"Blue Slaver","floor":1,"turns":5},{"damage":3,"enemies":"Jaw Worm","floor":2,"turns":4},{"damage":0,"enemies":"2 Louse","floor":5,"turns":3},{"damage":9,"enemies":"3 Sentries","floor":6,"turns":6},{"damage":0,"enemies":"2 Fungi Beasts","floor":8,"turns":3},{"damage":1,"enemies":"Gremlin Gang","floor":12,"turns":3},{"damage":2,"enemies":"Looter","floor":14,"turns":3},{"damage":26,"enemies":"Slime Boss","floor":16,"turns":9},{"damage":22,"enemies":"Spheric Guardian","floor":18,"turns":4},{"damage":15,"enemies":"Chosen","floor":20,"turns":5},{"damage":52,"enemies":"Slavers","floor":24,"turns":10},{"damage":14,"enemies":"Snake Plant","floor":30,"turns":4},{"damage":6,"enemies":"Centurion and Healer","floor":31,"turns":9},{"damage":65,"enemies":"Collector","floor":33,"turns":6}],"event_choices":[{"event_name":"Accursed Blacksmith","player_choice":"Forge","floor":3,"damage_taken":0},{"event_name":"Shining Light","player_choice":"Entered Light","floor":4,"damage_taken":0},{"event_name":"Beggar","player_choice":"Gave Gold","floor":21,"damage_taken":0},{"event_name":"The Mausoleum","player_choice":"Yes","floor":22,"damage_taken":0},{"event_name":"Back to Basics","player_choice":"Elegance","floor":25,"damage_taken":0},{"event_name":"Vampires","player_choice":"Ignored","floor":28,"damage_taken":0}],"boss_relics":[{"not_picked":["Pandora\u0027s Box","Ectoplasm"],"picked":"Snecko Eye"}],"potions_floor_spawned":[1,5,6,8,24],"seed_played":"-971990685904448241","killed_by":"Collector","is_trial":false}