{"gold_per_floor":[113,44,19,19,31,66,83,102,102,102,27,27,68,87,87,208,208,224,17,0,0,0,0,14,14,40,40,40,14,14,14,14,111,111,122,122,84,96,111,111,122,122,122,122,155,172,172,185,185,185],"floor_reached":50,"playtime":2599,"items_purged":["Strike_B"],"score":676,"play_id":"79c5b5c6-0925-4351-94b6-7a63dab6e289","local_time":"20181204154542","is_ascension_mode":true,"campfire_choices":[{"data":"White Noise","floor":12,"key":"SMITH"},{"data":"Consume","floor":15,"key":"SMITH"},{"data":"Biased Cognition","floor":23,"key":"SMITH"},{"data":"Capacitor","floor":25,"key":"SMITH"},{"data":"Static Discharge","floor":27,"key":"SMITH"},{"data":"Hologram","floor":32,"key":"SMITH"},{"floor":40,"key":"REST"},{"floor":42,"key":"REST"},{"floor":44,"key":"REST"},{"floor":47,"key":"REST"},{"floor":49,"key":"RECALL"}],"neow_cost":"NONE","seed_source_timestamp":1788463861022855,"circlet_count":0,"master_deck":["Defend_B","Defend_B","Defend_B","Defend_B","Zap+1","Dualcast","Ball Lightning","Capacitor+1","Ball Lightning","Auto Shields+1","Leap","Hologram+1","White Noise+1","Consume+1","Coolheaded","Biased Cognition+1","Stack+1","Static Discharge+1","Shame","Conserve Battery","Conserve Battery","Electrodynamics","Leap","Multi-Cast","Defragment","Consume+1","Redo","Coolheaded+1","Redo+1"],"relics":["Cracked Core","NeowsBlessing","War Paint","Question Card","Bloody Idol","Turnip","Busted Crown","Runic Capacitor","Lantern","Anchor","Empty Cage","Darkstone Periapt"],"potions_floor_usage":[13,24,33,39,39,48,48],"damage_taken":[{"damage":0,"enemies":"Cultist","floor":1,"turns":1},{"damage":0,"enemies":"2 Louse","floor":5,"turns":1},{"damage":0,"enemies":"Lagavulin","floor":6,"turns":1},{"damage":3,"enemies":"Small Slimes","floor":7,"turns":2},{"damage":8,"enemies":"Blue Slaver","floor":8,"turns":2},{"damage":10,"enemies":"3 Sentries","floor":13,"turns":7},{"damage":0,"enemies":"Red Slaver","floor":14,"turns":3},{"damage":10,"enemies":"The Guardian","floor":16,"turns":11},{"damage":0,"enemies":"Spheric Guardian","floor":18,"turns":3},{"damage":5,"enemies":"Shell Parasite","floor":24,"turns":6},{"damage":7,"enemies":"Automaton","floor":33,"turns":6},{"damage":0,"enemies":"3 Darklings","floor":35,"turns":3},{"damage":0,"enemies":"3 Shapes","floor":38,"turns":3},{"damage":46,"enemies":"Jaw Worm Horde","floor":39,"turns":4},{"damage":32,"enemies":"Spire Growth","floor":41,"turns":5},{"damage":47,"enemies":"Giant Head","floor":45,"turns":8},{"damage":10,"enemies":"Transient","floor":46,"turns":5},{"damage":0,"enemies":"4 Shapes","floor":48,"turns":3},{"damage":51,"enemies":"Donu and Deca","floor":50,"turns":4}],"seed_played":"449969788806418139","potions_obtained":[{"floor":6,"key":"Block Potion"},{"floor":7,"key":"Weak Potion"},{"floor":13,"key":"LiquidBronze"},{"floor":14,"key":"GamblersBrew"},{"floor":33,"key":"Weak Potion"},{"floor":35,"key":"Fire Potion"},{"floor":39,"key":"Energy Potion"},{"floor":46,"key":"SkillPotion"}],"is_trial":false,"path_per_floor":["M","$","$","?","M","E","M","M","T","?","$","R","E","M","R","B",null,"M","$","?","?","?","R","M","R","T","R","?","$","?","$","R","B",null,"M","?","$","M","M","R","M","R","T","R","E","M","R","M","R","B"],"character_chosen":"DEFECT","items_purchased":["Capacitor","Ball Lightning","Runic Capacitor","Conserve Battery","Defragment"],"campfire_rested":4,"item_purchase_floors":[2,3,19,29,37],"current_hp_per_floor":[68,68,68,68,68,68,65,57,57,57,57,57,47,47,47,37,61,61,61,61,61,61,61,61,61,66,66,66,66,66,66,66,64,68,69,69,69,69,28,48,21,41,41,61,19,14,34,39,39,0],"gold":185,"neow_bonus":"THREE_ENEMY_KILL","is_prod":false,"is_daily":false,"chose_seed":false,"campfire_upgraded":6,"win_rate":0,"timestamp":1543956342,"path_taken":["M","?","$","?","M","E","M","M","T","?","?","R","E","M","R","BOSS","M","$","?","?","?","R","M","R","T","R","?","$","?","?","R","BOSS","M","?","$","?","M","R","M","R","T","R","E","M","R","M","R","BOSS"],"build_version":"2018-11-15","purchased_purges":1,"victory":false,"max_hp_per_floor":[75,75,75,75,75,75,75,75,75,69,69,69,69,69,69,69,69,69,69,69,69,69,69,69,69,69,69,69,69,69,69,69,69,69,69,69,69,69,69,69,69,69,69,69,69,69,69,69,69,69],"card_choices":[{"not_picked":["Stack","Coolheaded"],"picked":"Ball Lightning","floor":1},{"not_picked":["Redo","Beam Cell"],"picked":"Auto Shields","floor":5},{"not_picked":["Go for the Eyes","BootSequence"],"picked":"Leap","floor":6},{"not_picked":["Compile Driver","Scrape"],"picked":"Hologram","floor":7},{"not_picked":["Tempest","Go for the Eyes"],"picked":"White Noise","floor":8},{"not_picked":["Heatsinks","Hello World","Melter"],"picked":"Consume","floor":13},{"not_picked":["Hello World","Hologram","Reprogram"],"picked":"Coolheaded","floor":14},{"not_picked":["All For One","Buffer","Rainbow"],"picked":"Biased Cognition","floor":16},{"not_picked":["Hologram"],"picked":"Stack+1","floor":18},{"not_picked":["Self Repair"],"picked":"Static Discharge","floor":24},{"not_picked":["Rainbow"],"picked":"Electrodynamics","floor":33},{"not_picked":["Compile Driver+1"],"picked":"Leap","floor":35},{"not_picked":["Rebound"],"picked":"Consume+1","floor":38},{"not_picked":["Hologram"],"picked":"Redo","floor":39},{"not_picked":["Sweeping Beam","Rip and Tear+1"],"picked":"SKIP","floor":41},{"not_picked":["Streamline"],"picked":"Coolheaded+1","floor":45},{"not_picked":["Compile Driver","Rip and Tear"],"picked":"SKIP","floor":46},{"not_picked":["Go for the Eyes"],"picked":"Redo+1","floor":48}],"player_experience":2642772,"relics_obtained":[{"floor":6,"key":"War Paint"},{"floor":9,"key":"Question Card"},{"floor":13,"key":"Turnip"},{"floor":26,"key":"Lantern"},{"floor":45,"key":"Darkstone Periapt"}],"event_choices":[{"damage_healed":0,"gold_gain":0,"player_choice":"Leave","damage_taken":0,"max_hp_gain":0,"max_hp_loss":0,"event_name":"The Cleric","floor":4,"gold_loss":0},{"damage_healed":0,"gold_gain":0,"player_choice":"Lose Max HP","damage_taken":0,"relics_obtained":["Golden Idol"],"max_hp_gain":0,"max_hp_loss":6,"event_name":"Golden Idol","floor":10,"gold_loss":0},{"damage_healed":0,"gold_gain":0,"player_choice":"Paid Fearfully","damage_taken":0,"max_hp_gain":0,"max_hp_loss":0,"event_name":"Masked Bandits","floor":20,"gold_loss":17},{"damage_healed":0,"gold_gain":0,"player_choice":"Ignored","damage_taken":0,"max_hp_gain":0,"max_hp_loss":0,"event_name":"Beggar","floor":21,"gold_loss":0},{"damage_healed":0,"gold_gain":0,"player_choice":"Gave Idol","damage_taken":0,"relics_obtained":["Bloody Idol"],"max_hp_gain":0,"max_hp_loss":0,"event_name":"Forgotten Altar","floor":22,"relics_lost":["Golden Idol"],"gold_loss":0},{"damage_healed":0,"gold_gain":0,"player_choice":"Stole Relic","damage_taken":0,"relics_obtained":["Anchor"],"max_hp_gain":0,"max_hp_loss":0,"event_name":"Addict","floor":28,"gold_loss":0,"cards_obtained":["Shame"]},{"damage_healed":0,"gold_gain":0,"player_choice":"Read","damage_taken":0,"max_hp_gain":0,"max_hp_loss":0,"event_name":"The Library","floor":30,"gold_loss":0,"cards_obtained":["Conserve Battery"]},{"damage_healed":0,"gold_gain":0,"cards_transformed":["Strike_B"],"player_choice":"Transformed","damage_taken":0,"max_hp_gain":0,"max_hp_loss":0,"event_name":"Transmorgrifier","floor":36,"gold_loss":0,"cards_obtained":["Multi-Cast"]}],"is_beta":false,"boss_relics":[{"not_picked":["Ectoplasm","Lizard Tail"],"picked":"Busted Crown"},{"not_picked":["Tiny House","White Beast Statue"],"picked":"Empty Cage"}],"items_purged_floors":[11],"is_endless":false,"potions_floor_spawned":[6,7,13,14,33,35,39,46],"killed_by":"Donu and Deca","ascension_level":7}