{"gold_per_floor":[12,30,40,40,54,54,86,86,138,154,154,186,186,200,200,271,271,286,299,299,12,23,23,39,39,39,39],"floor_reached":27,"playtime":2200,"items_purged":["Strike_G"],"score":439,"play_id":"68eb871c-1ac2-48a7-84e0-7f88ca4459b3","local_time":"20181113113424","is_ascension_mode":true,"campfire_choices":[{"data":"Glass Knife","floor":6,"key":"SMITH"},{"floor":8,"key":"REST"},{"floor":11,"key":"REST"},{"floor":15,"key":"REST"},{"data":"Noxious Fumes","floor":23,"key":"SMITH"},{"floor":25,"key":"REST"}],"neow_cost":"NO_GOLD","seed_source_timestamp":752823863825892,"circlet_count":0,"master_deck":["AscendersBane","Defend_G","Defend_G+1","Defend_G","Defend_G","Defend_G","Strike_G","Strike_G","Strike_G","Strike_G","Survivor+1","Neutralize","Malaise+1","Sucker Punch","Quick Slash","Glass Knife+1","Poisoned Stab","Flying Knee","PiercingWail","Outmaneuver","Burst","Caltrops","Noxious Fumes+1","Backstab","Catalyst"],"relics":["Ring of the Snake","The Courier","Blood Vial","War Paint","Snecko Eye","Bag of Preparation","Matryoshka"],"potions_floor_usage":[5,5,12,12,16,18,19,22],"damage_taken":[{"damage":2,"enemies":"2 Louse","floor":1,"turns":3},{"damage":6,"enemies":"Cultist","floor":2,"turns":5},{"damage":7,"enemies":"Small Slimes","floor":3,"turns":5},{"damage":22,"enemies":"Exordium Thugs","floor":5,"turns":6},{"damage":28,"enemies":"Gremlin Nob","floor":7,"turns":5},{"damage":6,"enemies":"Large Slime","floor":10,"turns":5},{"damage":36,"enemies":"3 Sentries","floor":12,"turns":8},{"damage":3,"enemies":"3 Louse","floor":14,"turns":4},{"damage":23,"enemies":"The Guardian","floor":16,"turns":16},{"damage":7,"enemies":"Shell Parasite","floor":18,"turns":7},{"damage":5,"enemies":"3 Byrds","floor":19,"turns":6},{"damage":4,"enemies":"Snake Plant","floor":22,"turns":4},{"damage":27,"enemies":"Centurion and Healer","floor":24,"turns":7},{"damage":39,"enemies":"Cultist and Chosen","floor":27,"turns":5}],"seed_played":"-3449544496018670253","potions_obtained":[{"floor":2,"key":"Energy Potion"},{"floor":3,"key":"Regen Potion"},{"floor":5,"key":"Weak Potion"},{"floor":10,"key":"Regen Potion"},{"floor":14,"key":"Block Potion"},{"floor":16,"key":"Block Potion"},{"floor":18,"key":"FearPotion"},{"floor":19,"key":"LiquidBronze"}],"is_trial":false,"path_per_floor":["M","M","M","$","M","R","E","R","T","M","R","E","?","M","R","B",null,"M","M","?","$","M","R","M","R","T","M"],"character_chosen":"THE_SILENT","items_purchased":["Bag of Preparation","Noxious Fumes","Backstab"],"campfire_rested":4,"item_purchase_floors":[21,21,21],"current_hp_per_floor":[57,51,44,44,37,37,9,28,28,24,43,24,15,14,33,12,53,48,45,45,45,43,43,18,37,37,0],"gold":39,"neow_bonus":"THREE_RARE_CARDS","is_prod":false,"is_daily":false,"chose_seed":false,"campfire_upgraded":2,"win_rate":0,"timestamp":1542126864,"path_taken":["M","M","M","$","M","R","E","R","T","M","R","E","?","M","R","BOSS","M","M","?","$","M","R","M","R","T","?"],"build_version":"2018-11-08","purchased_purges":1,"victory":false,"max_hp_per_floor":[66,66,66,66,66,66,66,66,66,66,66,66,66,66,66,66,66,66,66,66,66,66,66,66,66,66,66],"card_choices":[{"not_picked":["Bullet Time","Tools of the Trade"],"picked":"Malaise","floor":0},{"not_picked":["Underhanded Strike","Flechettes","Bane"],"picked":"SKIP","floor":1},{"not_picked":["Blade Dance","Underhanded Strike"],"picked":"Sucker Punch","floor":2},{"not_picked":["Finisher","Flying Knee"],"picked":"Quick Slash","floor":3},{"not_picked":["Eviscerate","Dodge and Roll"],"picked":"Glass Knife","floor":5},{"not_picked":["Blade Dance","Venomology"],"picked":"Poisoned Stab","floor":7},{"not_picked":["Tactician","Cloak And Dagger"],"picked":"Flying Knee","floor":10},{"not_picked":["Sucker Punch","Flying Knee"],"picked":"PiercingWail","floor":12},{"not_picked":["Concentrate","Dagger Spray"],"picked":"Outmaneuver","floor":14},{"not_picked":["A Thousand Cuts","Grand Finale"],"picked":"Burst","floor":16},{"not_picked":["Underhanded Strike","Flying Knee"],"picked":"Caltrops","floor":18},{"not_picked":["Calculated Gamble","Expertise","Concentrate"],"picked":"SKIP","floor":19},{"not_picked":["Dagger Throw","Blade Dance","Underhanded Strike"],"picked":"SKIP","floor":22},{"not_picked":["Dagger Throw","Deadly Poison"],"picked":"Catalyst","floor":24}],"player_experience":2257938,"relics_obtained":[{"floor":7,"key":"The Courier"},{"floor":9,"key":"Blood Vial"},{"floor":12,"key":"War Paint"},{"floor":26,"key":"Matryoshka"}],"event_choices":[{"damage_healed":0,"gold_gain":0,"player_choice":"Damaged","damage_taken":9,"max_hp_gain":0,"max_hp_loss":0,"event_name":"Wheel of Change","floor":13,"gold_loss":0},{"damage_healed":0,"gold_gain":0,"player_choice":"Upgraded","damage_taken":0,"max_hp_gain":0,"max_hp_loss":0,"event_name":"Upgrade Shrine","floor":20,"gold_loss":0,"cards_upgraded":["Malaise"]}],"is_beta":false,"boss_relics":[{"not_picked":["Lizard Tail","Fusion Hammer"],"picked":"Snecko Eye"}],"items_purged_floors":[21],"is_endless":false,"potions_floor_spawned":[2,3,5,10,14,16,18,19],"killed_by":"Cultist and Chosen","ascension_level":19}