{"gold_per_floor":[115,126,6,23,23,23,50,62,119,131,161,192,204,247,259,373,385,385,385,385,166,91,91,91,91,91,91,91,91,91,91,91,91,91,91,91,91,91,91,91,91,91,91,91,91,91,91,91,91,91],"floor_reached":51,"playtime":4130,"items_purged":["Strike_G"],"score":607,"play_id":"473e2673-e7f0-4486-bbda-db32ea22f894","local_time":"20190713140240","is_ascension_mode":false,"campfire_choices":[{"data":"Sucker Punch","floor":6,"key":"SMITH"},{"data":"Malaise","floor":8,"key":"SMITH"},{"data":"Caltrops","floor":10,"key":"SMITH"},{"data":"Noxious Fumes","floor":13,"key":"SMITH"},{"data":"Neutralize","floor":15,"key":"SMITH"},{"data":"RitualDagger","floor":23,"key":"SMITH"},{"data":"Night Terror","floor":25,"key":"SMITH"},{"floor":27,"key":"REST"},{"floor":32,"key":"REST"},{"data":"Malaise","floor":40,"key":"SMITH"},{"data":"Survivor","floor":42,"key":"SMITH"},{"data":"After Image","floor":44,"key":"SMITH"},{"data":"Dodge and Roll","floor":49,"key":"SMITH"}],"neow_cost":"NONE","seed_source_timestamp":218343282087039,"circlet_count":0,"master_deck":["Strike_G","Strike_G","Strike_G","Defend_G","Defend_G","Defend_G","Defend_G","Defend_G","Survivor+1","Neutralize+1","Malaise+1","Sucker Punch+1","Caltrops+1","After Image+1","Backstab","Noxious Fumes+1","Quick Slash","Bullet Time","Night Terror+1","Bane","RitualDagger+1","Dash+1","Corpse Explosion","Cloak And Dagger+1","Well Laid Plans","Crippling Poison+1","Malaise+1","Outmaneuver+1","Deflect+1","Dodge and Roll+1","Deadly Poison+1"],"relics":["Ring of the Snake","MawBank","Happy Flower","Juzu Bracelet","Ectoplasm","Oddly Smooth Stone","Bottled Flame","Runic Pyramid","Pocketwatch","Dream Catcher"],"potions_floor_usage":[7,16,28,33,37,50,50],"damage_taken":[{"damage":0,"enemies":"Jaw Worm","floor":1,"turns":7},{"damage":1,"enemies":"2 Louse","floor":2,"turns":3},{"damage":0,"enemies":"Small Slimes","floor":4,"turns":4},{"damage":1,"enemies":"Lagavulin","floor":7,"turns":11},{"damage":6,"enemies":"Blue Slaver","floor":11,"turns":4},{"damage":3,"enemies":"Lots of Slimes","floor":12,"turns":4},{"damage":9,"enemies":"3 Sentries","floor":14,"turns":7},{"damage":15,"enemies":"Slime Boss","floor":16,"turns":10},{"damage":0,"enemies":"3 Byrds","floor":18,"turns":4},{"damage":8,"enemies":"2 Thieves","floor":22,"turns":4},{"damage":0,"enemies":"Snecko","floor":24,"turns":7},{"damage":19,"enemies":"Snake Plant","floor":28,"turns":4},{"damage":0,"enemies":"3 Cultists","floor":30,"turns":3},{"damage":0,"enemies":"Snecko","floor":31,"turns":6},{"damage":1,"enemies":"Collector","floor":33,"turns":8},{"damage":3,"enemies":"Orb Walker","floor":35,"turns":3},{"damage":0,"enemies":"Mind Bloom Boss Battle","floor":36,"turns":7},{"damage":0,"enemies":"3 Shapes","floor":37,"turns":4},{"damage":0,"enemies":"Spire Growth","floor":38,"turns":6},{"damage":8,"enemies":"Jaw Worm Horde","floor":45,"turns":3},{"damage":0,"enemies":"Sphere and 2 Shapes","floor":48,"turns":3},{"damage":18,"enemies":"Time Eater","floor":50,"turns":14}],"seed_played":"1658940513807432772","potions_obtained":[{"floor":4,"key":"Strength Potion"},{"floor":11,"key":"EssenceOfSteel"},{"floor":16,"key":"Swift Potion"},{"floor":30,"key":"Block Potion"},{"floor":31,"key":"FearPotion"},{"floor":33,"key":"Dexterity Potion"},{"floor":36,"key":"Explosive Potion"}],"is_trial":false,"path_per_floor":["M","M","$","M","?","R","E","R","T","R","M","M","R","E","R","B",null,"M","?","?","$","M","R","M","R","T","R","M","?","M","M","R","B",null,"M","?","M","M","?","R","?","R","T","R","M","?","?","M","R","B",null],"character_chosen":"THE_SILENT","items_purchased":["After Image","Fire Potion","Oddly Smooth Stone"],"campfire_rested":2,"item_purchase_floors":[3,3,21],"current_hp_per_floor":[70,69,69,69,69,69,68,68,68,68,62,59,59,50,50,35,70,70,57,51,51,43,43,43,43,43,65,46,46,46,46,68,67,75,72,72,72,72,72,72,72,72,72,72,64,64,64,64,64,46],"gold":91,"neow_bonus":"ONE_RANDOM_RARE_CARD","is_prod":false,"is_daily":false,"chose_seed":false,"campfire_upgraded":11,"win_rate":0,"timestamp":1563040960,"path_taken":["M","M","$","M","?","R","E","R","T","R","M","M","R","E","R","BOSS","M","?","?","$","M","R","M","R","T","R","M","?","M","M","R","BOSS","M","?","M","M","?","R","?","R","T","R","M","?","?","M","R","BOSS"],"build_version":"2019-07-05","purchased_purges":1,"victory":true,"max_hp_per_floor":[70,70,70,70,70,70,70,70,70,70,70,70,70,70,70,70,70,70,75,75,75,75,75,75,75,75,75,75,75,75,75,75,75,75,75,75,75,75,75,75,75,75,75,75,75,71,71,71,71,71],"card_choices":[{"not_picked":["Poisoned Stab","Dagger Throw"],"picked":"Sucker Punch","floor":1},{"not_picked":["Prepared","Bane"],"picked":"Caltrops","floor":2},{"not_picked":["Underhanded Strike","Outmaneuver","Heel Hook"],"picked":"SKIP","floor":4},{"not_picked":["Crippling Poison","Finisher"],"picked":"Backstab","floor":7},{"not_picked":["Outmaneuver","Flechettes"],"picked":"Noxious Fumes","floor":11},{"not_picked":["Caltrops","Cloak And Dagger"],"picked":"Quick Slash","floor":12},{"not_picked":["Wraith Form v2","PiercingWail"],"picked":"Bullet Time","floor":14},{"not_picked":["After Image","Unload"],"picked":"Night Terror","floor":16},{"not_picked":["Dodge and Roll","Finisher"],"picked":"Bane","floor":18},{"not_picked":["Slice","Dagger Spray"],"picked":"Dash+1","floor":22},{"not_picked":["Slice","Riddle With Holes+1"],"picked":"Corpse Explosion","floor":24},{"not_picked":["Tactician+1","Outmaneuver"],"picked":"Cloak And Dagger","floor":28},{"not_picked":["Dodge and Roll","Blade Dance"],"picked":"Well Laid Plans","floor":30},{"not_picked":["Heel Hook+1","Backstab"],"picked":"Crippling Poison+1","floor":31},{"not_picked":["Bullet Time","Grand Finale"],"picked":"Malaise","floor":33},{"not_picked":["Deadly Poison+1","Underhanded Strike+1"],"picked":"Outmaneuver+1","floor":35},{"not_picked":["Skewer","Dagger Throw+1"],"picked":"Deflect+1","floor":37},{"not_picked":["Dagger Throw+1","Flying Knee+1","Blade Dance+1"],"picked":"SKIP","floor":38},{"not_picked":["Slice","Backstab+1"],"picked":"Dodge and Roll","floor":45},{"not_picked":["Heel Hook+1","Glass Knife"],"picked":"Deadly Poison+1","floor":48}],"player_experience":3953112,"relics_obtained":[{"floor":7,"key":"MawBank"},{"floor":9,"key":"Happy Flower"},{"floor":14,"key":"Juzu Bracelet"},{"floor":26,"key":"Bottled Flame"},{"floor":36,"key":"Pocketwatch"},{"floor":43,"key":"Dream Catcher"}],"event_choices":[{"cards_removed":["Strike_G"],"damage_healed":0,"gold_gain":0,"player_choice":"Forget","damage_taken":0,"max_hp_gain":0,"max_hp_loss":0,"event_name":"Living Wall","floor":5,"gold_loss":0},{"damage_healed":0,"gold_gain":0,"player_choice":"Shed Blood","damage_taken":18,"max_hp_gain":5,"max_hp_loss":0,"event_name":"Forgotten Altar","floor":19,"gold_loss":0},{"damage_healed":0,"gold_gain":0,"player_choice":"Joined the Cult","damage_taken":6,"max_hp_gain":0,"max_hp_loss":0,"event_name":"Nest","floor":20,"gold_loss":0,"cards_obtained":["RitualDagger"]},{"damage_healed":0,"gold_gain":0,"player_choice":"Upgraded","damage_taken":0,"max_hp_gain":0,"max_hp_loss":0,"event_name":"Upgrade Shrine","floor":29,"gold_loss":0,"cards_upgraded":["Cloak And Dagger"]},{"damage_healed":0,"gold_gain":0,"player_choice":"Fight","damage_taken":0,"max_hp_gain":0,"max_hp_loss":0,"event_name":"MindBloom","floor":36,"gold_loss":0},{"damage_healed":0,"gold_gain":0,"player_choice":"Ignored","damage_taken":0,"max_hp_gain":0,"max_hp_loss":0,"event_name":"SecretPortal","floor":39,"gold_loss":0},{"damage_healed":0,"gold_gain":0,"player_choice":"Leave","damage_taken":0,"max_hp_gain":0,"max_hp_loss":0,"event_name":"FaceTrader","floor":41,"gold_loss":0},{"damage_healed":0,"gold_gain":0,"player_choice":"Max HP","damage_taken":0,"max_hp_gain":0,"max_hp_loss":4,"event_name":"Winding Halls","floor":46,"gold_loss":0},{"damage_healed":0,"gold_gain":0,"player_choice":"Memory 1","damage_taken":0,"max_hp_gain":0,"max_hp_loss":0,"event_name":"SensoryStone","floor":47,"gold_loss":0}],"is_beta":false,"boss_relics":[{"not_picked":["WristBlade","HoveringKite"],"picked":"Ectoplasm"},{"not_picked":["Velvet Choker","Ring of the Serpent"],"picked":"Runic Pyramid"}],"items_purged_floors":[21],"is_endless":false,"potions_floor_spawned":[4,11,16,30,31,33,36],"ascension_level":0}