{"gold_per_floor":[109,109,124,139,155,155,187,187,213,233,246,274,274,285,285,382,432,442,422,390,390,401,401,414,414,444,125,156,8,0,0,0,97,97,109,124,141,141,156,156,156,156,183,198,198],"floor_reached":45,"playtime":3015,"items_purged":["Strike_R"],"score":472,"play_id":"9b9e2fcd-54ed-4075-a8ef-628591fc4bdb","local_time":"20190623115448","is_ascension_mode":false,"campfire_choices":[{"data":"Pommel Strike","floor":6,"key":"SMITH"},{"floor":8,"key":"REST"},{"data":"Dark Embrace","floor":13,"key":"SMITH"},{"data":"Disarm","floor":15,"key":"SMITH"},{"data":"Demon Form","floor":23,"key":"SMITH"},{"data":"Sword Boomerang","floor":25,"key":"SMITH"},{"floor":32,"key":"REST"},{"floor":40,"key":"REST"},{"floor":42,"key":"REST"}],"neow_cost":"NONE","seed_source_timestamp":903544702826611,"circlet_count":0,"master_deck":["Strike_R","Strike_R","Strike_R","Defend_R","Defend_R+1","Defend_R","Defend_R","Bash+1","Shockwave+1","Disarm+1","Pommel Strike+1","Dual Wield+1","Dark Embrace+1","Clothesline","Demon Form+1","Heavy Blade","Burning Pact+1","Corruption","Sword Boomerang+1","Sentinel","Feed","Shrug It Off","Bandage Up","Armaments+1"],"relics":["Burning Blood","PreservedInsect","Ancient Tea Set","Happy Flower","Tiny House","Pear","Tiny Chest","Medical Kit","Self Forming Clay","Bag of Preparation","Sozu","Dodecahedron","War Paint"],"potions_floor_usage":[7,12,18,20,22,33,33,33,35],"damage_taken":[{"damage":6,"enemies":"Jaw Worm","floor":1,"turns":3},{"damage":4,"enemies":"Cultist","floor":3,"turns":3},{"damage":7,"enemies":"2 Louse","floor":4,"turns":3},{"damage":21,"enemies":"Large Slime","floor":5,"turns":10},{"damage":40,"enemies":"3 Sentries","floor":7,"turns":10},{"damage":19,"enemies":"Exordium Wildlife","floor":10,"turns":6},{"damage":5,"enemies":"3 Louse","floor":11,"turns":3},{"damage":19,"enemies":"Lagavulin","floor":12,"turns":6},{"damage":13,"enemies":"Lots of Slimes","floor":14,"turns":3},{"damage":15,"enemies":"Hexaghost","floor":16,"turns":13},{"damage":11,"enemies":"3 Byrds","floor":18,"turns":6},{"damage":22,"enemies":"2 Thieves","floor":20,"turns":5},{"damage":23,"enemies":"Snecko","floor":22,"turns":8},{"damage":13,"enemies":"Centurion and Healer","floor":24,"turns":8},{"damage":14,"enemies":"Book of Stabbing","floor":28,"turns":5},{"damage":65,"enemies":"Automaton","floor":33,"turns":10},{"damage":9,"enemies":"Orb Walker","floor":35,"turns":3},{"damage":26,"enemies":"3 Darklings","floor":36,"turns":6},{"damage":44,"enemies":"Maw","floor":37,"turns":9},{"damage":31,"enemies":"Transient","floor":39,"turns":5},{"damage":40,"enemies":"Spire Growth","floor":44,"turns":5}],"seed_played":"4224600334401032747","potions_obtained":[{"floor":1,"key":"Swift Potion"},{"floor":5,"key":"SkillPotion"},{"floor":11,"key":"SteroidPotion"},{"floor":16,"key":"Ancient Potion"},{"floor":17,"key":"Fire Potion"},{"floor":19,"key":"SteroidPotion"},{"floor":22,"key":"Fire Potion"},{"floor":28,"key":"Fire Potion"},{"floor":33,"key":"Weak Potion"}],"is_trial":false,"path_per_floor":["M","?","M","M","M","R","E","R","T","M","M","E","R","M","R","B",null,"M","?","M","T","M","R","M","R","T","$","E","$","?","$","R","B",null,"M","M","M","?","M","R","T","R","T","M","M"],"character_chosen":"IRONCLAD","items_purchased":["SkillPotion","Medical Kit","Bag of Preparation"],"campfire_rested":4,"item_purchase_floors":[27,27,29],"current_hp_per_floor":[80,80,80,79,64,64,30,54,54,41,42,29,29,22,22,13,85,80,80,64,74,57,57,50,50,50,50,42,42,42,42,70,11,95,95,75,40,40,19,49,49,79,79,52,0],"gold":198,"neow_bonus":"UPGRADE_CARD","is_prod":false,"is_daily":false,"chose_seed":false,"campfire_upgraded":5,"win_rate":0,"timestamp":1561305288,"path_taken":["M","?","M","M","M","R","E","R","T","?","M","E","R","M","R","BOSS","M","?","?","?","M","R","M","R","T","$","E","?","?","$","R","BOSS","M","M","M","?","M","R","?","R","T","M","M"],"build_version":"2019-01-23","purchased_purges":1,"victory":false,"max_hp_per_floor":[80,80,80,80,80,80,80,80,80,80,80,80,80,80,80,80,85,85,85,85,95,95,95,95,95,95,95,95,95,95,95,95,95,95,98,98,101,101,101,101,101,101,101,104,104],"card_choices":[{"not_picked":["Second Wind","Warcry"],"picked":"Shockwave","floor":1},{"not_picked":["Havoc","Intimidate"],"picked":"Disarm","floor":3},{"not_picked":["Second Wind","Sentinel","Evolve"],"picked":"SKIP","floor":4},{"not_picked":["Ghostly Armor","Headbutt"],"picked":"Pommel Strike","floor":5},{"not_picked":["Pommel Strike","Warcry"],"picked":"Dual Wield","floor":7},{"not_picked":["Headbutt","Thunderclap","Clothesline"],"picked":"SKIP","floor":10},{"not_picked":["Uppercut","Clash","Second Wind"],"picked":"SKIP","floor":11},{"not_picked":["Pummel","Perfected Strike"],"picked":"Dark Embrace","floor":12},{"not_picked":["Flex","Anger"],"picked":"Clothesline","floor":14},{"not_picked":["Berserk","Limit Break"],"picked":"Demon Form","floor":16},{"not_picked":["Headbutt","Twin Strike"],"picked":"Heavy Blade","floor":17},{"not_picked":["Thunderclap","Pommel Strike"],"picked":"Burning Pact+1","floor":18},{"not_picked":["Clash+1","Second Wind"],"picked":"Corruption","floor":20},{"not_picked":["True Grit","Rampage","Thunderclap"],"picked":"SKIP","floor":22},{"not_picked":["True Grit","Heavy Blade"],"picked":"Sword Boomerang","floor":24},{"not_picked":["Berserk","Hemokinesis"],"picked":"Sentinel","floor":28},{"not_picked":["Exhume","Double Tap"],"picked":"Feed","floor":33},{"not_picked":["Disarm","Pummel+1"],"picked":"Shrug It Off","floor":35},{"not_picked":["Pommel Strike","Havoc","Anger+1"],"picked":"SKIP","floor":36},{"not_picked":["Rage+1","Havoc+1","Cleave"],"picked":"SKIP","floor":37},{"not_picked":["Good Instincts","Swift Strike"],"picked":"Bandage Up","floor":38},{"not_picked":["Flex+1","Clothesline","Wild Strike+1"],"picked":"SKIP","floor":39},{"not_picked":["Havoc","Headbutt+1"],"picked":"Armaments+1","floor":44}],"player_experience":3806499,"relics_obtained":[{"floor":7,"key":"PreservedInsect"},{"floor":9,"key":"Ancient Tea Set"},{"floor":12,"key":"Happy Flower"},{"floor":21,"key":"Pear"},{"floor":26,"key":"Tiny Chest"},{"floor":28,"key":"Self Forming Clay"},{"floor":41,"key":"Dodecahedron"},{"floor":43,"key":"War Paint"}],"event_choices":[{"cards_removed":["Strike_R"],"damage_healed":0,"gold_gain":0,"player_choice":"Offered Basic","damage_taken":0,"max_hp_gain":0,"max_hp_loss":0,"event_name":"Bonfire Elementals","floor":2,"gold_loss":0},{"damage_healed":0,"gold_gain":0,"player_choice":"Bought 1 Potion","damage_taken":0,"max_hp_gain":0,"max_hp_loss":0,"event_name":"The Woman in Blue","floor":19,"gold_loss":0},{"damage_healed":0,"gold_gain":0,"player_choice":"Paid Fearfully","damage_taken":0,"max_hp_gain":0,"max_hp_loss":0,"event_name":"Masked Bandits","floor":30,"gold_loss":8},{"damage_healed":0,"gold_gain":0,"player_choice":"Memory 1","damage_taken":0,"max_hp_gain":0,"max_hp_loss":0,"event_name":"SensoryStone","floor":38,"gold_loss":0}],"is_beta":false,"boss_relics":[{"not_picked":["Eternal Feather","Black Star"],"picked":"Tiny House"},{"not_picked":["Runic Cube","Orrery"],"picked":"Sozu"}],"items_purged_floors":[27],"is_endless":false,"potions_floor_spawned":[1,5,11,16,22,28,33,36,39],"killed_by":"4 Shapes","ascension_level":0}