{"gold_per_floor":[109,284,303,72,87,112,92,92,117,43,43,63,124,134,134,134],"floor_reached":16,"playtime":1021,"items_purged":["Doubt"],"score":182,"play_id":"4e34b658-c2cd-413c-afcc-93ab9072b1f8","local_time":"20190120221828","is_ascension_mode":true,"campfire_choices":[{"data":"True Grit","floor":8,"key":"SMITH"},{"data":"Shockwave","floor":11,"key":"SMITH"},{"data":"Battle Trance","floor":15,"key":"SMITH"}],"neow_cost":"NONE","seed_source_timestamp":562264442758529,"circlet_count":0,"master_deck":["AscendersBane","Strike_R","Strike_R","Strike_R","Strike_R","Strike_R","Defend_R","Defend_R","Defend_R","Defend_R","Bash","Shockwave+1","Pommel Strike","Immolate","Iron Wave","True Grit+1","Uppercut","Feel No Pain","Battle Trance+1","Havoc"],"relics":["Burning Blood","Juzu Bracelet","Pen Nib","Tiny Chest"],"potions_floor_usage":[6,13,16],"damage_taken":[{"damage":5,"enemies":"2 Louse","floor":1,"turns":3},{"damage":7,"enemies":"Cultist","floor":3,"turns":4},{"damage":7,"enemies":"Jaw Worm","floor":5,"turns":4},{"damage":18,"enemies":"Gremlin Nob","floor":6,"turns":3},{"damage":3,"enemies":"Blue Slaver","floor":12,"turns":5},{"damage":15,"enemies":"3 Sentries","floor":13,"turns":5},{"damage":5,"enemies":"Red Slaver","floor":14,"turns":3},{"damage":93,"enemies":"The Guardian","floor":16,"turns":15}],"seed_played":"-4997759162261885663","potions_obtained":[{"floor":1,"key":"FairyPotion"},{"floor":3,"key":"Strength Potion"},{"floor":7,"key":"SteroidPotion"},{"floor":14,"key":"Ancient Potion"}],"is_trial":false,"path_per_floor":["M","?","M","$","M","E","?","R","T","$","R","M","E","M","R","B"],"character_chosen":"IRONCLAD","items_purchased":["Immolate","Uppercut"],"campfire_rested":0,"item_purchase_floors":[4,10],"current_hp_per_floor":[81,81,80,80,79,67,67,67,67,67,67,70,61,62,62,0],"gold":134,"neow_bonus":"TEN_PERCENT_HP_BONUS","is_prod":false,"is_daily":false,"chose_seed":false,"campfire_upgraded":3,"win_rate":0,"timestamp":1548040708,"path_taken":["M","?","M","$","M","E","?","R","T","$","R","M","E","M","R","BOSS"],"build_version":"2019-01-17v2","purchased_purges":1,"victory":false,"max_hp_per_floor":[88,88,88,88,88,88,88,88,88,88,88,88,88,88,88,88],"card_choices":[{"not_picked":["Entrench","Reckless Charge"],"picked":"Shockwave","floor":1},{"not_picked":["Twin Strike","Searing Blow"],"picked":"Pommel Strike","floor":3},{"not_picked":["Blood for Blood","Havoc"],"picked":"Iron Wave","floor":5},{"not_picked":["Armaments","Clash"],"picked":"True Grit","floor":6},{"not_picked":["Headbutt","True Grit"],"picked":"Feel No Pain","floor":12},{"not_picked":["Ghostly Armor","Inflame"],"picked":"Battle Trance","floor":13},{"not_picked":["Pommel Strike","Berserk"],"picked":"Havoc","floor":14}],"player_experience":2956170,"relics_obtained":[{"floor":6,"key":"Juzu Bracelet"},{"floor":9,"key":"Pen Nib"},{"floor":13,"key":"Tiny Chest"}],"event_choices":[{"damage_healed":0,"gold_gain":175,"player_choice":"AGREE","damage_taken":0,"max_hp_gain":0,"max_hp_loss":0,"event_name":"Liars Game","floor":2,"gold_loss":0,"cards_obtained":["Doubt"]},{"damage_healed":0,"gold_gain":0,"player_choice":"Bought 1 Potion","damage_taken":0,"max_hp_gain":0,"max_hp_loss":0,"event_name":"The Woman in Blue","floor":7,"gold_loss":0}],"is_beta":false,"boss_relics":[],"items_purged_floors":[4],"is_endless":false,"potions_floor_spawned":[1,3,14],"killed_by":"The Guardian","ascension_level":13}