{"gold_per_floor":[114,129,304,304,323,361,361,361,411,411,86,105,124,143,143,268,268,287,306,20,119,138,138,176,176,251,270,289,308,308,327,327,452,452,471,532,551,551,570,570,589,589,589,627,29,48,48,67,67,67],"floor_reached":51,"playtime":9541,"items_purged":["Doubt","Parasite"],"score":853,"play_id":"cbed6e64-c8f3-4cd6-914f-79cf88b736eb","local_time":"20190126143105","daily_mods":["Shiny","Uncertain Future","Terminal"],"is_ascension_mode":false,"campfire_choices":[{"data":"Wraith Form v2","floor":7,"key":"SMITH"},{"data":"Noxious Fumes","floor":10,"key":"SMITH"},{"data":"Malaise","floor":15,"key":"SMITH"},{"data":"Wraith Form v2","floor":23,"key":"SMITH"},{"floor":30,"key":"REST"},{"data":"Calculated Gamble","floor":32,"key":"SMITH"},{"data":"Catalyst","floor":40,"key":"SMITH"},{"data":"After Image","floor":42,"key":"SMITH"},{"floor":49,"key":"REST"}],"neow_cost":"","seed_source_timestamp":0,"circlet_count":0,"master_deck":["Venomology","Corpse Explosion","Malaise+1","Phantasmal Killer","Die Die Die","Adrenaline","Envenom","Doppelganger","Burst","Wraith Form v2+1","Tools of the Trade","Night Terror","Unload","After Image+1","Bullet Time","Storm of Steel","Glass Knife","A Thousand Cuts","Grand Finale","Slice","Backstab","Noxious Fumes+1","PiercingWail","Outmaneuver","Wraith Form v2+1","Well Laid Plans","PiercingWail","Footwork","Calculated Gamble+1","After Image","Catalyst+1","Dodge and Roll+1","Outmaneuver+1","PiercingWail","Deflect+1","Madness","Madness","Backflip"],"special_seed":17922,"relics":["Ring of the Snake","Golden Idol","Strawberry","Mercury Hourglass","Anchor","Bottled Lightning","Sozu","StoneCalendar","Nloth\u0027s Gift","Meat on the Bone","Cursed Key","Turnip","Tough Bandages","Ornamental Fan","Chemical X"],"potions_floor_usage":[5,6,6,16,16,16,16,39],"damage_taken":[{"damage":0,"enemies":"2 Louse","floor":1,"turns":2},{"damage":1,"enemies":"Jaw Worm","floor":2,"turns":3},{"damage":0,"enemies":"Small Slimes","floor":5,"turns":3},{"damage":6,"enemies":"Lagavulin","floor":6,"turns":5},{"damage":0,"enemies":"Red Slaver","floor":12,"turns":2},{"damage":0,"enemies":"Blue Slaver","floor":13,"turns":2},{"damage":0,"enemies":"2 Fungi Beasts","floor":14,"turns":2},{"damage":4,"enemies":"The Guardian","floor":16,"turns":9},{"damage":5,"enemies":"2 Thieves","floor":18,"turns":2},{"damage":0,"enemies":"3 Byrds","floor":19,"turns":3},{"damage":0,"enemies":"Cultist and Chosen","floor":22,"turns":6},{"damage":0,"enemies":"Slavers","floor":24,"turns":3},{"damage":7,"enemies":"Centurion and Healer","floor":27,"turns":3},{"damage":12,"enemies":"Snecko","floor":28,"turns":4},{"damage":0,"enemies":"Cultist and Chosen","floor":29,"turns":5},{"damage":0,"enemies":"3 Cultists","floor":31,"turns":3},{"damage":0,"enemies":"Automaton","floor":33,"turns":8},{"damage":0,"enemies":"3 Darklings","floor":35,"turns":2},{"damage":4,"enemies":"2 Orb Walkers","floor":36,"turns":3},{"damage":0,"enemies":"3 Shapes","floor":37,"turns":2},{"damage":0,"enemies":"Writhing Mass","floor":39,"turns":6},{"damage":0,"enemies":"Maw","floor":41,"turns":7},{"damage":31,"enemies":"Reptomancer","floor":44,"turns":6},{"damage":5,"enemies":"Jaw Worm Horde","floor":46,"turns":2},{"damage":2,"enemies":"Writhing Mass","floor":48,"turns":6},{"damage":0,"enemies":"Donu and Deca","floor":50,"turns":7}],"seed_played":"8774462537706310572","potions_obtained":[{"floor":2,"key":"Fruit Juice"},{"floor":5,"key":"SteroidPotion"},{"floor":13,"key":"AttackPotion"},{"floor":16,"key":"Swift Potion"}],"is_trial":false,"path_per_floor":["M","M","?","?","M","E","R","T","T","R","$","M","M","M","R","B",null,"M","M","$","?","M","R","E","?","T","M","M","M","R","M","R","B",null,"M","?","M","?","M","R","M","R","T","E","$","M","?","M","R","B",null],"character_chosen":"THE_SILENT","items_purchased":["Bottled Lightning","Pear","Footwork","Ornamental Fan","Chemical X","PiercingWail"],"campfire_rested":2,"item_purchase_floors":[11,20,20,45,45,45],"current_hp_per_floor":[68,67,66,50,55,70,70,70,70,70,70,69,68,67,66,62,64,59,59,69,69,69,68,67,66,65,58,46,46,61,60,59,58,57,56,52,52,52,52,51,50,49,48,29,29,24,19,29,39,38],"gold":67,"neow_bonus":"","is_prod":false,"is_daily":true,"chose_seed":false,"campfire_upgraded":7,"win_rate":0,"timestamp":1548531065,"path_taken":["M","M","?","?","M","E","R","?","T","R","$","M","M","M","R","BOSS","M","M","$","?","M","R","E","?","T","?","M","M","R","M","R","BOSS","M","?","M","?","M","R","M","R","T","E","$","M","?","M","R","BOSS"],"build_version":"2019-01-23","purchased_purges":2,"victory":true,"max_hp_per_floor":[68,67,66,65,69,75,74,73,72,71,70,69,68,67,66,65,64,63,62,71,70,69,68,67,66,65,64,63,62,61,60,59,58,57,56,55,54,53,52,51,50,49,48,47,43,42,41,40,39,38],"card_choices":[{"not_picked":["Prepared","Dagger Spray"],"picked":"Slice","floor":1},{"not_picked":["Poisoned Stab","Deadly Poison","Accuracy"],"picked":"SKIP","floor":2},{"not_picked":["Wraith Form v2","Concentrate"],"picked":"Backstab","floor":5},{"not_picked":["Sucker Punch","Slice"],"picked":"Noxious Fumes","floor":6},{"not_picked":["Backstab","Blade Dance","Prepared"],"picked":"SKIP","floor":12},{"not_picked":["Deflect","Venomology"],"picked":"PiercingWail","floor":13},{"not_picked":["Flying Knee","Dagger Spray"],"picked":"Outmaneuver","floor":14},{"not_picked":["Doppelganger","Glass Knife"],"picked":"Wraith Form v2","floor":16},{"not_picked":["Deflect","Expertise"],"picked":"Well Laid Plans","floor":18},{"not_picked":["Flechettes","Crippling Poison"],"picked":"PiercingWail","floor":19},{"not_picked":["Dagger Throw+1","Accuracy"],"picked":"Riddle With Holes+1","floor":22},{"not_picked":["Flechettes","Bane","Deadly Poison"],"picked":"SKIP","floor":24},{"not_picked":["Escape Plan","Bane","Corpse Explosion"],"picked":"SKIP","floor":27},{"not_picked":["Reflex","Slice+1"],"picked":"Calculated Gamble","floor":28},{"not_picked":["Dagger Spray+1","All Out Attack","Quick Slash+1"],"picked":"SKIP","floor":29},{"not_picked":["Poisoned Stab","Sucker Punch","Slice"],"picked":"SKIP","floor":31},{"not_picked":["Unload","A Thousand Cuts"],"picked":"After Image","floor":33},{"not_picked":["Blade Dance+1","Concentrate","Prepared+1"],"picked":"SKIP","floor":35},{"not_picked":["Underhanded Strike+1","Burst","PiercingWail+1"],"picked":"SKIP","floor":37},{"not_picked":["Quick Slash+1","Slice+1"],"picked":"Catalyst","floor":39},{"not_picked":["Flying Knee+1","Crippling Poison"],"picked":"Dodge and Roll+1","floor":41},{"not_picked":["Backstab+1","Phantasmal Killer"],"picked":"Outmaneuver+1","floor":44},{"not_picked":["Phantasmal Killer","Underhanded Strike"],"picked":"Deflect+1","floor":46},{"not_picked":["Deflect","Accuracy"],"picked":"Backflip","floor":48}],"player_experience":2976242,"relics_obtained":[{"floor":6,"key":"Strawberry"},{"floor":8,"key":"Mercury Hourglass"},{"floor":9,"key":"Anchor"},{"floor":24,"key":"StoneCalendar"},{"floor":26,"key":"Meat on the Bone"},{"floor":36,"key":"Turnip"},{"floor":44,"key":"Tough Bandages"}],"event_choices":[{"damage_healed":0,"gold_gain":175,"player_choice":"AGREE","damage_taken":0,"max_hp_gain":0,"max_hp_loss":0,"event_name":"Liars Game","floor":3,"gold_loss":0,"cards_obtained":["Doubt"]},{"damage_healed":0,"gold_gain":0,"player_choice":"Take Damage","damage_taken":16,"relics_obtained":["Golden Idol"],"max_hp_gain":0,"max_hp_loss":0,"event_name":"Golden Idol","floor":4,"gold_loss":0},{"damage_healed":0,"gold_gain":99,"player_choice":"Stole From Cult","damage_taken":0,"max_hp_gain":0,"max_hp_loss":0,"event_name":"Nest","floor":21,"gold_loss":0},{"damage_healed":0,"gold_gain":0,"player_choice":"Traded Relic","damage_taken":0,"relics_obtained":["Nloth\u0027s Gift"],"max_hp_gain":0,"max_hp_loss":0,"event_name":"N\u0027loth","floor":25,"relics_lost":["Pear"],"gold_loss":0},{"damage_healed":0,"gold_gain":0,"player_choice":"Fight","damage_taken":0,"max_hp_gain":0,"max_hp_loss":0,"event_name":"Mysterious Sphere","floor":36,"gold_loss":0},{"cards_removed":["Riddle With Holes"],"damage_healed":0,"gold_gain":0,"player_choice":"Removed Attack","damage_taken":0,"max_hp_gain":0,"max_hp_loss":0,"event_name":"Falling","floor":38,"gold_loss":0},{"damage_healed":0,"gold_gain":0,"player_choice":"Embrace Madness","damage_taken":5,"max_hp_gain":0,"max_hp_loss":0,"event_name":"Winding Halls","floor":47,"gold_loss":0,"cards_obtained":["Madness","Madness"]}],"is_beta":false,"boss_relics":[{"not_picked":["Fusion Hammer","HoveringKite"],"picked":"Sozu"},{"not_picked":["Astrolabe","Runic Dome"],"picked":"Cursed Key"}],"items_purged_floors":[11,45],"is_endless":false,"potions_floor_spawned":[2,5,13,16,19,24,28,31,33,36,39,41,48],"ascension_level":0}