{"gold_per_floor":[116,116,46,66,86,86,116,116,116,130,130,141,17,29,29,127,127,144,19,118,132,132,132,146,146,146,161,161],"floor_reached":28,"playtime":2872,"items_purged":["Strike_R","Strike_R"],"score":300,"play_id":"fa645a3c-3e0a-4f03-8ac1-d0227eac5a61","local_time":"20181204103913","is_ascension_mode":true,"campfire_choices":[{"data":"Body Slam","floor":6,"key":"SMITH"},{"data":"Iron Wave","floor":15,"key":"SMITH"},{"floor":23,"key":"REST"},{"floor":25,"key":"REST"}],"neow_cost":"NONE","seed_source_timestamp":1769803629982945,"circlet_count":0,"master_deck":["Strike_R","Strike_R","Defend_R","Defend_R","Defend_R","Defend_R","Bash+1","Perfected Strike","Disarm","Body Slam+1","Pommel Strike","Iron Wave+1","Headbutt","Demon Form","Shrug It Off","True Grit"],"relics":["Burning Blood","Art of War","Singing Bowl","Philosopher\u0027s Stone","Nilry\u0027s Codex"],"potions_floor_usage":[4,7,16,21,21,21,21,27,27,28,28],"damage_taken":[{"damage":0,"enemies":"Small Slimes","floor":1,"turns":3},{"damage":4,"enemies":"Cultist","floor":4,"turns":3},{"damage":0,"enemies":"2 Louse","floor":5,"turns":2},{"damage":15,"enemies":"3 Sentries","floor":7,"turns":7},{"damage":5,"enemies":"2 Fungi Beasts","floor":10,"turns":3},{"damage":12,"enemies":"Looter","floor":12,"turns":3},{"damage":6,"enemies":"Blue Slaver","floor":14,"turns":3},{"damage":42,"enemies":"The Guardian","floor":16,"turns":12},{"damage":21,"enemies":"Spheric Guardian","floor":18,"turns":4},{"damage":30,"enemies":"3 Byrds","floor":21,"turns":5},{"damage":30,"enemies":"Snake Plant","floor":24,"turns":4},{"damage":15,"enemies":"3 Cultists","floor":27,"turns":4},{"damage":67,"enemies":"Gremlin Leader","floor":28,"turns":8}],"seed_played":"7871281237379520370","potions_obtained":[{"floor":0,"key":"AttackPotion"},{"floor":0,"key":"Fruit Juice"},{"floor":0,"key":"FearPotion"},{"floor":4,"key":"GamblersBrew"},{"floor":8,"key":"PowerPotion"},{"floor":8,"key":"EntropicBrew"},{"floor":16,"key":"Energy Potion"},{"floor":24,"key":"Explosive Potion"},{"floor":27,"key":"Fire Potion"}],"is_trial":false,"path_per_floor":["M","?","$","M","M","R","E","?","T","M","?","M","$","M","R","B",null,"M","$","?","M","?","R","M","R","T","M","E"],"character_chosen":"IRONCLAD","items_purchased":["Disarm","Iron Wave","Shrug It Off"],"campfire_rested":2,"item_purchase_floors":[3,13,19],"current_hp_per_floor":[80,80,80,85,85,85,76,76,76,79,79,75,75,75,75,39,77,64,64,64,51,35,62,38,65,65,58,0],"gold":161,"neow_bonus":"THREE_SMALL_POTIONS","is_prod":false,"is_daily":false,"chose_seed":false,"campfire_upgraded":2,"win_rate":0,"timestamp":1543937953,"path_taken":["M","?","?","?","M","R","E","?","T","?","?","M","$","M","R","BOSS","M","$","?","M","?","R","M","R","T","M","E"],"build_version":"2018-11-15","purchased_purges":2,"victory":false,"max_hp_per_floor":[80,80,80,85,85,85,85,85,85,87,87,89,89,89,89,89,89,91,91,91,93,93,93,93,93,93,95,95],"card_choices":[{"not_picked":["Anger","Shrug It Off"],"picked":"Perfected Strike","floor":1},{"not_picked":["Warcry","Iron Wave"],"picked":"Body Slam","floor":4},{"not_picked":["Inflame","Combust","Bloodletting"],"picked":"SKIP","floor":5},{"not_picked":["Anger","Searing Blow"],"picked":"Pommel Strike","floor":7},{"not_picked":["Perfected Strike","Body Slam","Dark Embrace"],"picked":"Singing Bowl","floor":10},{"not_picked":["Havoc","Power Through","Thunderclap"],"picked":"Singing Bowl","floor":12},{"not_picked":["Clash","Warcry"],"picked":"Headbutt","floor":14},{"not_picked":["Offering","Impervious"],"picked":"Demon Form","floor":16},{"not_picked":["Blood for Blood+1","Fire Breathing+1","Twin Strike"],"picked":"Singing Bowl","floor":18},{"not_picked":["Thunderclap+1","Flex","Body Slam"],"picked":"Singing Bowl","floor":21},{"not_picked":["Sword Boomerang","Cleave"],"picked":"True Grit","floor":24},{"not_picked":["Rage","Sword Boomerang","Havoc"],"picked":"Singing Bowl","floor":27}],"player_experience":2633588,"relics_obtained":[{"floor":7,"key":"Art of War"},{"floor":9,"key":"Singing Bowl"},{"floor":22,"key":"Nilry\u0027s Codex"}],"event_choices":[{"damage_healed":0,"gold_gain":0,"player_choice":"Upgraded","damage_taken":0,"max_hp_gain":0,"max_hp_loss":0,"event_name":"Upgrade Shrine","floor":2,"gold_loss":0,"cards_upgraded":["Bash"]},{"damage_healed":0,"gold_gain":0,"player_choice":"Got Potions","damage_taken":0,"max_hp_gain":0,"max_hp_loss":0,"event_name":"Lab","floor":8,"gold_loss":0},{"cards_removed":["Strike_R"],"damage_healed":0,"gold_gain":0,"player_choice":"Offered Basic","damage_taken":0,"max_hp_gain":0,"max_hp_loss":0,"event_name":"Bonfire Elementals","floor":11,"gold_loss":0},{"damage_healed":0,"gold_gain":99,"player_choice":"Stole From Cult","damage_taken":0,"max_hp_gain":0,"max_hp_loss":0,"event_name":"Nest","floor":20,"gold_loss":0},{"damage_healed":0,"gold_gain":0,"player_choice":"Obtained Book","damage_taken":16,"max_hp_gain":0,"max_hp_loss":0,"event_name":"Cursed Tome","floor":22,"gold_loss":0}],"is_beta":false,"boss_relics":[{"not_picked":["Fusion Hammer","White Beast Statue"],"picked":"Philosopher\u0027s Stone"}],"items_purged_floors":[13,19],"is_endless":false,"potions_floor_spawned":[4,12,14,16,24,27],"killed_by":"Gremlin Leader","ascension_level":5}