{"gold_per_floor":[219,219,6,17,17,17,46,46,69,81,81,81,93,93,93,193,193,209,225,150,169,183,208,3,38,63,63,92,112,112,146,146,250,250,260,260,260,305,405,405,405,405,430,430,430,143,162,32,32,32],"floor_reached":51,"playtime":3126,"items_purged":[],"score":742,"play_id":"cabb029c-12b3-4b6d-af3c-cd629299082a","local_time":"20190617112341","is_ascension_mode":false,"campfire_choices":[{"data":"Hyperbeam","floor":6,"key":"SMITH"},{"data":"Loop","floor":8,"key":"SMITH"},{"data":"Zap","floor":12,"key":"SMITH"},{"data":"Leap","floor":15,"key":"SMITH"},{"data":"Electrodynamics","floor":30,"key":"SMITH"},{"floor":32,"key":"REST"},{"floor":40,"key":"REST"},{"data":"Seek","floor":42,"key":"SMITH"},{"data":"Go for the Eyes","floor":44,"key":"SMITH"},{"data":"Hologram","floor":45,"key":"SMITH"},{"floor":49,"key":"REST"}],"neow_cost":"NONE","seed_source_timestamp":383156386425438,"circlet_count":0,"master_deck":["Zap+1","Dualcast","Leap+1","Self Repair","Hyperbeam+1","Chill","Loop+1","Echo Form","Defragment+1","Machine Learning","Fusion","Hologram+1","BootSequence","Skim","White Noise","Stack+1","Coolheaded+1","Leap+1","Go for the Eyes+1","Double Energy","Electrodynamics+1","Creative AI","Seek+1","Compile Driver+1","White Noise+1","Chill","FTL+1"],"relics":["Cracked Core","Matryoshka","Juzu Bracelet","Bronze Scales","Happy Flower","Lantern","Smiling Mask","Pandora\u0027s Box","Bottled Lightning","Runic Capacitor","Bag of Marbles","Ancient Tea Set","Blue Candle","Art of War","Nuclear Battery","WingedGreaves","Ginger","Anchor","Ice Cream"],"potions_floor_usage":[16,16,16,23,28,28,50,50],"damage_taken":[{"damage":2,"enemies":"2 Louse","floor":1,"turns":3},{"damage":0,"enemies":"Jaw Worm","floor":4,"turns":2},{"damage":42,"enemies":"Lagavulin","floor":7,"turns":11},{"damage":0,"enemies":"Cultist","floor":10,"turns":3},{"damage":2,"enemies":"Blue Slaver","floor":13,"turns":3},{"damage":8,"enemies":"Hexaghost","floor":16,"turns":7},{"damage":5,"enemies":"Shell Parasite","floor":18,"turns":4},{"damage":19,"enemies":"Spheric Guardian","floor":19,"turns":4},{"damage":11,"enemies":"Cultist and Chosen","floor":21,"turns":5},{"damage":1,"enemies":"Chosen and Byrds","floor":22,"turns":5},{"damage":12,"enemies":"Slavers","floor":23,"turns":5},{"damage":14,"enemies":"Book of Stabbing","floor":25,"turns":6},{"damage":32,"enemies":"Slavers","floor":28,"turns":3},{"damage":7,"enemies":"Centurion and Healer","floor":29,"turns":6},{"damage":21,"enemies":"Gremlin Leader","floor":31,"turns":7},{"damage":37,"enemies":"Collector","floor":33,"turns":8},{"damage":0,"enemies":"3 Shapes","floor":35,"turns":2},{"damage":38,"enemies":"2 Orb Walkers","floor":38,"turns":4},{"damage":13,"enemies":"Mind Bloom Boss Battle","floor":39,"turns":8},{"damage":10,"enemies":"3 Darklings","floor":47,"turns":2},{"damage":0,"enemies":"Time Eater","floor":50,"turns":8}],"seed_played":"6445091463421533408","potions_obtained":[{"floor":7,"key":"Block Potion"},{"floor":10,"key":"Energy Potion"},{"floor":13,"key":"Energy Potion"},{"floor":16,"key":"Ancient Potion"},{"floor":21,"key":"SpeedPotion"},{"floor":23,"key":"Poison Potion"},{"floor":31,"key":"Strength Potion"},{"floor":33,"key":"Dexterity Potion"},{"floor":47,"key":"SteroidPotion"}],"is_trial":false,"path_per_floor":["M","?","$","M","T","R","E","R","T","M","T","R","M","?","R","B",null,"M","M","?","M","M","E","$","E","T","?","E","M","R","E","R","B",null,"M","?","?","?","?","R","?","R","T","R","R","$","M","$","R","B",null],"character_chosen":"DEFECT","items_purchased":["Self Repair","Hyperbeam","Runic Capacitor","Ice Cream","GamblersBrew","Poison Potion"],"campfire_rested":3,"item_purchase_floors":[3,3,24,46,48,48],"current_hp_per_floor":[73,66,66,73,73,73,38,38,38,45,45,45,50,50,50,49,75,75,56,56,59,65,67,67,60,60,60,35,42,42,35,57,27,75,75,68,68,30,31,53,53,53,53,53,53,53,50,50,71,71],"gold":32,"neow_bonus":"HUNDRED_GOLD","is_prod":false,"is_daily":false,"chose_seed":false,"campfire_upgraded":8,"win_rate":0,"timestamp":1560785021,"path_taken":["M","?","$","M","?","R","E","R","T","M","?","R","M","?","R","BOSS","M","M","?","M","M","E","$","E","T","?","E","M","R","E","R","BOSS","M","?","?","?","?","R","?","R","T","R","R","$","M","$","R","BOSS"],"build_version":"2019-01-23","purchased_purges":0,"victory":true,"max_hp_per_floor":[75,75,75,75,75,75,75,75,75,75,75,75,75,75,75,75,75,75,75,75,75,75,75,75,75,75,75,75,75,75,75,75,75,75,75,75,75,75,75,75,71,71,71,71,71,71,71,71,71,71],"card_choices":[{"not_picked":["Stack","Streamline"],"picked":"Leap","floor":1},{"not_picked":["Heatsinks","BootSequence"],"picked":"Chill","floor":4},{"not_picked":["Stack","Aggregate"],"picked":"Loop","floor":7},{"not_picked":["BootSequence","Cold Snap"],"picked":"Echo Form","floor":10},{"not_picked":["Blizzard","Go for the Eyes"],"picked":"Defragment","floor":13},{"not_picked":["Fission","Amplify"],"picked":"Machine Learning","floor":16},{"not_picked":["Compile Driver","Hologram"],"picked":"Stack+1","floor":18},{"not_picked":["Go for the Eyes","Hologram+1"],"picked":"Coolheaded+1","floor":19},{"not_picked":["Streamline","Hello World"],"picked":"Leap+1","floor":21},{"not_picked":["BootSequence","Hello World+1"],"picked":"Go for the Eyes","floor":22},{"not_picked":["Skim","Static Discharge"],"picked":"Double Energy","floor":23},{"not_picked":["Reprogram","Beam Cell","Steam"],"picked":"SKIP","floor":25},{"not_picked":["Conserve Battery","Storm"],"picked":"Electrodynamics","floor":28},{"not_picked":["Redo","Cold Snap","Leap"],"picked":"SKIP","floor":29},{"not_picked":["Leap","Streamline"],"picked":"Creative AI","floor":31},{"not_picked":["Echo Form","Hyperbeam"],"picked":"Seek","floor":33},{"not_picked":["Coolheaded","Conserve Battery"],"picked":"Compile Driver+1","floor":35},{"not_picked":["Gash+1","Ball Lightning"],"picked":"White Noise+1","floor":38},{"not_picked":["Tempest+1","Streamline+1"],"picked":"Chill","floor":39},{"not_picked":["Coolheaded","Storm"],"picked":"FTL+1","floor":47}],"player_experience":3757879,"relics_obtained":[{"floor":5,"key":"Matryoshka"},{"floor":7,"key":"Juzu Bracelet"},{"floor":9,"key":"Bronze Scales"},{"floor":9,"key":"Happy Flower"},{"floor":11,"key":"Lantern"},{"floor":11,"key":"Smiling Mask"},{"floor":23,"key":"Bottled Lightning"},{"floor":25,"key":"Bag of Marbles"},{"floor":26,"key":"Ancient Tea Set"},{"floor":28,"key":"Blue Candle"},{"floor":31,"key":"Art of War"},{"floor":38,"key":"WingedGreaves"},{"floor":39,"key":"Ginger"},{"floor":43,"key":"Anchor"}],"event_choices":[{"cards_removed":["Strike_B"],"damage_healed":0,"gold_gain":0,"player_choice":"Card Removal","damage_taken":7,"max_hp_gain":0,"max_hp_loss":0,"event_name":"Golden Wing","floor":2,"gold_loss":0},{"damage_healed":0,"gold_gain":0,"player_choice":"Upgraded","damage_taken":0,"max_hp_gain":0,"max_hp_loss":0,"event_name":"Upgrade Shrine","floor":14,"gold_loss":0,"cards_upgraded":["Defragment"]},{"cards_removed":["Storm"],"damage_healed":0,"gold_gain":0,"player_choice":"Gave Gold","damage_taken":0,"max_hp_gain":0,"max_hp_loss":0,"event_name":"Beggar","floor":20,"gold_loss":75},{"damage_healed":0,"gold_gain":0,"player_choice":"Ignored","damage_taken":0,"max_hp_gain":0,"max_hp_loss":0,"event_name":"Vampires","floor":27,"gold_loss":0},{"damage_healed":0,"gold_gain":0,"player_choice":"Damaged","damage_taken":7,"max_hp_gain":0,"max_hp_loss":0,"event_name":"Wheel of Change","floor":36,"gold_loss":0},{"cards_removed":["Sweeping Beam"],"damage_healed":0,"gold_gain":0,"player_choice":"Removed Attack","damage_taken":0,"max_hp_gain":0,"max_hp_loss":0,"event_name":"Falling","floor":37,"gold_loss":0},{"damage_healed":0,"gold_gain":0,"player_choice":"Fight","damage_taken":0,"max_hp_gain":0,"max_hp_loss":0,"event_name":"Mysterious Sphere","floor":38,"gold_loss":0},{"damage_healed":0,"gold_gain":0,"player_choice":"Fight","damage_taken":0,"max_hp_gain":0,"max_hp_loss":0,"event_name":"MindBloom","floor":39,"gold_loss":0},{"damage_healed":0,"gold_gain":0,"player_choice":"Max HP","damage_taken":0,"max_hp_gain":0,"max_hp_loss":4,"event_name":"Winding Halls","floor":41,"gold_loss":0}],"is_beta":false,"boss_relics":[{"not_picked":["Lizard Tail","Tiny House"],"picked":"Pandora\u0027s Box"},{"not_picked":["Busted Crown","Runic Dome"],"picked":"Nuclear Battery"}],"items_purged_floors":[],"is_endless":false,"potions_floor_spawned":[7,10,13,16,21,23,31,33,47],"ascension_level":0}