{"gold_per_floor":[110,185,150,170,182,209,209,235,305,305,47,47,62,36,36,135,135,150,55,154,174,174,187,187],"floor_reached":24,"playtime":917,"items_purged":[],"score":204,"play_id":"331aa0ec-4cc5-4fc3-a3d5-7f8fddc7d3a8","local_time":"20190702212921","daily_mods":["Diverse"],"is_ascension_mode":false,"campfire_choices":[{"data":"Neutralize","floor":7,"key":"SMITH"},{"floor":10,"key":"REST"},{"data":"Bouncing Flask","floor":12,"key":"SMITH"},{"data":"Perfected Strike","floor":15,"key":"SMITH"}],"neow_cost":"","seed_source_timestamp":0,"circlet_count":0,"master_deck":["Strike_G","Strike_G","Strike_G","Strike_G","Strike_G","Defend_G","Defend_G","Defend_G","Defend_G","Defend_G","Survivor","Neutralize+1","Perfected Strike+1","Reinforced Body","Bouncing Flask+1","Melter","PiercingWail","Thunderclap","Dagger Throw","Limit Break","Spot Weakness","Rebound","Disarm","Dagger Throw+1","Glacier"],"relics":["Ring of the Snake","Torii","Snake Skull","Kunai","Shuriken","Black Star"],"potions_floor_usage":[8,16,18,24],"damage_taken":[{"damage":9,"enemies":"Cultist","floor":1,"turns":4},{"damage":3,"enemies":"Jaw Worm","floor":4,"turns":3},{"damage":0,"enemies":"Small Slimes","floor":5,"turns":3},{"damage":23,"enemies":"Lagavulin","floor":6,"turns":6},{"damage":21,"enemies":"3 Sentries","floor":8,"turns":9},{"damage":0,"enemies":"2 Fungi Beasts","floor":13,"turns":3},{"damage":31,"enemies":"The Guardian","floor":16,"turns":6},{"damage":19,"enemies":"2 Thieves","floor":18,"turns":5},{"damage":14,"enemies":"Chosen","floor":21,"turns":5},{"damage":20,"enemies":"Snecko","floor":23,"turns":5},{"damage":40,"enemies":"Slavers","floor":24,"turns":2}],"seed_played":"-5541132510302206719","potions_obtained":[{"floor":5,"key":"LiquidBronze"},{"floor":8,"key":"Strength Potion"},{"floor":16,"key":"Regen Potion"},{"floor":21,"key":"PowerPotion"},{"floor":23,"key":"FairyPotion"}],"is_trial":true,"path_per_floor":["M","?","?","M","M","E","R","E","T","R","$","R","M","$","R","B",null,"M","$","?","M","?","M","E"],"character_chosen":"THE_SILENT","items_purchased":["Shuriken","Dagger Throw","Rebound","Disarm"],"campfire_rested":1,"item_purchase_floors":[11,14,19,19],"current_hp_per_floor":[61,50,67,64,64,41,41,20,20,41,41,41,41,41,41,10,70,65,65,65,51,51,31,0],"gold":187,"neow_bonus":"","is_prod":false,"is_daily":false,"chose_seed":false,"campfire_upgraded":3,"win_rate":0,"timestamp":1562124561,"path_taken":["M","?","?","M","M","E","R","E","T","R","$","R","M","?","R","BOSS","M","$","?","M","?","M","E"],"build_version":"2019-06-30","purchased_purges":0,"victory":false,"max_hp_per_floor":[70,70,70,70,70,70,70,70,70,70,70,70,70,70,70,70,70,70,70,70,70,70,70,70],"card_choices":[{"not_picked":["Havoc","Flex"],"picked":"Perfected Strike","floor":1},{"not_picked":["All Out Attack","Redo"],"picked":"Reinforced Body","floor":4},{"not_picked":["Undo","Defragment"],"picked":"Bouncing Flask","floor":5},{"not_picked":["Endless Agony","Pommel Strike"],"picked":"Melter","floor":6},{"not_picked":["Unload","Aggregate"],"picked":"PiercingWail","floor":8},{"not_picked":["Cleave","Warcry"],"picked":"Thunderclap","floor":13},{"not_picked":["Die Die Die","Glass Knife"],"picked":"Limit Break","floor":16},{"not_picked":["Terror","Poisoned Stab"],"picked":"Spot Weakness","floor":18},{"not_picked":["Prepared","Body Slam"],"picked":"Dagger Throw+1","floor":21},{"not_picked":["Sucker Punch","Lockon+1"],"picked":"Glacier","floor":23}],"player_experience":1132084,"relics_obtained":[{"floor":6,"key":"Torii"},{"floor":8,"key":"Snake Skull"},{"floor":9,"key":"Kunai"}],"event_choices":[{"damage_healed":0,"gold_gain":75,"player_choice":"Gather Gold","damage_taken":11,"max_hp_gain":0,"max_hp_loss":0,"event_name":"World of Goop","floor":2,"gold_loss":0},{"damage_healed":17,"gold_gain":0,"player_choice":"Healed","damage_taken":0,"max_hp_gain":0,"max_hp_loss":0,"event_name":"The Cleric","floor":3,"gold_loss":35},{"damage_healed":0,"gold_gain":99,"player_choice":"Stole From Cult","damage_taken":0,"max_hp_gain":0,"max_hp_loss":0,"event_name":"Nest","floor":20,"gold_loss":0},{"damage_healed":0,"gold_gain":0,"player_choice":"Ignored","damage_taken":0,"max_hp_gain":0,"max_hp_loss":0,"event_name":"Vampires","floor":22,"gold_loss":0}],"is_beta":true,"boss_relics":[{"not_picked":["White Beast Statue","Tiny House"],"picked":"Black Star"}],"items_purged_floors":[],"is_endless":false,"potions_floor_spawned":[5,8,16,21,23],"killed_by":"Slavers","ascension_level":0}