{"gold_per_floor":[110,110,128,147,147,147,173,173,173,173,21,31,31,47,47,148,148,159,159,159,173,184,210,210,210,235,252,152,180,180,180,180,284,284,300,300,300,300,166,166,177,177,177,177,197,197,197,197,197,197],"floor_reached":50,"playtime":2051,"items_purged":["Pain","Doubt"],"score":676,"play_id":"46d24d72-b84b-4876-af4f-2ba736d2b730","local_time":"20190721150213","is_ascension_mode":true,"campfire_choices":[{"data":"Blood for Blood","floor":6.0,"key":"SMITH"},{"data":"Reaper","floor":8.0,"key":"SMITH"},{"data":"Bash","floor":10.0,"key":"SMITH"},{"floor":13.0,"key":"REST"},{"data":"Defend_R","floor":15.0,"key":"SMITH"},{"data":"Flame Barrier","floor":24.0,"key":"SMITH"},{"data":"Limit Break","floor":32.0,"key":"SMITH"},{"floor":40.0,"key":"REST"},{"floor":42.0,"key":"RECALL"},{"floor":49,"key":"REST"}],"neow_cost":"NONE","seed_source_timestamp":0,"circlet_count":0,"master_deck":["Strike_R+1","Strike_R+1","Strike_R+1","Strike_R+1","Strike_R+1","Defend_R+1","Defend_R+1","Defend_R+1","Defend_R+1","Bash+1","Reaper+1","Blood for Blood+1","Whirlwind+1","Iron Wave+1","Pommel Strike+1","Limit Break+1","Flame Barrier+1","J.A.X.","Madness","Finesse","Inflame","Parasite","Rampage+1"],"special_seed":0,"relics":["Burning Blood","WarpedTongs","Molten Egg 2","Anchor","Cursed Key","Mercury Hourglass","Bronze Scales","Dream Catcher","Fusion Hammer"],"potions_floor_usage":[47,50,50],"damage_taken":[{"damage":4.0,"enemies":"2 Louse","floor":1.0,"turns":3.0},{"damage":6.0,"enemies":"Cultist","floor":3.0,"turns":3.0},{"damage":3.0,"enemies":"Small Slimes","floor":4.0,"turns":4.0},{"damage":24.0,"enemies":"Gremlin Nob","floor":7.0,"turns":4.0},{"damage":1.0,"enemies":"Looter","floor":12.0,"turns":2.0},{"damage":0.0,"enemies":"3 Louse","floor":14.0,"turns":2.0},{"damage":33.0,"enemies":"The Guardian","floor":16.0,"turns":13.0},{"damage":16.0,"enemies":"2 Thieves","floor":18.0,"turns":3.0},{"damage":0.0,"enemies":"Spheric Guardian","floor":21.0,"turns":3.0},{"damage":6.0,"enemies":"Cultist and Chosen","floor":22.0,"turns":4.0},{"damage":0.0,"enemies":"Slavers","floor":23.0,"turns":2.0},{"damage":18.0,"enemies":"Chosen and Byrds","floor":27.0,"turns":4.0},{"damage":5.0,"enemies":"Book of Stabbing","floor":29.0,"turns":4.0},{"damage":29.0,"enemies":"Collector","floor":33.0,"turns":7.0},{"damage":0.0,"enemies":"Orb Walker","floor":35.0,"turns":3.0},{"damage":3.0,"enemies":"3 Shapes","floor":41.0,"turns":3.0},{"damage":38.0,"enemies":"Spire Growth","floor":45.0,"turns":4.0},{"damage":23,"enemies":"Writhing Mass","floor":47,"turns":3},{"damage":88,"enemies":"Donu and Deca","floor":50,"turns":6}],"seed_played":"-7028873254014062482","potions_obtained":[{"floor":2.0,"key":"SmokeBomb"},{"floor":2.0,"key":"Block Potion"},{"floor":2.0,"key":"Fire Potion"},{"floor":7.0,"key":"Energy Potion"},{"floor":21.0,"key":"Poison Potion"},{"floor":23.0,"key":"Weak Potion"}],"is_trial":false,"path_per_floor":["M","?","M","M","?","R","E","R","T","R","$","M","R","M","R","B",null,"M","?","?","M","M","E","R","?","T","M","$","E","?","?","R","B",null,"M","?","?","$","$","R","M","R","T","?","M","$","M","?","R","B"],"character_chosen":"IRONCLAD","items_purchased":["Whirlwind+1","Inflame","Block Potion","Energy Potion"],"campfire_rested":3,"item_purchase_floors":[11,39,39,39],"current_hp_per_floor":[80,80,80,80,80,80,63,63,63,63,63,68,80,80,80,53,73,63,48,48,54,54,60,60,60,60,55,55,61,61,53,53,30,71,82,71,66,66,66,85,85,85,85,85,56,56,44,44,69,0],"gold":197,"neow_bonus":"ONE_RANDOM_RARE_CARD","is_prod":false,"is_daily":false,"chose_seed":false,"campfire_upgraded":6,"win_rate":0,"timestamp":1563746533,"path_taken":["M","?","?","M","?","R","E","R","T","R","$","M","R","?","R","BOSS","M","?","?","?","M","E","R","?","T","M","$","E","?","?","R","BOSS","M","?","?","?","$","R","M","R","T","?","?","$","M","?","R","BOSS"],"build_version":"2019-07-05","purchased_purges":2,"victory":false,"max_hp_per_floor":[80,80,80,80,80,80,80,80,80,80,80,80,80,80,80,80,80,80,85,85,85,85,85,85,85,85,85,85,85,85,85,85,85,85,85,85,85,85,85,85,85,85,85,85,85,85,85,85,85,85],"card_choices":[{"not_picked":["Clothesline","Body Slam","Dropkick"],"picked":"SKIP","floor":1.0},{"not_picked":["Rupture","Burning Pact"],"picked":"Blood for Blood","floor":3.0},{"not_picked":["Seeing Red","Twin Strike","Clothesline"],"picked":"SKIP","floor":4.0},{"not_picked":["Thunderclap","Rage","Clash"],"picked":"SKIP","floor":7.0},{"not_picked":["Havoc","Cleave+1"],"picked":"Iron Wave+1","floor":12.0},{"not_picked":["Thunderclap+1","Warcry"],"picked":"Pommel Strike+1","floor":14.0},{"not_picked":["Juggernaut","Exhume"],"picked":"Limit Break","floor":16.0},{"not_picked":["Warcry","Clothesline+1","Combust"],"picked":"SKIP","floor":18.0},{"not_picked":["Perfected Strike+1","Havoc"],"picked":"Flame Barrier","floor":21.0},{"not_picked":["Armaments","Headbutt+1","Infernal Blade"],"picked":"SKIP","floor":22.0},{"not_picked":["Pommel Strike+1","Sword Boomerang+1","Sever Soul+1"],"picked":"SKIP","floor":23.0},{"not_picked":["Twin Strike+1","True Grit","Headbutt+1"],"picked":"SKIP","floor":27.0},{"not_picked":["Burning Pact","Hemokinesis+1","Iron Wave+1"],"picked":"SKIP","floor":29.0},{"not_picked":["Disarm","Uppercut+1","Battle Trance+1"],"picked":"SKIP","floor":35.0},{"not_picked":["Dark Shackles","Good Instincts"],"picked":"Finesse","floor":37.0},{"not_picked":["Clothesline+1","Havoc","Cleave+1"],"picked":"SKIP","floor":41.0},{"not_picked":["Anger+1","Cleave+1","Pommel Strike+1"],"picked":"SKIP","floor":45.0},{"not_picked":["Whirlwind+1","Seeing Red"],"picked":"Rampage+1","floor":49}],"player_experience":80475,"relics_obtained":[{"floor":7.0,"key":"Molten Egg 2"},{"floor":9.0,"key":"Anchor"},{"floor":23.0,"key":"Mercury Hourglass"},{"floor":26.0,"key":"Bronze Scales"},{"floor":29.0,"key":"Dream Catcher"}],"event_choices":[{"damage_healed":0.0,"max_hp_gain":0.0,"max_hp_loss":0.0,"gold_gain":0.0,"event_name":"Lab","player_choice":"Got Potions","floor":2.0,"gold_loss":0.0,"damage_taken":0.0},{"damage_healed":0.0,"max_hp_gain":0.0,"max_hp_loss":0.0,"gold_gain":0.0,"event_name":"Accursed Blacksmith","player_choice":"Rummage","floor":5.0,"gold_loss":0.0,"damage_taken":0.0,"relics_obtained":["WarpedTongs"],"cards_obtained":["Pain"]},{"damage_healed":0.0,"max_hp_gain":5.0,"max_hp_loss":0.0,"gold_gain":0.0,"event_name":"Forgotten Altar","player_choice":"Shed Blood","floor":19.0,"gold_loss":0.0,"damage_taken":20.0},{"damage_healed":0.0,"max_hp_gain":0.0,"max_hp_loss":0.0,"gold_gain":0.0,"event_name":"The Woman in Blue","player_choice":"Bought 0 Potions","floor":20.0,"gold_loss":0.0,"damage_taken":0.0},{"damage_healed":0.0,"max_hp_gain":0.0,"max_hp_loss":0.0,"gold_gain":0.0,"event_name":"Drug Dealer","player_choice":"Obtain J.A.X.","floor":25.0,"gold_loss":0.0,"damage_taken":0.0,"cards_obtained":["J.A.X."]},{"damage_healed":0.0,"max_hp_gain":0.0,"max_hp_loss":0.0,"gold_gain":0.0,"event_name":"Back to Basics","player_choice":"Simplicity","floor":30.0,"gold_loss":0.0,"damage_taken":0.0,"cards_upgraded":["Strike_R","Strike_R","Strike_R","Strike_R","Strike_R","Defend_R","Defend_R","Defend_R"]},{"damage_healed":0.0,"max_hp_gain":0.0,"max_hp_loss":0.0,"gold_gain":0.0,"event_name":"Wheel of Change","player_choice":"Damaged","floor":31.0,"gold_loss":0.0,"damage_taken":8.0},{"damage_healed":0.0,"max_hp_gain":0.0,"max_hp_loss":0.0,"gold_gain":0.0,"event_name":"Winding Halls","player_choice":"Embrace Madness","floor":36.0,"gold_loss":0.0,"damage_taken":11.0,"cards_obtained":["Madness","Madness"]},{"damage_healed":0.0,"max_hp_gain":0.0,"max_hp_loss":0.0,"gold_gain":0.0,"event_name":"SensoryStone","player_choice":"Memory 2","floor":37.0,"gold_loss":0.0,"damage_taken":5.0},{"damage_healed":0.0,"max_hp_gain":0.0,"max_hp_loss":0.0,"gold_gain":0.0,"event_name":"Tomb of Lord Red Mask","player_choice":"Ignored","floor":44.0,"gold_loss":0.0,"damage_taken":0.0},{"cards_removed":["Madness"],"damage_healed":0,"gold_gain":0,"player_choice":"Removed Skill","damage_taken":0,"max_hp_gain":0,"max_hp_loss":0,"event_name":"Falling","floor":48,"gold_loss":0}],"is_beta":false,"boss_relics":[{"not_picked":["Philosopher\u0027s Stone","Ectoplasm"],"picked":"Cursed Key"},{"not_picked":["Busted Crown","Eternal Feather"],"picked":"Fusion Hammer"}],"items_purged_floors":[11,28],"is_endless":false,"potions_floor_spawned":[3,4,7,18,21,23,45],"killed_by":"Donu and Deca","ascension_level":6}