{"gold_per_floor":[119,119,137,79,79,79,122,140,140,140,175,175,189,220,220,220],"floor_reached":16,"playtime":793,"items_purged":[],"score":286,"play_id":"62f4559b-a6e8-4415-95e4-9ef657cf3fcb","local_time":"20190718145511","is_ascension_mode":true,"campfire_choices":[{"data":"Searing Blow+2","floor":6,"key":"SMITH"},{"data":"Corruption","floor":12,"key":"SMITH"},{"data":"Corruption","floor":15,"key":"SMITH"}],"neow_cost":"NONE","seed_source_timestamp":2073323997983929,"circlet_count":0,"master_deck":["AscendersBane","Strike_R","Strike_R","Defend_R","Defend_R","Defend_R","Defend_R","Bash","Anger+1","Searing Blow+3","Rupture+1","Headbutt","Shrug It Off","Corruption","Parasite","Corruption+1","Corruption+1"],"relics":["Astrolabe","Golden Idol","Dead Branch","Pocketwatch","Lantern","Paper Frog"],"potions_floor_usage":[11,13,16],"damage_taken":[{"damage":0,"enemies":"2 Louse","floor":1,"turns":2},{"damage":9,"enemies":"Jaw Worm","floor":3,"turns":3},{"damage":8,"enemies":"Gremlin Nob","floor":7,"turns":3},{"damage":0,"enemies":"Small Slimes","floor":8,"turns":3},{"damage":0,"enemies":"3 Sentries","floor":11,"turns":5},{"damage":3,"enemies":"3 Louse","floor":13,"turns":2},{"damage":10,"enemies":"Gremlin Nob","floor":14,"turns":3},{"damage":31,"enemies":"The Guardian","floor":16,"turns":5}],"seed_played":"-8567795656036082106","potions_obtained":[{"floor":3,"key":"SkillPotion"},{"floor":11,"key":"Explosive Potion"},{"floor":13,"key":"Poison Potion"}],"is_trial":false,"path_per_floor":["M","?","M","?","?","R","E","M","T","?","E","R","M","E","R","B"],"character_chosen":"IRONCLAD","items_purchased":[],"campfire_rested":0,"item_purchase_floors":[],"current_hp_per_floor":[68,42,33,33,33,33,25,25,25,43,43,43,40,30,30,0],"gold":220,"neow_bonus":"BOSS_RELIC","is_prod":false,"is_daily":false,"chose_seed":false,"campfire_upgraded":3,"win_rate":0,"timestamp":1563458111,"path_taken":["M","?","M","?","?","R","E","M","T","?","E","R","M","E","R","BOSS"],"build_version":"2019-07-17","purchased_purges":0,"victory":false,"max_hp_per_floor":[75,75,75,75,75,75,75,75,75,75,75,75,75,75,75,75],"card_choices":[{"not_picked":["Anger","Second Wind","Armaments"],"picked":"SKIP","floor":1},{"not_picked":["Spot Weakness","True Grit"],"picked":"Headbutt","floor":3},{"not_picked":["Inflame","Iron Wave"],"picked":"Shrug It Off","floor":7},{"not_picked":["Whirlwind","Disarm"],"picked":"Corruption","floor":8},{"not_picked":["Shrug It Off","Heavy Blade"],"picked":"Corruption","floor":11},{"not_picked":["Body Slam","Flex"],"picked":"Corruption","floor":13},{"not_picked":["Twin Strike","Sword Boomerang","Limit Break"],"picked":"SKIP","floor":14}],"player_experience":883833,"relics_obtained":[{"floor":7,"key":"Dead Branch"},{"floor":9,"key":"Pocketwatch"},{"floor":11,"key":"Lantern"},{"floor":14,"key":"Paper Frog"}],"event_choices":[{"damage_healed":0,"gold_gain":0,"player_choice":"Take Damage","damage_taken":26,"relics_obtained":["Golden Idol"],"max_hp_gain":0,"max_hp_loss":0,"event_name":"Golden Idol","floor":2,"gold_loss":0},{"damage_healed":0,"gold_gain":0,"player_choice":"Left Gold","damage_taken":0,"max_hp_gain":0,"max_hp_loss":0,"event_name":"World of Goop","floor":4,"gold_loss":58},{"damage_healed":0,"gold_gain":0,"player_choice":"Grow","damage_taken":0,"max_hp_gain":0,"max_hp_loss":0,"event_name":"Living Wall","floor":5,"gold_loss":0,"cards_upgraded":["Searing Blow"]},{"damage_healed":18,"gold_gain":0,"player_choice":"Healed and dodged fight","damage_taken":0,"max_hp_gain":0,"max_hp_loss":0,"event_name":"Mushrooms","floor":10,"gold_loss":0,"cards_obtained":["Parasite"]}],"is_beta":false,"boss_relics":[],"items_purged_floors":[],"is_endless":false,"potions_floor_spawned":[3,11,13],"killed_by":"The Guardian","ascension_level":20}