{"gold_per_floor":[113,124,124,138,29,55,55,66,89,89,123,139,157,171,171,272,272,290,306,306,316,316,316,316,326,352,352,352,46,46,46,46,150,150,166,192,192,168,183,183,198,198,275,275,45,65,65,14,14,14],"floor_reached":51,"playtime":2459,"items_purged":["Strike_R","Strike_R+1"],"score":655,"play_id":"54f1ae5a-3b3e-46e3-921b-77271d59e25d","local_time":"20190716095512","is_ascension_mode":false,"campfire_choices":[{"data":"Bash","floor":7,"key":"SMITH"},{"data":"Whirlwind","floor":10,"key":"SMITH"},{"data":"Double Tap","floor":15,"key":"SMITH"},{"data":"Battle Trance","floor":23,"key":"SMITH"},{"data":"Dark Embrace","floor":27,"key":"SMITH"},{"data":"Shrug It Off","floor":30,"key":"SMITH"},{"floor":32,"key":"REST"},{"data":"Clothesline","floor":40,"key":"SMITH"},{"data":"Shrug It Off","floor":44,"key":"SMITH"},{"data":"Inflame","floor":47,"key":"SMITH"},{"floor":49,"key":"REST"}],"neow_cost":"NONE","seed_source_timestamp":464366828786222,"circlet_count":0,"master_deck":["Defend_R+1","Defend_R+1","Defend_R+1","Defend_R+1","Bash+1","Cleave","Sword Boomerang","Shrug It Off+1","Whirlwind+1","Burning Pact","Battle Trance+1","Double Tap+1","Dark Embrace+1","Armaments+1","Shrug It Off+1","Warcry","Clothesline+1","Inflame+1","Flex","Shrug It Off"],"relics":["Burning Blood","Orichalcum","Art of War","Bag of Preparation","Busted Crown","Enchiridion","Dream Catcher","Ancient Tea Set","Lantern","Velvet Choker","Smiling Mask","Paper Frog"],"potions_floor_usage":[16,16,33,33,50,50,50],"damage_taken":[{"damage":5,"enemies":"Cultist","floor":1,"turns":4},{"damage":3,"enemies":"Small Slimes","floor":2,"turns":4},{"damage":9,"enemies":"Jaw Worm","floor":4,"turns":4},{"damage":20,"enemies":"Gremlin Nob","floor":6,"turns":4},{"damage":0,"enemies":"3 Louse","floor":8,"turns":1},{"damage":6,"enemies":"3 Sentries","floor":11,"turns":4},{"damage":0,"enemies":"2 Fungi Beasts","floor":12,"turns":2},{"damage":3,"enemies":"Red Slaver","floor":13,"turns":5},{"damage":2,"enemies":"Looter","floor":14,"turns":3},{"damage":13,"enemies":"Slime Boss","floor":16,"turns":7},{"damage":16,"enemies":"Shell Parasite","floor":18,"turns":6},{"damage":2,"enemies":"Spheric Guardian","floor":19,"turns":3},{"damage":18,"enemies":"Shelled Parasite and Fungi","floor":21,"turns":5},{"damage":3,"enemies":"Centurion and Healer","floor":25,"turns":5},{"damage":69,"enemies":"Champ","floor":33,"turns":12},{"damage":8,"enemies":"Orb Walker","floor":35,"turns":4},{"damage":0,"enemies":"3 Shapes","floor":39,"turns":4},{"damage":0,"enemies":"Jaw Worm Horde","floor":41,"turns":1},{"damage":14,"enemies":"Maw","floor":46,"turns":5},{"damage":54,"enemies":"Donu and Deca","floor":50,"turns":10}],"seed_played":"7406859364975893028","potions_obtained":[{"floor":6,"key":"Swift Potion"},{"floor":8,"key":"Swift Potion"},{"floor":12,"key":"Ancient Potion"},{"floor":13,"key":"Strength Potion"},{"floor":21,"key":"Fire Potion"},{"floor":39,"key":"BloodPotion"}],"is_trial":false,"path_per_floor":["M","M","?","M","$","E","R","M","T","R","E","M","M","M","R","B",null,"M","M","?","M","?","R","T","M","T","R","?","$","R","?","R","B",null,"M","T","?","$","M","R","M","?","T","R","$","M","R","$","R","B",null],"character_chosen":"IRONCLAD","items_purchased":["Whirlwind","Lantern","Shrug It Off","Clothesline","Inflame","Swift Potion","Swift Potion","Flex","Shrug It Off"],"campfire_rested":2,"item_purchase_floors":[5,29,29,38,45,45,45,45,48],"current_hp_per_floor":[80,80,80,77,77,63,63,69,69,69,69,75,78,80,80,73,80,70,74,74,62,46,46,46,49,49,49,49,49,49,49,73,10,80,78,78,78,78,80,80,80,80,80,80,80,72,72,72,80,52],"gold":14,"neow_bonus":"REMOVE_CARD","is_prod":false,"is_daily":false,"chose_seed":false,"campfire_upgraded":9,"win_rate":0,"timestamp":1563285312,"path_taken":["M","M","?","M","$","E","R","M","T","R","E","?","M","M","R","BOSS","M","M","?","M","?","R","?","M","T","R","?","$","R","?","R","BOSS","M","?","?","?","M","R","?","?","T","R","$","M","R","?","R","BOSS"],"build_version":"2019-07-05","purchased_purges":2,"victory":true,"max_hp_per_floor":[80,80,80,80,80,80,80,80,80,80,80,80,80,80,80,80,80,80,80,80,80,80,80,80,80,80,80,80,80,80,80,80,80,80,80,80,80,80,80,80,80,80,80,80,80,80,80,80,80,80],"card_choices":[{"not_picked":["Thunderclap","Havoc"],"picked":"Cleave","floor":1},{"not_picked":["Wild Strike","Heavy Blade"],"picked":"Sword Boomerang","floor":2},{"not_picked":["Sentinel","Flame Barrier"],"picked":"Shrug It Off","floor":4},{"not_picked":["Thunderclap","Anger","Twin Strike"],"picked":"SKIP","floor":6},{"not_picked":["Wild Strike","Perfected Strike","Body Slam"],"picked":"SKIP","floor":8},{"not_picked":["Havoc","Heavy Blade"],"picked":"Burning Pact","floor":11},{"not_picked":["Wild Strike","True Grit","Pommel Strike"],"picked":"SKIP","floor":12},{"not_picked":["Anger","Wild Strike"],"picked":"Battle Trance","floor":13},{"not_picked":["Twin Strike","Sword Boomerang"],"picked":"Double Tap","floor":14},{"not_picked":["Impervious","Fiend Fire"],"picked":"Dark Embrace","floor":16},{"not_picked":["Sword Boomerang"],"picked":"SKIP","floor":18},{"not_picked":["Thunderclap"],"picked":"SKIP","floor":19},{"not_picked":[],"picked":"Armaments+1","floor":21},{"not_picked":["Rage"],"picked":"SKIP","floor":25},{"not_picked":[],"picked":"Warcry","floor":32},{"not_picked":["Rupture+1"],"picked":"SKIP","floor":35},{"not_picked":[],"picked":"Twin Strike+1","floor":39},{"not_picked":["Second Wind+1"],"picked":"SKIP","floor":41},{"not_picked":["Pommel Strike+1"],"picked":"SKIP","floor":46}],"player_experience":3978403,"relics_obtained":[{"floor":6,"key":"Orichalcum"},{"floor":9,"key":"Art of War"},{"floor":11,"key":"Bag of Preparation"},{"floor":22,"key":"Enchiridion"},{"floor":24,"key":"Dream Catcher"},{"floor":26,"key":"Ancient Tea Set"},{"floor":36,"key":"Smiling Mask"},{"floor":43,"key":"Paper Frog"}],"event_choices":[{"cards_removed":["Strike_R"],"damage_healed":0,"gold_gain":0,"player_choice":"Offered Basic","damage_taken":0,"max_hp_gain":0,"max_hp_loss":0,"event_name":"Bonfire Elementals","floor":3,"gold_loss":0},{"damage_healed":0,"gold_gain":0,"player_choice":"Ignored","damage_taken":0,"max_hp_gain":0,"max_hp_loss":0,"event_name":"Ghosts","floor":20,"gold_loss":0},{"damage_healed":0,"gold_gain":0,"player_choice":"Obtained Book","damage_taken":16,"max_hp_gain":0,"max_hp_loss":0,"event_name":"Cursed Tome","floor":22,"gold_loss":0},{"damage_healed":0,"gold_gain":0,"player_choice":"Simplicity","damage_taken":0,"max_hp_gain":0,"max_hp_loss":0,"event_name":"Back to Basics","floor":28,"gold_loss":0,"cards_upgraded":["Strike_R","Strike_R","Defend_R","Defend_R","Defend_R","Defend_R"]},{"cards_removed":["Strike_R"],"damage_healed":0,"gold_gain":0,"player_choice":"Purged","damage_taken":0,"max_hp_gain":0,"max_hp_loss":0,"event_name":"Purifier","floor":31,"gold_loss":0},{"damage_healed":0,"gold_gain":0,"player_choice":"Ignored","damage_taken":0,"max_hp_gain":0,"max_hp_loss":0,"event_name":"Tomb of Lord Red Mask","floor":37,"gold_loss":0},{"cards_removed":["Twin Strike"],"damage_healed":0,"gold_gain":0,"player_choice":"Removed Attack","damage_taken":0,"max_hp_gain":0,"max_hp_loss":0,"event_name":"Falling","floor":42,"gold_loss":0}],"is_beta":false,"boss_relics":[{"not_picked":["Snecko Eye","Black Blood"],"picked":"Busted Crown"},{"not_picked":["Calling Bell","Eternal Feather"],"picked":"Velvet Choker"}],"items_purged_floors":[5,29],"is_endless":false,"potions_floor_spawned":[6,8,12,13,21,39,46],"ascension_level":0}