{"path_per_floor":["M","M","?","?","M","E","?","M","T","$","$","R","M","?","R","B",null,"M","M","M","?","$","R"],"character_chosen":"THE_SILENT","items_purchased":["Caltrops","Mind Blast","Gremlin Horn","Footwork","Paper Crane"],"gold_per_floor":[363,380,380,380,400,433,433,446,492,58,58,58,74,249,249,346,376,396,412,422,422,21,21],"floor_reached":24,"campfire_rested":0,"playtime":3002,"current_hp_per_floor":[59,59,47,47,46,38,38,32,39,39,39,39,36,36,36,27,75,50,50,47,47,47,47],"items_purged":["Doubt"],"gold":21,"play_id":"74cd6ffb-cdba-44fb-b522-4689d05f992a","is_prod":false,"is_daily":false,"campfire_rituals":0,"campfire_upgraded":3,"is_hardmode":false,"path_taken":["M","?","?","?","M","E","?","M","T","?","$","R","?","?","R","BOSS","M","?","M","?","?","R","E"],"build_version":"2018-01-18-PROD4","purchased_purges":2,"victory":false,"master_deck":["Defend_G","Defend_G","Defend_G","Defend_G","Defend_G","Strike_G","Strike_G","Strike_G","Strike_G","Survivor","Neutralize","Caltrops","Heel Hook","Malaise","Caltrops","Mind Blast","Deflect","Venomology","Backflip","Leg Sweep","Dodge and Roll","Blur","Backflip","Footwork"],"max_hp_per_floor":[63,63,63,63,63,63,63,63,70,70,70,70,70,70,70,70,75,75,75,75,75,75,75],"relics":["Ring of the Snake","Matryoshka","Strawberry","Molten Egg","Gremlin Horn","Tiny House","Paper Crane"],"campfire_meditates":0,"card_choices":[{"not_picked":["Sucker Punch","Infinite Blades"],"picked":"Caltrops"},{"not_picked":["Backstab","PiercingWail"],"picked":"Heel Hook"},{"not_picked":["Cloak And Dagger","Slice"],"picked":"Deflect"},{"not_picked":["Envenom","Corpse Explosion"],"picked":"Venomology"},{"not_picked":["Flying Knee","Flechettes"],"picked":"Backflip"},{"not_picked":["Flying Knee","Cloak And Dagger"],"picked":"Leg Sweep"},{"not_picked":["Catalyst","Bane"],"picked":"Dodge and Roll"},{"not_picked":["Choke","Terror"],"picked":"Blur"}],"player_experience":162894,"potions_floor_usage":[6,16,16,18,18,20,20,20,24],"damage_taken":[{"damage":4,"enemies":"Blue Slaver","floor":1,"turns":7},{"damage":0,"enemies":"Cultist","floor":2,"turns":5},{"damage":1,"enemies":"2 Louse","floor":5,"turns":2},{"damage":8,"enemies":"Lagavulin","floor":6,"turns":8},{"damage":6,"enemies":"Large Slime","floor":8,"turns":7},{"damage":3,"enemies":"2 Fungi Beasts","floor":13,"turns":3},{"damage":9,"enemies":"The Guardian","floor":16,"turns":10},{"damage":25,"enemies":"Chosen","floor":18,"turns":5},{"damage":0,"enemies":"3 Byrds","floor":19,"turns":3},{"damage":3,"enemies":"Centurion and Healer","floor":20,"turns":18},{"damage":51,"enemies":"Gremlin Leader","floor":24,"turns":5}],"event_choices":[{"event_name":"Shining Light","player_choice":"Entered Light","floor":3,"damage_taken":0},{"event_name":"Living Wall","player_choice":"Grow","floor":4,"damage_taken":0},{"event_name":"Transmorgrifier","player_choice":"Transform","floor":7,"damage_taken":0},{"event_name":"Liars Game","player_choice":"agreed","floor":14,"damage_taken":0},{"event_name":"The Library","player_choice":"Read","floor":21,"damage_taken":0}],"boss_relics":[{"not_picked":["Ectoplasm","Velvet Choker"],"picked":"Tiny House"}],"potions_floor_spawned":[2,5,13,18,19],"seed_played":"460141569204043634","killed_by":"Gremlin Leader","is_trial":false}