{"gold_per_floor":[114,214,229,244,259,289,289,349,374,389,389,404,434,449,449,549,549,564,579,603,3,18,48,63,63,88,118,133,148,148,178,178,278,278,293,293,293,68,83,83,113,113,188,218,233,263,278,28,28,28],"floor_reached":51,"playtime":4405,"items_purged":["Strike_R"],"score":1244,"play_id":"29ede6af-a1f1-412e-9577-ebafbb5b2d0a","local_time":"20180628094702","daily_mods":["Allstar","Time Dilation","Night Terrors"],"is_ascension_mode":false,"campfire_choices":[{"data":"Mind Blast","floor":7,"key":"SMITH"},{"data":"Trip","floor":11,"key":"SMITH"},{"data":"Cleave","floor":15,"key":"SMITH"},{"data":"Iron Wave","floor":25,"key":"SMITH"},{"data":"Shrug It Off","floor":32,"key":"SMITH"},{"data":"Mind Blast","floor":40,"key":"SMITH"},{"data":"Fire Breathing","floor":42,"key":"SMITH"},{"data":"Swift Strike","floor":49,"key":"SMITH"}],"neow_cost":"","seed_source_timestamp":0,"circlet_count":0,"master_deck":["Strike_R","Defend_R+1","Defend_R","Defend_R","Defend_R","Bash","Mind Blast+1","Mind Blast+1","Swift Strike+1","Dark Shackles+1","Trip+1","Pommel Strike","Shrug It Off+1","Pommel Strike","Fire Breathing+1","Cleave+1","Feed","Iron Wave+1","Power Through","Intimidate+1","Burning Pact+1","Impervious","Pommel Strike+1","Metallicize+1","Power Through+1"],"special_seed":17710,"relics":["Burning Blood","Singing Bowl","Tiny Chest","War Paint","Letter Opener","Empty Cage","Red Mask","Magic Flower","Pantograph","Incense Burner","Juzu Bracelet","Happy Flower","Nilry\u0027s Codex","Mercury Hourglass","Busted Crown","Ice Cream","Oddly Smooth Stone","Toolbox","Matryoshka","Thread and Needle","Blood Vial","Bottled Lightning"],"potions_floor_usage":[6,6,16,18,19,23,31,31,33,41,46,46],"damage_taken":[{"damage":0,"enemies":"2 Louse","floor":1,"turns":2},{"damage":0,"enemies":"Cultist","floor":3,"turns":3},{"damage":0,"enemies":"Small Slimes","floor":4,"turns":1},{"damage":0,"enemies":"Exordium Wildlife","floor":5,"turns":2},{"damage":11,"enemies":"Gremlin Nob","floor":6,"turns":3},{"damage":0,"enemies":"3 Sentries","floor":8,"turns":6},{"damage":0,"enemies":"3 Louse","floor":10,"turns":1},{"damage":0,"enemies":"2 Fungi Beasts","floor":12,"turns":2},{"damage":5,"enemies":"Gremlin Nob","floor":13,"turns":3},{"damage":2,"enemies":"Looter","floor":14,"turns":2},{"damage":0,"enemies":"Slime Boss","floor":16,"turns":6},{"damage":10,"enemies":"Spheric Guardian","floor":18,"turns":4},{"damage":10,"enemies":"3 Byrds","floor":19,"turns":3},{"damage":3,"floor":20,"turns":3},{"damage":0,"enemies":"Snake Plant","floor":22,"turns":4},{"damage":0,"enemies":"Book of Stabbing","floor":23,"turns":4},{"damage":2,"enemies":"Centurion and Healer","floor":24,"turns":4},{"damage":0,"enemies":"Gremlin Leader","floor":27,"turns":5},{"damage":7,"enemies":"Sentry and Sphere","floor":28,"turns":5},{"damage":0,"enemies":"Snake Plant","floor":29,"turns":3},{"damage":0,"enemies":"Slavers","floor":31,"turns":2},{"damage":40,"enemies":"Collector","floor":33,"turns":11},{"damage":0,"enemies":"Orb Walker","floor":35,"turns":2},{"damage":11,"floor":36,"turns":5},{"damage":0,"enemies":"3 Darklings","floor":39,"turns":4},{"damage":28,"enemies":"Giant Head","floor":41,"turns":8},{"damage":0,"enemies":"2 Orb Walkers","floor":44,"turns":3},{"damage":0,"enemies":"Maw","floor":45,"turns":6},{"damage":0,"enemies":"Giant Head","floor":46,"turns":8},{"damage":0,"enemies":"Sphere and 2 Shapes","floor":47,"turns":4},{"damage":5,"enemies":"Donu and Deca","floor":50,"turns":9}],"seed_played":"8379956509153837283","potions_obtained":[{"floor":1,"key":"Poison Potion"},{"floor":4,"key":"AttackPotion"},{"floor":6,"key":"SpeedPotion"},{"floor":8,"key":"SpeedPotion"},{"floor":13,"key":"SteroidPotion"},{"floor":14,"key":"Block Potion"},{"floor":18,"key":"PowerPotion"},{"floor":19,"key":"GamblersBrew"},{"floor":20,"key":"AttackPotion"},{"floor":22,"key":"Strength Potion"},{"floor":28,"key":"AttackPotion"},{"floor":39,"key":"Dexterity Potion"},{"floor":41,"key":"SpeedPotion"},{"floor":45,"key":"Swift Potion"}],"is_trial":false,"path_per_floor":["M","?","M","M","M","E","R","E","T","M","R","M","E","M","R","B",null,"M","M","?","$","M","E","M","R","T","E","M","M","?","E","R","B",null,"M","?","?","$","M","R","E","R","T","E","M","E","M","$","R","B"],"character_chosen":"IRONCLAD","items_purchased":["Magic Flower","Pantograph","Block Potion","Oddly Smooth Stone","Bottled Lightning"],"campfire_rested":0,"item_purchase_floors":[21,21,21,38,48],"current_hp_per_floor":[80,80,80,80,80,77,77,84,84,86,86,88,88,88,88,88,88,89,88,93,93,98,103,105,105,105,107,110,110,94,108,108,87,115,120,123,123,123,123,123,106,106,106,115,126,129,131,131,131,131],"gold":28,"neow_bonus":"","is_prod":false,"is_daily":true,"chose_seed":false,"campfire_upgraded":8,"win_rate":0,"timestamp":1530193622,"path_taken":["M","?","M","M","M","E","R","E","T","M","R","M","E","M","R","BOSS","M","M","?","$","M","E","M","R","T","E","M","M","?","E","R","BOSS","M","?","?","$","M","R","E","R","T","E","M","E","M","$","R","BOSS"],"build_version":"2018-06-21v2","purchased_purges":1,"victory":true,"max_hp_per_floor":[80,80,80,80,80,82,82,84,84,86,86,88,88,88,88,88,88,93,96,98,98,98,103,105,105,105,107,110,110,110,113,113,115,115,120,123,123,123,123,123,125,125,125,125,127,129,131,131,131,131],"card_choices":[{"not_picked":["Body Slam","Clash"],"picked":"Pommel Strike","floor":1},{"not_picked":["Whirlwind","True Grit"],"picked":"Shrug It Off","floor":3},{"not_picked":["Entrench","Rupture"],"picked":"Pommel Strike","floor":4},{"not_picked":["Clothesline","Pummel","Sword Boomerang"],"picked":"SKIP","floor":5},{"not_picked":["Limit Break","Second Wind","Rampage"],"picked":"Singing Bowl","floor":6},{"not_picked":["Body Slam","Anger","Combust"],"picked":"Singing Bowl","floor":8},{"not_picked":["Sever Soul","Pummel","Searing Blow"],"picked":"Singing Bowl","floor":10},{"not_picked":["Flex","Feel No Pain","Second Wind"],"picked":"Singing Bowl","floor":12},{"not_picked":["Clothesline","Pummel"],"picked":"Fire Breathing","floor":13},{"not_picked":["Warcry","Clothesline"],"picked":"Cleave","floor":14},{"not_picked":["Dark Embrace","Juggernaut"],"picked":"Feed","floor":16},{"not_picked":["Wild Strike","Havoc","Bloodletting"],"picked":"Singing Bowl","floor":18},{"not_picked":["Thunderclap","Feel No Pain"],"picked":"Iron Wave","floor":19},{"not_picked":["Anger","Infernal Blade","Wild Strike"],"picked":"Singing Bowl","floor":20},{"not_picked":["Headbutt","Clash"],"picked":"Power Through","floor":22},{"not_picked":["Feel No Pain","Havoc+1","Perfected Strike"],"picked":"Singing Bowl","floor":23},{"not_picked":["Rupture","Headbutt","Armaments"],"picked":"Singing Bowl","floor":24},{"not_picked":["Havoc","Heavy Blade+1","Perfected Strike"],"picked":"Singing Bowl","floor":27},{"not_picked":["Wild Strike","Perfected Strike"],"picked":"Intimidate+1","floor":28},{"not_picked":["Warcry","Blood for Blood"],"picked":"Burning Pact+1","floor":29},{"not_picked":["Clash+1","Thunderclap+1"],"picked":"Impervious","floor":31},{"not_picked":["Brutality","Fiend Fire","Offering"],"picked":"Singing Bowl","floor":33},{"not_picked":["Sever Soul+1"],"picked":"Singing Bowl","floor":35},{"not_picked":[],"picked":"Pommel Strike+1","floor":36},{"not_picked":[],"picked":"Metallicize+1","floor":39},{"not_picked":["Dark Embrace"],"picked":"Singing Bowl","floor":41},{"not_picked":[],"picked":"Power Through+1","floor":44},{"not_picked":["Burning Pact"],"picked":"Singing Bowl","floor":45},{"not_picked":["Twin Strike"],"picked":"Singing Bowl","floor":46},{"not_picked":["Searing Blow+1"],"picked":"Singing Bowl","floor":47}],"player_experience":1438312,"relics_obtained":[{"floor":6,"key":"Singing Bowl"},{"floor":8,"key":"Tiny Chest"},{"floor":9,"key":"War Paint"},{"floor":13,"key":"Letter Opener"},{"floor":20,"key":"Red Mask"},{"floor":23,"key":"Incense Burner"},{"floor":26,"key":"Juzu Bracelet"},{"floor":27,"key":"Happy Flower"},{"floor":30,"key":"Nilry\u0027s Codex"},{"floor":31,"key":"Mercury Hourglass"},{"floor":36,"key":"Ice Cream"},{"floor":41,"key":"Toolbox"},{"floor":43,"key":"Matryoshka"},{"floor":44,"key":"Thread and Needle"},{"floor":46,"key":"Blood Vial"}],"event_choices":[{"event_name":"Wheel of Change","player_choice":"Gold","floor":2,"damage_taken":0},{"event_name":"Masked Bandits","player_choice":"Fought over 579 gold","floor":20,"damage_taken":0},{"event_name":"Cursed Tome","player_choice":"Obtained Book","floor":30,"damage_taken":0},{"event_name":"MindBloom","player_choice":"Fight","floor":36,"damage_taken":0},{"event_name":"Falling","player_choice":"Removed Attack","floor":37,"damage_taken":0}],"boss_relics":[{"not_picked":["Pandora\u0027s Box","Snecko Eye"],"picked":"Empty Cage"},{"not_picked":["White Beast Statue","Velvet Choker"],"picked":"Busted Crown"}],"items_purged_floors":[38],"is_endless":false,"potions_floor_spawned":[1,4,6,8,13,14,18,19,20,22,28,39,41,45],"ascension_level":0}