{"gold_per_floor":[113,288,238,84,97,130,154,199,235,278,11,11,11,11,11,115,115,126,126,144,144,157,157,157],"floor_reached":24,"playtime":946,"items_purged":["Strike_B","Strike_B"],"score":332,"play_id":"19aca3fe-b448-40d5-a26e-af7804f0bbcd","local_time":"20181206231254","is_ascension_mode":true,"campfire_choices":[{"floor":12,"key":"REST"},{"data":"Defragment","floor":15,"key":"SMITH"},{"floor":23,"key":"REST"}],"neow_cost":"NONE","seed_source_timestamp":1989752032225051,"circlet_count":0,"master_deck":["Defend_B","Defend_B","Defend_B","Zap","Dualcast","Redo","Lockon","Conserve Battery","Doom and Gloom","Core Surge","Biased Cognition","Defragment+1","Glacier","Seek"],"relics":["Cracked Core","NeowsBlessing","MawBank","Boot","Oddly Smooth Stone","Omamori","Membership Card","Empty Cage"],"potions_floor_usage":[16,16],"damage_taken":[{"damage":0,"enemies":"Small Slimes","floor":1,"turns":1},{"damage":0,"enemies":"Jaw Worm","floor":5,"turns":1},{"damage":0,"enemies":"Gremlin Nob","floor":6,"turns":1},{"damage":0,"enemies":"2 Louse","floor":7,"turns":2},{"damage":23,"enemies":"3 Sentries","floor":8,"turns":5},{"damage":22,"enemies":"Lagavulin","floor":10,"turns":6},{"damage":10,"enemies":"Slime Boss","floor":16,"turns":13},{"damage":12,"enemies":"Chosen","floor":18,"turns":4},{"damage":10,"enemies":"Colosseum Slavers","floor":19,"turns":6},{"damage":12,"enemies":"2 Thieves","floor":20,"turns":4},{"damage":20,"enemies":"Snake Plant","floor":22,"turns":5},{"damage":46,"enemies":"Slavers","floor":24,"turns":3}],"seed_played":"5883311451827612465","potions_obtained":[{"floor":6,"key":"FocusPotion"},{"floor":10,"key":"Regen Potion"}],"is_trial":false,"path_per_floor":["M","?","?","$","M","E","M","E","T","E","$","R","$","?","R","B",null,"M","?","M","?","M","R","E"],"character_chosen":"DEFECT","items_purchased":["Lockon","Membership Card","Defragment"],"campfire_rested":2,"item_purchase_floors":[4,11,11],"current_hp_per_floor":[68,68,68,68,68,68,68,45,45,23,23,45,45,45,45,50,69,57,47,35,35,15,37,0],"gold":157,"neow_bonus":"THREE_ENEMY_KILL","is_prod":false,"is_daily":false,"chose_seed":false,"campfire_upgraded":1,"win_rate":0,"timestamp":1544155974,"path_taken":["M","?","?","$","M","E","M","E","T","E","?","R","$","?","R","BOSS","M","?","M","?","M","R","E"],"build_version":"2018-11-15","purchased_purges":2,"victory":false,"max_hp_per_floor":[75,75,75,75,75,75,75,75,75,75,75,75,75,75,75,75,75,75,75,75,75,75,75,75],"card_choices":[{"not_picked":["Heatsinks","Beam Cell"],"picked":"Redo","floor":1},{"not_picked":["Stack","Skim","Cold Snap"],"picked":"SKIP","floor":5},{"not_picked":["Biased Cognition","Redo"],"picked":"Conserve Battery","floor":6},{"not_picked":["Blizzard","Force Field"],"picked":"Doom and Gloom","floor":7},{"not_picked":["Stack","Leap"],"picked":"Core Surge","floor":8},{"not_picked":["Coolheaded","Fusion"],"picked":"Biased Cognition","floor":10},{"not_picked":["All For One","Fission"],"picked":"Seek","floor":16},{"not_picked":["Consume","Conserve Battery","Sweeping Beam"],"picked":"SKIP","floor":18},{"not_picked":["Storm","Conserve Battery","Steam"],"picked":"SKIP","floor":20},{"not_picked":["Leap","Auto Shields+1","Consume+1"],"picked":"SKIP","floor":22}],"player_experience":2706344,"relics_obtained":[{"floor":6,"key":"MawBank"},{"floor":8,"key":"Boot"},{"floor":9,"key":"Oddly Smooth Stone"},{"floor":10,"key":"Omamori"}],"event_choices":[{"damage_healed":0,"gold_gain":175,"player_choice":"AGREE","damage_taken":0,"max_hp_gain":0,"max_hp_loss":0,"event_name":"Liars Game","floor":2,"gold_loss":0,"cards_obtained":["Doubt"]},{"cards_removed":["Doubt"],"damage_healed":0,"gold_gain":0,"player_choice":"Card Removal","damage_taken":0,"max_hp_gain":0,"max_hp_loss":0,"event_name":"The Cleric","floor":3,"gold_loss":50},{"damage_healed":0,"gold_gain":0,"cards_transformed":["Strike_B"],"player_choice":"Change","damage_taken":0,"max_hp_gain":0,"max_hp_loss":0,"event_name":"Living Wall","floor":14,"gold_loss":0,"cards_obtained":["Glacier"]},{"damage_healed":0,"gold_gain":0,"player_choice":"Fight","damage_taken":0,"max_hp_gain":0,"max_hp_loss":0,"event_name":"Colosseum","floor":19,"gold_loss":0},{"damage_healed":0,"gold_gain":0,"player_choice":"Fled From Nobs","damage_taken":0,"max_hp_gain":0,"max_hp_loss":0,"event_name":"Colosseum","floor":19,"gold_loss":0},{"damage_healed":0,"gold_gain":0,"player_choice":"Ignored","damage_taken":0,"max_hp_gain":0,"max_hp_loss":0,"event_name":"Ghosts","floor":21,"gold_loss":0}],"is_beta":false,"boss_relics":[{"not_picked":["Coffee Dripper","FrozenCore"],"picked":"Empty Cage"}],"items_purged_floors":[4,11],"is_endless":false,"potions_floor_spawned":[6,10,19],"killed_by":"Slavers","ascension_level":8}