{"gold_per_floor":[114,129,144,25,40,40,70,70,95,125,162,204,231,243,255,367,379,406,431,458,485,347,407,407,422,422,422,452,2,32,32,32,132,132,147,147,162,177,192,192,222,222,247,33,48,63,63,93,93,93],"floor_reached":50,"playtime":4352,"items_purged":["Parasite"],"score":755,"play_id":"17c74695-26ea-4f29-bf45-b2e3721007a3","local_time":"20181128103205","daily_mods":["Insanity","ControlledChaos","DeadlyEvents"],"is_ascension_mode":false,"campfire_choices":[{"data":"Backstab","floor":6,"key":"SMITH"},{"data":"1","floor":15,"key":"LIFT"},{"floor":24,"key":"REST"},{"floor":27,"key":"REST"},{"data":"2","floor":32,"key":"LIFT"},{"data":"3","floor":40,"key":"LIFT"},{"data":"Noxious Fumes","floor":47,"key":"SMITH"},{"data":"Footwork","floor":49,"key":"SMITH"}],"neow_cost":"","seed_source_timestamp":0,"circlet_count":0,"master_deck":["Backstab+1","Endless Agony","Flying Knee","Noxious Fumes+1","Poisoned Stab","Dagger Spray","Catalyst","Heel Hook","Flechettes","Crippling Poison","Outmaneuver","Catalyst","Sucker Punch","Dagger Throw","Outmaneuver","Prepared","Leg Sweep","Deflect","Bane","Backstab","Caltrops","Riddle With Holes","Blade Dance","Slice","Catalyst","Backflip","Poisoned Stab","Eviscerate","Slice","Accuracy","Crippling Poison","Predator","Underhanded Strike","Infinite Blades","Acrobatics","Dodge and Roll","Finisher","Sucker Punch","Slice","Flying Knee","Choke","Well Laid Plans","Flying Knee","Distraction","Eviscerate","Choke","PiercingWail","Finisher","PiercingWail","Backstab","Blur","Leg Sweep","Cloak And Dagger","Bouncing Flask","Venomology","Prepared","Calculated Gamble+1","Calculated Gamble+1","Setup+1","Burst","Leg Sweep","Terror","Adrenaline","Escape Plan+1","Well Laid Plans+1","PiercingWail+1","Parasite","Dagger Spray+1","Backflip+1","Die Die Die","Enlightenment","Footwork+1","Malaise","Blade Dance+1"],"special_seed":17863,"relics":["Ring of the Snake","Frozen Eye","Girya","Art of War","MawBank","Oddly Smooth Stone","Bag of Marbles","Black Star","Red Mask","Lantern","Tiny Chest","Blood Vial","Tingsha","PreservedInsect","Vajra","Incense Burner","Ancient Tea Set","FossilizedHelix","Gambling Chip","Sozu","Dream Catcher","Centennial Puzzle","Smiling Mask","Molten Egg 2","Bottled Lightning"],"potions_floor_usage":[16,20,28,33,50,50],"damage_taken":[{"damage":6,"enemies":"Cultist","floor":1,"turns":2},{"damage":0,"enemies":"2 Louse","floor":2,"turns":1},{"damage":8,"enemies":"Jaw Worm","floor":3,"turns":2},{"damage":0,"enemies":"3 Louse","floor":5,"turns":2},{"damage":13,"enemies":"3 Sentries","floor":7,"turns":4},{"damage":11,"enemies":"Lagavulin","floor":10,"turns":4},{"damage":12,"enemies":"3 Sentries","floor":12,"turns":4},{"damage":0,"enemies":"Blue Slaver","floor":13,"turns":1},{"damage":18,"enemies":"Hexaghost","floor":16,"turns":5},{"damage":0,"enemies":"3 Byrds","floor":18,"turns":1},{"damage":0,"enemies":"Masked Bandits","floor":19,"turns":2},{"damage":0,"enemies":"Spheric Guardian","floor":20,"turns":3},{"damage":15,"enemies":"Snake Plant","floor":21,"turns":2},{"damage":34,"enemies":"Gremlin Leader","floor":23,"turns":8},{"damage":6,"enemies":"Centurion and Healer","floor":25,"turns":3},{"damage":0,"enemies":"Book of Stabbing","floor":28,"turns":1},{"damage":5,"enemies":"Slavers","floor":30,"turns":2},{"damage":53,"enemies":"Automaton","floor":33,"turns":10},{"damage":0,"enemies":"Orb Walker","floor":35,"turns":2},{"damage":11,"enemies":"3 Darklings","floor":37,"turns":4},{"damage":0,"enemies":"Spire Growth","floor":38,"turns":2},{"damage":0,"enemies":"Writhing Mass","floor":39,"turns":3},{"damage":0,"enemies":"Giant Head","floor":41,"turns":4},{"damage":0,"enemies":"4 Shapes","floor":45,"turns":2},{"damage":0,"enemies":"Sphere and 2 Shapes","floor":46,"turns":3},{"damage":0,"enemies":"Reptomancer","floor":48,"turns":1},{"damage":72,"enemies":"Awakened One","floor":50,"turns":8}],"seed_played":"-3448397470738348676","potions_obtained":[{"floor":1,"key":"Dexterity Potion"},{"floor":10,"key":"Fire Potion"},{"floor":13,"key":"EssenceOfSteel"},{"floor":16,"key":"Poison Potion"},{"floor":21,"key":"SteroidPotion"},{"floor":28,"key":"Dexterity Potion"},{"floor":33,"key":"Dexterity Potion"}],"is_trial":false,"path_per_floor":["M","M","M","$","M","R","E","$","T","E","T","E","M","?","R","B",null,"M","?","M","M","$","E","R","M","T","R","E","$","E","?","R","B",null,"M","$","M","M","M","R","E","?","T","$","M","M","R","E","R","B"],"character_chosen":"THE_SILENT","items_purchased":["Backstab","Strength Potion","Lantern","Incense Burner","Ancient Tea Set","Die Die Die","Enlightenment"],"campfire_rested":2,"item_purchase_floors":[4,4,22,29,29,44,44],"current_hp_per_floor":[64,64,56,56,56,56,43,43,43,32,32,20,20,37,37,19,70,70,70,70,55,55,21,42,38,38,59,61,61,58,58,58,7,70,70,70,59,61,63,63,65,65,65,65,67,67,67,67,67,0],"gold":93,"neow_bonus":"","is_prod":false,"is_daily":true,"chose_seed":false,"campfire_upgraded":3,"win_rate":0,"timestamp":1543419125,"path_taken":["M","M","?","?","M","R","E","$","T","E","?","?","M","?","R","BOSS","M","?","?","M","?","E","R","M","T","R","?","$","E","?","R","BOSS","M","$","M","M","M","R","E","?","T","$","M","M","R","E","R","BOSS"],"build_version":"2018-11-15","purchased_purges":1,"victory":false,"max_hp_per_floor":[70,70,70,70,70,70,70,70,70,70,70,70,70,70,70,70,70,70,70,70,70,70,70,70,70,70,70,70,70,70,70,70,70,70,70,70,70,70,70,70,70,70,70,67,67,67,67,67,67,67],"card_choices":[{"not_picked":["Tactician","Bane","Flying Knee"],"picked":"SKIP","floor":1},{"not_picked":["Slice","Infinite Blades","Outmaneuver"],"picked":"SKIP","floor":2},{"not_picked":["Bane","Dagger Throw","Cloak And Dagger"],"picked":"SKIP","floor":3},{"not_picked":["Dagger Spray","Concentrate","Flying Knee"],"picked":"SKIP","floor":5},{"not_picked":["Glass Knife","Catalyst"],"picked":"Blur","floor":7},{"not_picked":["Flying Knee","Grand Finale"],"picked":"Leg Sweep","floor":10},{"not_picked":["Caltrops","Sucker Punch"],"picked":"Cloak And Dagger","floor":12},{"not_picked":["Blade Dance","Dodge and Roll"],"picked":"Bouncing Flask","floor":13},{"not_picked":["Phantasmal Killer","Grand Finale"],"picked":"Venomology","floor":16},{"not_picked":["Bane","Outmaneuver"],"picked":"Prepared","floor":18},{"not_picked":["Quick Slash","Deflect","Choke"],"picked":"SKIP","floor":20},{"not_picked":["Concentrate","Masterful Stab+1"],"picked":"Calculated Gamble+1","floor":21},{"not_picked":["Storm of Steel","Deadly Poison"],"picked":"Calculated Gamble+1","floor":23},{"not_picked":["Predator","Underhanded Strike"],"picked":"Setup+1","floor":25},{"not_picked":["Flying Knee","Skewer+1"],"picked":"Burst","floor":28},{"not_picked":["Slice+1","Crippling Poison"],"picked":"Leg Sweep","floor":30},{"not_picked":["Burst","Grand Finale"],"picked":"Adrenaline","floor":33},{"not_picked":["Choke+1","Backflip"],"picked":"Escape Plan+1","floor":35},{"not_picked":["Setup+1","Sucker Punch"],"picked":"Well Laid Plans+1","floor":37},{"not_picked":["Predator","Poisoned Stab+1"],"picked":"PiercingWail+1","floor":38},{"not_picked":["Predator","Underhanded Strike"],"picked":"Dagger Spray+1","floor":39},{"not_picked":["Riddle With Holes+1","Flying Knee"],"picked":"Backflip+1","floor":41},{"not_picked":["Underhanded Strike+1","Masterful Stab+1"],"picked":"Footwork","floor":45},{"not_picked":["Backflip+1","Flying Knee"],"picked":"Malaise","floor":46},{"not_picked":["Flying Knee+1","Finisher+1"],"picked":"Blade Dance+1","floor":48}],"player_experience":2534282,"relics_obtained":[{"floor":7,"key":"Girya"},{"floor":9,"key":"Art of War"},{"floor":10,"key":"MawBank"},{"floor":11,"key":"Oddly Smooth Stone"},{"floor":12,"key":"Bag of Marbles"},{"floor":19,"key":"Red Mask"},{"floor":23,"key":"Tiny Chest"},{"floor":23,"key":"Blood Vial"},{"floor":26,"key":"Tingsha"},{"floor":28,"key":"PreservedInsect"},{"floor":28,"key":"Vajra"},{"floor":30,"key":"FossilizedHelix"},{"floor":30,"key":"Gambling Chip"},{"floor":41,"key":"Dream Catcher"},{"floor":41,"key":"Centennial Puzzle"},{"floor":43,"key":"Smiling Mask"},{"floor":48,"key":"Molten Egg 2"},{"floor":48,"key":"Bottled Lightning"}],"event_choices":[{"damage_healed":17,"gold_gain":0,"player_choice":"Healed and dodged fight","damage_taken":0,"max_hp_gain":0,"max_hp_loss":0,"event_name":"Mushrooms","floor":14,"gold_loss":0,"cards_obtained":["Parasite"]},{"damage_healed":0,"gold_gain":0,"player_choice":"Fought Bandits","damage_taken":0,"max_hp_gain":0,"max_hp_loss":0,"event_name":"Masked Bandits","floor":19,"gold_loss":0},{"damage_healed":0,"gold_gain":0,"player_choice":"Read","damage_taken":0,"max_hp_gain":0,"max_hp_loss":0,"event_name":"The Library","floor":31,"gold_loss":0,"cards_obtained":["Terror"]},{"cards_removed":["Deadly Poison"],"damage_healed":0,"gold_gain":0,"player_choice":"Removed Skill","damage_taken":0,"max_hp_gain":0,"max_hp_loss":0,"event_name":"Falling","floor":42,"gold_loss":0}],"is_beta":false,"boss_relics":[{"not_picked":["Coffee Dripper","Empty Cage"],"picked":"Black Star"},{"not_picked":["Astrolabe","Cursed Key"],"picked":"Sozu"}],"items_purged_floors":[44],"is_endless":false,"potions_floor_spawned":[1,10,12,13,16,19,21,28,33,35,41,45],"killed_by":"Awakened One","ascension_level":0}