{"gold_per_floor":[111,137,153,27,27,56,73,91,91,118,58],"floor_reached":11,"playtime":395,"items_purged":["Strike_G"],"score":216,"play_id":"967f6e91-fac5-4c7d-8ec1-c6ee8a522ed3","local_time":"20181124120625","is_ascension_mode":true,"campfire_choices":[],"neow_cost":"NONE","seed_source_timestamp":913507058490791,"circlet_count":0,"master_deck":["AscendersBane","Defend_G+1","Defend_G","Defend_G","Defend_G","Defend_G","Strike_G","Strike_G","Strike_G","Strike_G","Survivor+1","Neutralize","Escape Plan","Flying Knee","Flying Knee","Backflip","Backflip","Crippling Poison","Adrenaline+1"],"relics":["Ring of the Snake","NeowsBlessing","War Paint","Frozen Egg 2","Smiling Mask","Incense Burner","Toxic Egg 2"],"potions_floor_usage":[11,11],"damage_taken":[{"damage":0,"enemies":"Cultist","floor":1,"turns":1},{"damage":0,"enemies":"Small Slimes","floor":3,"turns":1},{"damage":0,"enemies":"Lagavulin","floor":6,"turns":1},{"damage":1,"enemies":"Jaw Worm","floor":7,"turns":4},{"damage":0,"enemies":"Large Slime","floor":8,"turns":7},{"damage":51,"enemies":"Gremlin Nob","floor":10,"turns":6},{"damage":3,"enemies":"Looter","floor":11,"turns":3}],"seed_played":"2534608626861864097","potions_obtained":[{"floor":3,"key":"Weak Potion"},{"floor":6,"key":"Dexterity Potion"}],"is_trial":false,"path_per_floor":["M","T","M","$","?","E","M","M","T","E","M"],"character_chosen":"THE_SILENT","items_purchased":["Flying Knee"],"campfire_rested":0,"item_purchase_floors":[4],"current_hp_per_floor":[59,59,59,59,54,54,53,53,53,2,0],"gold":58,"neow_bonus":"THREE_ENEMY_KILL","is_prod":false,"is_daily":false,"chose_seed":false,"campfire_upgraded":0,"win_rate":0,"timestamp":1543079185,"path_taken":["M","?","M","$","?","E","M","M","T","E","M"],"build_version":"2018-11-15","purchased_purges":1,"victory":false,"max_hp_per_floor":[66,66,66,66,66,66,66,66,66,66,66],"card_choices":[{"not_picked":["Prepared","Acrobatics"],"picked":"Escape Plan","floor":1},{"not_picked":["Backflip","Cloak And Dagger"],"picked":"Flying Knee","floor":3},{"not_picked":["Flying Knee","Choke"],"picked":"Backflip","floor":6},{"not_picked":["Distraction","Prepared"],"picked":"Backflip","floor":7},{"not_picked":["Acrobatics","Cloak And Dagger"],"picked":"Crippling Poison","floor":8},{"not_picked":["Backflip","Leg Sweep"],"picked":"Adrenaline","floor":10}],"player_experience":2482710,"relics_obtained":[{"floor":2,"key":"War Paint"},{"floor":6,"key":"Smiling Mask"},{"floor":9,"key":"Incense Burner"},{"floor":10,"key":"Toxic Egg 2"}],"event_choices":[{"damage_healed":0,"gold_gain":0,"player_choice":"Success","damage_taken":5,"relics_obtained":["Frozen Egg 2"],"max_hp_gain":0,"max_hp_loss":0,"event_name":"Scrap Ooze","floor":5,"gold_loss":0}],"is_beta":false,"boss_relics":[],"items_purged_floors":[4],"is_endless":false,"potions_floor_spawned":[3,6],"killed_by":"Looter","ascension_level":20}