{"path_per_floor":["M","M","$","M","M","R","E","?","T","M","R","E","R","?","R","B",null,"M","$","?","?","M","R","?","M","T","M","E","R","M","M","R","B",null,"M","M","?","$","M","E","R","E","T","?","?","M","R","M","R","B"],"character_chosen":"THE_SILENT","items_purchased":["PiercingWail","Anchor","Footwork","Pantograph","Blade Dance"],"gold_per_floor":[113,127,29,44,57,57,90,112,137,151,151,184,184,184,184,280,280,255,2,2,2,19,19,19,35,35,45,78,78,97,116,116,187,187,197,214,514,26,43,69,69,103,180,180,180,191,191,209,209,209],"floor_reached":51,"campfire_rested":2,"playtime":10074,"current_hp_per_floor":[63,63,63,63,61,61,40,34,34,34,54,44,44,44,44,24,53,42,42,42,26,31,49,49,54,68,73,76,76,76,76,76,43,68,62,63,68,68,72,61,61,62,67,57,57,62,62,62,62,55],"items_purged":["Parasite","Strike_G","Doubt"],"gold":209,"score":1225,"play_id":"e189fd59-ddad-47e3-b052-c1620c381ec9","local_time":"20180309212405","is_prod":false,"is_daily":false,"is_ascension_mode":true,"campfire_upgraded":8,"timestamp":1520648645,"path_taken":["M","M","$","M","M","R","E","?","T","?","R","E","R","?","R","BOSS","M","$","?","?","M","R","?","M","T","M","E","R","M","?","R","BOSS","M","?","?","$","M","E","R","E","T","?","?","?","R","M","R","BOSS"],"build_version":"2018-03-09","purchased_purges":4,"victory":true,"master_deck":["Defend_G+1","Defend_G+1","Defend_G+1","Defend_G+1","Defend_G+1","Strike_G+1","Survivor","Neutralize+1","Deflect","After Image","PiercingWail","Noxious Fumes+1","Flying Knee","Footwork+1","Bouncing Flask+1","After Image","Backflip","Bullet Time","Dagger Spray","Cloak And Dagger+1","Bouncing Flask+1","Malaise+1","Bane+1","Noxious Fumes","Die Die Die","Bouncing Flask+1","Accuracy+1","Slice+1","Cloak And Dagger","Prepared+1","Footwork+1","Blade Dance","Acrobatics+1","Prepared+1","Injury","Madness","Catalyst+1","Acrobatics+1"],"max_hp_per_floor":[70,70,67,67,67,67,67,67,67,67,67,67,67,62,62,62,62,62,62,62,62,62,62,62,62,76,76,76,76,76,76,76,76,76,76,76,76,76,76,76,76,76,76,76,76,76,76,76,76,76],"relics":["Ring of the Snake","Lantern","Odd Mushroom","Art of War","Vajra","Bloody Idol","Cursed Key","Anchor","Enchiridion","Mango","Bag of Marbles","Astrolabe","Pantograph","Paper Crane","Regal Pillow","Frozen Egg 2"],"card_choices":[{"not_picked":["Calculated Gamble","Prepared"],"picked":"Deflect"},{"not_picked":["Eviscerate","Prepared"],"picked":"After Image"},{"not_picked":["Quick Slash","Dash"],"picked":"Noxious Fumes"},{"not_picked":["Bane","Quick Slash"],"picked":"Flying Knee"},{"not_picked":["Calculated Gamble","PiercingWail"],"picked":"Footwork"},{"not_picked":["Heel Hook","Blur"],"picked":"Bouncing Flask"},{"not_picked":["Flechettes","Outmaneuver"],"picked":"After Image"},{"not_picked":["Heel Hook","Masterful Stab"],"picked":"Backflip"},{"not_picked":["Burst","Night Terror"],"picked":"Bullet Time"},{"not_picked":["Quick Slash","Flying Knee"],"picked":"Dagger Spray"},{"not_picked":["Quick Slash","Dagger Throw"],"picked":"Cloak And Dagger"},{"not_picked":["Sucker Punch","Catalyst"],"picked":"Bouncing Flask"},{"not_picked":["Underhanded Strike","Prepared"],"picked":"Malaise"},{"not_picked":["Dash","Night Terror"],"picked":"Bane"},{"not_picked":["Expertise","Dagger Throw"],"picked":"Noxious Fumes"},{"not_picked":["Tools of the Trade","Burst"],"picked":"Die Die Die"},{"not_picked":["Calculated Gamble","Skewer"],"picked":"Cloak And Dagger"},{"not_picked":["Bouncing Flask","Slice"],"picked":"Prepared"},{"not_picked":["Riddle With Holes","Quick Slash"],"picked":"Acrobatics"},{"not_picked":["Dagger Spray","PiercingWail"],"picked":"Prepared"},{"not_picked":["Underhanded Strike","Bouncing Flask"],"picked":"Catalyst"},{"not_picked":["Bane","Cloak And Dagger"],"picked":"Acrobatics"}],"player_experience":951909,"potions_floor_usage":[1,5,7,7,8,18,25,30,33,33,42,50,50],"damage_taken":[{"damage":0,"enemies":"Jaw Worm","floor":1,"turns":3},{"damage":0,"enemies":"2 Louse","floor":2,"turns":3},{"damage":0,"enemies":"Small Slimes","floor":4,"turns":5},{"damage":2,"enemies":"Exordium Wildlife","floor":5,"turns":7},{"damage":21,"enemies":"Gremlin Nob","floor":7,"turns":5},{"damage":6,"enemies":"The Mushroom Lair","floor":8,"turns":5},{"damage":0,"enemies":"Exordium Thugs","floor":10,"turns":6},{"damage":10,"enemies":"Lagavulin","floor":12,"turns":7},{"damage":20,"enemies":"The Guardian","floor":16,"turns":12},{"damage":23,"enemies":"2 Thieves","floor":18,"turns":5},{"damage":0,"enemies":"Shell Parasite","floor":22,"turns":6},{"damage":0,"enemies":"Snecko","floor":25,"turns":7},{"damage":0,"enemies":"Centurion and Healer","floor":27,"turns":6},{"damage":2,"enemies":"Book of Stabbing","floor":28,"turns":7},{"damage":0,"enemies":"3 Cultists","floor":30,"turns":4},{"damage":0,"enemies":"Snake Plant","floor":31,"turns":5},{"damage":38,"enemies":"Collector","floor":33,"turns":11},{"damage":11,"enemies":"3 Darklings","floor":35,"turns":4},{"damage":4,"enemies":"3 Shapes","floor":36,"turns":4},{"damage":1,"enemies":"3 Darklings","floor":39,"turns":5},{"damage":16,"enemies":"Nemesis","floor":40,"turns":7},{"damage":4,"enemies":"Giant Head","floor":42,"turns":8},{"damage":0,"enemies":"4 Shapes","floor":46,"turns":6},{"damage":5,"enemies":"Sphere and 2 Shapes","floor":48,"turns":5},{"damage":21,"enemies":"Time Eater","floor":50,"turns":13}],"event_choices":[{"event_name":"Mushrooms","player_choice":"Fought Mushrooms","floor":8,"damage_taken":0},{"event_name":"Golden Idol","player_choice":"Lose Max HP","floor":14,"damage_taken":0},{"event_name":"Forgotten Altar","player_choice":"Gave Idol","floor":20,"damage_taken":0},{"event_name":"Cursed Tome","player_choice":"Obtained Book","floor":21,"damage_taken":0},{"event_name":"Back to Basics","player_choice":"Simplicity","floor":24,"damage_taken":0},{"event_name":"Wheel of Change","player_choice":"Gold","floor":37,"damage_taken":0},{"event_name":"Winding Halls","player_choice":"Embrace Madness","floor":44,"damage_taken":0}],"boss_relics":[{"not_picked":["Question Card","Velvet Choker"],"picked":"Cursed Key"},{"not_picked":["White Beast Statue","Lizard Tail"],"picked":"Astrolabe"}],"potions_floor_spawned":[1,4,7,16,18,25,28,30,35,36,48],"seed_played":"1638576109764766510","ascension_level":13,"is_trial":false}