{"gold_per_floor":[110,126,144,144,163,190,190,201,201,234,234,291,291,320,320,399,399,370,370,55,65,165,196,196,209,234,234,234,262,272,291,291,291],"floor_reached":33,"playtime":2599,"items_purged":[],"score":610,"play_id":"2f00fe50-e0bb-4394-ae8b-c79f41aa1a15","local_time":"20190502105335","is_ascension_mode":true,"campfire_choices":[{"floor":7,"key":"REST"},{"floor":11,"key":"REST"},{"floor":15,"key":"REST"},{"floor":24,"key":"REST"},{"floor":28,"key":"REST"},{"floor":32,"key":"REST"}],"neow_cost":"NONE","seed_source_timestamp":1955054334653854,"circlet_count":0,"master_deck":["AscendersBane","Bash","Anger","Iron Wave","Shrug It Off","Perfected Strike","Power Through","Metallicize","Intimidate","Disarm","True Grit+1","Fiend Fire","Ghostly Armor+1","Fiend Fire","Shockwave+1","Warcry+1","Body Slam","Uppercut","Cleave","Twin Strike","Blood for Blood","Armaments+1","Necronomicurse","Enlightenment+1","Intimidate+1","Spot Weakness+1","Evolve","Flex+1","Spot Weakness+1","Headbutt","Corruption"],"relics":["Burning Blood","NeowsBlessing","Bottled Flame","Torii","Ginger","Letter Opener","Toxic Egg 2","Pandora\u0027s Box","Necronomicon","Bronze Scales","Peace Pipe","Pantograph","Boot","Bag of Preparation","Blood Vial"],"potions_floor_usage":[6,6,6,8,10,14,16,22,22,33],"damage_taken":[{"damage":0,"enemies":"Small Slimes","floor":1,"turns":1},{"damage":0,"enemies":"Cultist","floor":2,"turns":1},{"damage":0,"enemies":"Jaw Worm","floor":3,"turns":1},{"damage":9,"enemies":"3 Louse","floor":5,"turns":4},{"damage":38,"enemies":"Lagavulin","floor":6,"turns":8},{"damage":12,"enemies":"Exordium Wildlife","floor":8,"turns":5},{"damage":23,"enemies":"3 Sentries","floor":10,"turns":15},{"damage":11,"enemies":"3 Sentries","floor":12,"turns":13},{"damage":26,"enemies":"Gremlin Nob","floor":14,"turns":5},{"damage":17,"enemies":"The Guardian","floor":16,"turns":16},{"damage":9,"enemies":"2 Thieves","floor":18,"turns":4},{"damage":1,"enemies":"Spheric Guardian","floor":21,"turns":4},{"damage":14,"enemies":"Colosseum Slavers","floor":22,"turns":3},{"damage":6,"enemies":"Colosseum Nobs","floor":22,"turns":2},{"damage":27,"enemies":"Book of Stabbing","floor":23,"turns":6},{"damage":7,"enemies":"3 Cultists","floor":25,"turns":5},{"damage":27,"enemies":"Gremlin Leader","floor":29,"turns":6},{"damage":7,"enemies":"Snake Plant","floor":30,"turns":2},{"damage":34,"enemies":"Sentry and Sphere","floor":31,"turns":5},{"damage":77,"enemies":"Champ","floor":33,"turns":12}],"seed_played":"-1802202580857598503","potions_obtained":[{"floor":1,"key":"EntropicBrew"},{"floor":2,"key":"Dexterity Potion"},{"floor":8,"key":"BloodPotion"},{"floor":10,"key":"Ancient Potion"},{"floor":12,"key":"SkillPotion"},{"floor":21,"key":"Swift Potion"},{"floor":29,"key":"Swift Potion"}],"is_trial":false,"path_per_floor":["M","M","M","?","M","E","R","M","T","E","R","?","?","E","R","B",null,"M","?","$","M","?","E","R","M","T","?","R","E","M","M","R","B"],"character_chosen":"IRONCLAD","items_purchased":["Strength Potion","Enlightenment+1","Bronze Scales"],"campfire_rested":6,"item_purchase_floors":[20,20,20],"current_hp_per_floor":[74,75,75,64,61,29,51,45,45,35,57,52,57,37,61,50,73,70,49,49,54,46,25,49,48,48,48,72,51,52,26,50,0],"gold":291,"neow_bonus":"THREE_ENEMY_KILL","is_prod":false,"is_daily":false,"chose_seed":false,"campfire_upgraded":0,"win_rate":0,"timestamp":1556808815,"path_taken":["M","M","M","?","M","E","R","?","T","E","R","?","?","E","R","BOSS","M","?","$","M","?","E","R","M","T","?","R","E","M","M","R","BOSS"],"build_version":"2019-01-23","purchased_purges":0,"victory":false,"max_hp_per_floor":[75,75,75,75,75,75,75,75,75,75,75,75,80,80,80,80,80,80,80,80,80,80,80,80,80,80,80,80,80,80,80,80,80],"card_choices":[{"not_picked":["Wild Strike","Clash"],"picked":"Anger","floor":1},{"not_picked":["Searing Blow","Burning Pact"],"picked":"Iron Wave","floor":2},{"not_picked":["Iron Wave","Burning Pact"],"picked":"Shrug It Off","floor":3},{"not_picked":["Battle Trance","Anger"],"picked":"Perfected Strike","floor":5},{"not_picked":["Twin Strike","Bloodletting"],"picked":"Power Through","floor":6},{"not_picked":["Sword Boomerang","Rupture"],"picked":"Metallicize","floor":8},{"not_picked":["Wild Strike","Blood for Blood"],"picked":"Intimidate","floor":10},{"not_picked":["Pommel Strike","Feel No Pain"],"picked":"Disarm","floor":12},{"not_picked":["Rage","Anger"],"picked":"True Grit","floor":14},{"not_picked":["Exhume+1","Berserk"],"picked":"Fiend Fire","floor":16},{"not_picked":["Hemokinesis","Cleave+1"],"picked":"Armaments+1","floor":18},{"not_picked":["Thunderclap","Headbutt"],"picked":"Intimidate+1","floor":21},{"not_picked":["Feel No Pain","Flex+1"],"picked":"Spot Weakness+1","floor":22},{"not_picked":["Whirlwind+1","Clothesline"],"picked":"Evolve","floor":23},{"not_picked":["True Grit+1","Armaments+1"],"picked":"Flex+1","floor":25},{"not_picked":["Clothesline","Heavy Blade"],"picked":"Headbutt","floor":29},{"not_picked":["Iron Wave","Dropkick","Pommel Strike"],"picked":"SKIP","floor":30},{"not_picked":["Ghostly Armor+1","Whirlwind"],"picked":"Corruption","floor":31}],"player_experience":3553106,"relics_obtained":[{"floor":6,"key":"Bottled Flame"},{"floor":9,"key":"Torii"},{"floor":10,"key":"Ginger"},{"floor":12,"key":"Letter Opener"},{"floor":14,"key":"Toxic Egg 2"},{"floor":19,"key":"Necronomicon"},{"floor":22,"key":"Peace Pipe"},{"floor":22,"key":"Pantograph"},{"floor":23,"key":"Boot"},{"floor":26,"key":"Bag of Preparation"},{"floor":29,"key":"Blood Vial"}],"event_choices":[{"damage_healed":0,"gold_gain":0,"player_choice":"Damaged","damage_taken":11,"max_hp_gain":0,"max_hp_loss":0,"event_name":"Wheel of Change","floor":4,"gold_loss":0},{"damage_healed":0,"gold_gain":0,"player_choice":"Searched \u00271\u0027 times","damage_taken":0,"max_hp_gain":0,"max_hp_loss":0,"event_name":"Dead Adventurer","floor":12,"gold_loss":0},{"damage_healed":0,"gold_gain":0,"player_choice":"Donut","damage_taken":0,"max_hp_gain":5,"max_hp_loss":0,"event_name":"Big Fish","floor":13,"gold_loss":0},{"damage_healed":0,"gold_gain":0,"player_choice":"Obtained Book","damage_taken":21,"max_hp_gain":0,"max_hp_loss":0,"event_name":"Cursed Tome","floor":19,"gold_loss":0},{"damage_healed":0,"gold_gain":0,"player_choice":"Fight","damage_taken":0,"max_hp_gain":0,"max_hp_loss":0,"event_name":"Colosseum","floor":22,"gold_loss":0},{"damage_healed":0,"gold_gain":0,"player_choice":"Fought Nobs","damage_taken":0,"max_hp_gain":0,"max_hp_loss":0,"event_name":"Colosseum","floor":22,"gold_loss":0},{"damage_healed":0,"gold_gain":0,"player_choice":"Read","damage_taken":0,"max_hp_gain":0,"max_hp_loss":0,"event_name":"The Library","floor":27,"gold_loss":0,"cards_obtained":["Spot Weakness"]}],"is_beta":false,"boss_relics":[{"not_picked":["Snecko Eye","Coffee Dripper"],"picked":"Pandora\u0027s Box"}],"items_purged_floors":[],"is_endless":false,"potions_floor_spawned":[1,2,8,10,12,21,22,29],"killed_by":"Champ","ascension_level":20}