{"gold_per_floor":[144,35,210,210,10,100,100,100,100,190,235,325,325,415,415,715,715,760,360,10,10,10,100,100,100,100,190,190,235,32,77,77,377,377,422,422,87,120,120,120,45,165,240,285,375,420,114,204,204,204],"floor_reached":51,"playtime":7402,"items_purged":["Choke","Dagger Throw","Dagger Throw","Flechettes"],"score":941,"play_id":"f9c85f3c-aad0-4410-b4ac-3b34f6d5ca4d","local_time":"20181205220633","daily_mods":["Insanity","Flight","Midas"],"is_ascension_mode":false,"campfire_choices":[{"floor":7,"key":"REST"},{"floor":13,"key":"REST"},{"floor":15,"key":"REST"},{"floor":32,"key":"REST"},{"floor":40,"key":"REST"},{"floor":49,"key":"REST"}],"neow_cost":"","seed_source_timestamp":0,"circlet_count":0,"master_deck":["Poisoned Stab","Quick Slash","Bane","Deflect","Quick Slash","Quick Slash","Riddle With Holes","Prepared","Deflect","Cloak And Dagger","Footwork","Flying Knee","Cloak And Dagger","Outmaneuver","Blade Dance","Dagger Spray","Distraction","Finisher","Prepared","Blade Dance","Deflect","Accuracy","Blade Dance","Riddle With Holes","Poisoned Stab","Distraction","Bouncing Flask","Crippling Poison","Dodge and Roll","Underhanded Strike","Dodge and Roll","Dagger Throw","Distraction","Deadly Poison","Concentrate","Flying Knee","Dagger Throw","Sucker Punch","Distraction","Heel Hook","Flying Knee","Riddle With Holes","Bane","Cloak And Dagger","Terror","Well Laid Plans","Doubt","Blur","PiercingWail","Malaise","Dodge and Roll+1","PiercingWail","Backstab","J.A.X.","Necronomicurse","After Image","Malaise","Caltrops","Outmaneuver+1","Predator","PiercingWail+1","Footwork","Accuracy+1"],"special_seed":17871,"relics":["Ring of the Snake","Dodecahedron","Oddly Smooth Stone","Pantograph","Question Card","Thread and Needle","Art of War","Sundial","Busted Crown","Bag of Preparation","Juzu Bracelet","Potion Belt","Strawberry","Bottled Tornado","Shuriken","Necronomicon","Black Star","Turnip","Mango","Tiny Chest","Vajra","Ninja Scroll","Gambling Chip","Prayer Wheel","Ornamental Fan","Mercury Hourglass"],"potions_floor_usage":[6,12,14,23,33,33,38,38,38,38,38,42,45,45,50],"damage_taken":[{"damage":0,"enemies":"Cultist","floor":1,"turns":3},{"damage":12,"enemies":"3 Sentries","floor":6,"turns":7},{"damage":11,"enemies":"Lagavulin","floor":10,"turns":5},{"damage":0,"enemies":"Jaw Worm","floor":11,"turns":3},{"damage":5,"enemies":"Gremlin Nob","floor":12,"turns":3},{"damage":11,"enemies":"3 Sentries","floor":14,"turns":5},{"damage":25,"enemies":"The Guardian","floor":16,"turns":10},{"damage":1,"enemies":"2 Thieves","floor":18,"turns":3},{"damage":26,"enemies":"Slavers","floor":23,"turns":5},{"damage":7,"enemies":"Book of Stabbing","floor":27,"turns":6},{"damage":1,"enemies":"Shell Parasite","floor":29,"turns":6},{"damage":0,"enemies":"Snake Plant","floor":31,"turns":5},{"damage":13,"enemies":"Automaton","floor":33,"turns":8},{"damage":1,"enemies":"3 Shapes","floor":35,"turns":8},{"damage":17,"enemies":"2 Orb Walkers","floor":38,"turns":6},{"damage":11,"enemies":"Giant Head","floor":42,"turns":9},{"damage":0,"enemies":"Orb Walker","floor":44,"turns":3},{"damage":21,"enemies":"Nemesis","floor":45,"turns":7},{"damage":0,"enemies":"Spire Growth","floor":46,"turns":2},{"damage":5,"enemies":"Giant Head","floor":48,"turns":6},{"damage":47,"enemies":"Awakened One","floor":50,"turns":13}],"seed_played":"-933783544503899618","potions_obtained":[{"floor":6,"key":"FearPotion"},{"floor":10,"key":"Ancient Potion"},{"floor":12,"key":"Weak Potion"},{"floor":16,"key":"Poison Potion"},{"floor":23,"key":"GamblersBrew"},{"floor":27,"key":"EntropicBrew"},{"floor":29,"key":"Energy Potion"},{"floor":38,"key":"Block Potion"},{"floor":42,"key":"GhostInAJar"},{"floor":48,"key":"Strength Potion"}],"is_trial":false,"path_per_floor":["M","$","?","T","$","E","R","?","T","E","M","E","R","E","R","B",null,"M","$","$","?","?","E","?","?","T","E","?","M","$","M","R","B",null,"M","?","$","?","?","R","$","E","T","M","E","M","$","E","R","B",null],"character_chosen":"THE_SILENT","items_purchased":["Well Laid Plans","Oddly Smooth Stone","Energy Potion","Bag of Preparation","Juzu Bracelet","Potion Belt","GamblersBrew","After Image","Dexterity Potion","Turnip","Caltrops","GhostInAJar","Footwork","LiquidBronze"],"campfire_rested":6,"item_purchase_floors":[2,5,5,19,19,20,20,30,30,37,37,41,47,47],"current_hp_per_floor":[70,70,70,70,70,58,70,75,75,64,64,59,75,64,75,50,75,74,74,74,74,74,55,55,55,55,48,32,31,31,31,55,67,82,81,78,78,75,75,92,92,81,81,81,75,75,75,70,92,45],"gold":204,"neow_bonus":"","is_prod":false,"is_daily":true,"chose_seed":false,"campfire_upgraded":0,"win_rate":0,"timestamp":1544065593,"path_taken":["M","$","?","?","$","E","R","?","T","E","?","E","R","E","R","BOSS","M","$","$","?","?","E","?","?","T","E","?","M","?","M","R","BOSS","M","?","$","?","?","R","$","E","T","M","E","M","$","E","R","BOSS"],"build_version":"2018-11-15","purchased_purges":4,"victory":true,"max_hp_per_floor":[70,70,70,70,70,70,70,75,75,75,75,75,75,75,75,75,75,75,75,75,75,75,82,82,82,82,82,82,82,82,82,82,82,82,82,78,78,92,92,92,92,92,92,92,92,92,92,92,92,92],"card_choices":[{"not_picked":["Acrobatics","Underhanded Strike"],"picked":"Terror","floor":1},{"not_picked":["Poisoned Stab","Unload","Outmaneuver"],"picked":"SKIP","floor":6},{"not_picked":["Dagger Throw","Poisoned Stab","Slice"],"picked":"Blur","floor":10},{"not_picked":["Quick Slash","Deadly Poison","Flying Knee","Slice"],"picked":"SKIP","floor":11},{"not_picked":["Backflip","Deflect","Flechettes"],"picked":"PiercingWail","floor":12},{"not_picked":["Cloak And Dagger","Flying Knee","Quick Slash","Doppelganger"],"picked":"SKIP","floor":14},{"not_picked":["Glass Knife","Doppelganger","Phantasmal Killer"],"picked":"Malaise","floor":16},{"not_picked":["Heel Hook"],"picked":"Dodge and Roll+1","floor":18},{"not_picked":["Dagger Throw"],"picked":"Backstab","floor":23},{"not_picked":["Infinite Blades","Crippling Poison"],"picked":"SKIP","floor":27},{"not_picked":["Acrobatics","Bane+1"],"picked":"SKIP","floor":29},{"not_picked":["Masterful Stab","Slice"],"picked":"SKIP","floor":31},{"not_picked":["Grand Finale"],"picked":"Malaise","floor":33},{"not_picked":["Poisoned Stab","Dagger Spray"],"picked":"SKIP","floor":35},{"not_picked":["Acrobatics+1"],"picked":"Outmaneuver+1","floor":38},{"not_picked":["Underhanded Strike+1"],"picked":"Predator","floor":42},{"not_picked":["Noxious Fumes","Flying Knee+1"],"picked":"SKIP","floor":44},{"not_picked":["Expertise+1","Accuracy"],"picked":"SKIP","floor":45},{"not_picked":["Concentrate+1"],"picked":"PiercingWail+1","floor":46},{"not_picked":["Slice+1","Flying Knee"],"picked":"SKIP","floor":46},{"not_picked":["Tactician"],"picked":"Accuracy+1","floor":48}],"player_experience":2674667,"relics_obtained":[{"floor":4,"key":"Dodecahedron"},{"floor":6,"key":"Pantograph"},{"floor":9,"key":"Question Card"},{"floor":10,"key":"Thread and Needle"},{"floor":12,"key":"Art of War"},{"floor":14,"key":"Sundial"},{"floor":23,"key":"Strawberry"},{"floor":26,"key":"Bottled Tornado"},{"floor":27,"key":"Shuriken"},{"floor":28,"key":"Necronomicon"},{"floor":38,"key":"Mango"},{"floor":42,"key":"Tiny Chest"},{"floor":42,"key":"Vajra"},{"floor":43,"key":"Ninja Scroll"},{"floor":45,"key":"Gambling Chip"},{"floor":45,"key":"Prayer Wheel"},{"floor":48,"key":"Ornamental Fan"},{"floor":48,"key":"Mercury Hourglass"}],"event_choices":[{"damage_healed":0,"gold_gain":175,"player_choice":"AGREE","damage_taken":0,"max_hp_gain":0,"max_hp_loss":0,"event_name":"Liars Game","floor":3,"gold_loss":0,"cards_obtained":["Doubt"]},{"damage_healed":0,"gold_gain":0,"player_choice":"Donut","damage_taken":0,"max_hp_gain":5,"max_hp_loss":0,"event_name":"Big Fish","floor":8,"gold_loss":0},{"damage_healed":0,"gold_gain":0,"player_choice":"Ignored","damage_taken":0,"max_hp_gain":0,"max_hp_loss":0,"event_name":"Vampires","floor":21,"gold_loss":0},{"damage_healed":0,"gold_gain":0,"player_choice":"Read","damage_taken":0,"max_hp_gain":0,"max_hp_loss":0,"event_name":"The Library","floor":22,"gold_loss":0,"cards_obtained":["PiercingWail"]},{"cards_removed":["Heel Hook"],"damage_healed":0,"gold_gain":0,"player_choice":"Elegance","damage_taken":0,"max_hp_gain":0,"max_hp_loss":0,"event_name":"Back to Basics","floor":24,"gold_loss":0},{"damage_healed":0,"gold_gain":0,"player_choice":"Obtain J.A.X.","damage_taken":0,"max_hp_gain":0,"max_hp_loss":0,"event_name":"Drug Dealer","floor":25,"gold_loss":0,"cards_obtained":["J.A.X."]},{"damage_healed":0,"gold_gain":0,"player_choice":"Obtained Book","damage_taken":16,"max_hp_gain":0,"max_hp_loss":0,"event_name":"Cursed Tome","floor":28,"gold_loss":0},{"damage_healed":0,"gold_gain":0,"player_choice":"Max HP","damage_taken":0,"max_hp_gain":0,"max_hp_loss":4,"event_name":"Winding Halls","floor":36,"gold_loss":0},{"damage_healed":0,"gold_gain":0,"player_choice":"Fight","damage_taken":0,"max_hp_gain":0,"max_hp_loss":0,"event_name":"Mysterious Sphere","floor":38,"gold_loss":0},{"cards_removed":["Flying Knee"],"damage_healed":0,"gold_gain":0,"player_choice":"Removed Attack","damage_taken":0,"max_hp_gain":0,"max_hp_loss":0,"event_name":"Falling","floor":39,"gold_loss":0}],"is_beta":false,"boss_relics":[{"not_picked":["WristBlade","Eternal Feather"],"picked":"Busted Crown"},{"not_picked":["HoveringKite","Tiny House"],"picked":"Black Star"}],"items_purged_floors":[2,19,20,47],"is_endless":false,"potions_floor_spawned":[6,10,12,16,23,27,29,38,42,48],"ascension_level":0}