{"gold_per_floor":[117,128,23,23,23,23,61,61,61,61,130,148,166,166,166,166],"floor_reached":16,"playtime":529,"items_purged":[],"score":216,"play_id":"629b0ae8-0e99-40d1-94f9-68c5d2714c6b","local_time":"20190502091710","is_ascension_mode":true,"campfire_choices":[{"data":"Bash","floor":6,"key":"SMITH"},{"data":"Rampage","floor":8,"key":"SMITH"},{"floor":10,"key":"REST"},{"floor":15,"key":"REST"}],"neow_cost":"NONE","seed_source_timestamp":1951340073394114,"circlet_count":0,"master_deck":["AscendersBane","Strike_R","Strike_R","Strike_R","Strike_R","Strike_R","Defend_R","Defend_R","Defend_R","Defend_R","Bash+1","Juggernaut","Cleave","Clothesline","Ghostly Armor","Iron Wave","Rampage+1","Flame Barrier","Feel No Pain+1"],"relics":["Burning Blood","Golden Idol","Frozen Egg 2","Bottled Flame","Tiny Chest","Omamori"],"potions_floor_usage":[13,13],"damage_taken":[{"damage":19,"enemies":"Jaw Worm","floor":1,"turns":6},{"damage":0,"enemies":"2 Louse","floor":2,"turns":3},{"damage":36,"enemies":"Lagavulin","floor":7,"turns":9},{"damage":42,"enemies":"Gremlin Nob","floor":11,"turns":5},{"damage":5,"enemies":"Cultist","floor":12,"turns":5},{"damage":9,"enemies":"2 Fungi Beasts","floor":13,"turns":2},{"damage":34,"enemies":"Hexaghost","floor":16,"turns":9}],"seed_played":"-5294923027940904323","potions_obtained":[{"floor":11,"key":"AttackPotion"},{"floor":12,"key":"AttackPotion"}],"is_trial":false,"path_per_floor":["M","M","$","?","$","R","E","R","T","R","E","M","M","T","R","B"],"character_chosen":"IRONCLAD","items_purchased":["Ghostly Armor","Iron Wave"],"campfire_rested":2,"item_purchase_floors":[3,3],"current_hp_per_floor":[55,61,61,61,61,61,31,31,31,51,15,16,13,13,33,0],"gold":166,"neow_bonus":"ONE_RANDOM_RARE_CARD","is_prod":false,"is_daily":false,"chose_seed":false,"campfire_upgraded":2,"win_rate":0,"timestamp":1556803030,"path_taken":["M","M","$","?","$","R","E","R","T","R","E","M","M","?","R","BOSS"],"build_version":"2019-01-23","purchased_purges":0,"victory":false,"max_hp_per_floor":[75,75,75,68,68,68,68,68,68,68,68,68,68,68,68,68],"card_choices":[{"not_picked":["Pommel Strike","Headbutt"],"picked":"Cleave","floor":1},{"not_picked":["Pommel Strike","Wild Strike"],"picked":"Clothesline","floor":2},{"not_picked":["Fire Breathing","Sever Soul"],"picked":"Rampage","floor":7},{"not_picked":["Dropkick","Reaper"],"picked":"Flame Barrier","floor":11},{"not_picked":["Body Slam","Twin Strike","Infernal Blade"],"picked":"SKIP","floor":12},{"not_picked":["Battle Trance","Ghostly Armor"],"picked":"Feel No Pain+1","floor":13}],"player_experience":3549441,"relics_obtained":[{"floor":7,"key":"Frozen Egg 2"},{"floor":9,"key":"Bottled Flame"},{"floor":11,"key":"Tiny Chest"},{"floor":14,"key":"Omamori"}],"event_choices":[{"damage_healed":0,"gold_gain":0,"player_choice":"Lose Max HP","damage_taken":0,"relics_obtained":["Golden Idol"],"max_hp_gain":0,"max_hp_loss":7,"event_name":"Golden Idol","floor":4,"gold_loss":0}],"is_beta":false,"boss_relics":[],"items_purged_floors":[],"is_endless":false,"potions_floor_spawned":[11,12],"killed_by":"Hexaghost","ascension_level":20}