{"gold_per_floor":[113,113,124,48,48,79,79,89,89,239,39,70,132,132,132,206,206,195,195,209,209,209,209,226,226,226,226,18,52,63,75,75,75],"floor_reached":33,"playtime":2158,"items_purged":["Doubt"],"score":543,"play_id":"76029683-b3d9-4d55-8478-3300f5c95e4d","local_time":"20181019165449","is_ascension_mode":true,"campfire_choices":[{"data":"Neutralize","floor":7,"key":"SMITH"},{"floor":15,"key":"REST"},{"data":"Noxious Fumes","floor":23,"key":"SMITH"},{"floor":25,"key":"REST"},{"floor":27,"key":"REST"},{"floor":32,"key":"REST"}],"neow_cost":"NONE","seed_source_timestamp":1116071632657,"circlet_count":0,"master_deck":["Defend_G","Defend_G","Defend_G","Defend_G","Defend_G","Survivor","Neutralize+1","AscendersBane","Deadly Poison","Bane","Blur","Dagger Spray","Backflip","Dagger Throw","Noxious Fumes+1","Malaise","Backflip+1","Writhe","Quick Slash+1","Bite+1","Bite+1","Bite+1","Bite+1","Bite+1","Acrobatics+1","Bandage Up","Terror","Catalyst","Bouncing Flask","Night Terror"],"relics":["Ring of the Serpent","NeowsBlessing","Blue Candle","Gremlin Horn","Potion Belt","Matryoshka","Bag of Preparation","Juzu Bracelet","Molten Egg 2","GremlinMask","MutagenicStrength","Dodecahedron","Paper Crane","Prayer Wheel"],"potions_floor_usage":[12,13,16,29,30,33,33],"damage_taken":[{"damage":0,"enemies":"Small Slimes","floor":1,"turns":1},{"damage":0,"enemies":"Jaw Worm","floor":3,"turns":1},{"damage":0,"enemies":"3 Sentries","floor":6,"turns":1},{"damage":0,"enemies":"Cultist","floor":8,"turns":4},{"damage":12,"enemies":"Gremlin Nob","floor":12,"turns":4},{"damage":17,"enemies":"3 Sentries","floor":13,"turns":10},{"damage":11,"enemies":"The Guardian","floor":16,"turns":14},{"damage":21,"enemies":"2 Thieves","floor":18,"turns":4},{"damage":7,"enemies":"Chosen","floor":20,"turns":8},{"damage":23,"enemies":"Snecko","floor":24,"turns":7},{"damage":55,"enemies":"Slavers","floor":29,"turns":7},{"damage":32,"enemies":"Centurion and Healer","floor":30,"turns":8},{"damage":28,"enemies":"Snake Plant","floor":31,"turns":5},{"damage":81,"enemies":"Automaton","floor":33,"turns":10}],"seed_played":"-2097285577250300056","potions_obtained":[{"floor":6,"key":"Fire Potion"},{"floor":12,"key":"PowerPotion"},{"floor":13,"key":"EssenceOfSteel"},{"floor":24,"key":"Swift Potion"},{"floor":29,"key":"Regen Potion"},{"floor":31,"key":"SkillPotion"}],"is_trial":false,"path_per_floor":["M","?","M","?","?","E","R","M","T","?","$","E","?","?","R","B",null,"M","?","M","?","?","R","M","R","T","R","$","E","M","M","R"],"character_chosen":"THE_SILENT","items_purchased":["Bag of Preparation","Backflip","Bandage Up","Poison Potion"],"campfire_rested":4,"item_purchase_floors":[11,11,28,28],"current_hp_per_floor":[59,41,41,41,41,41,41,41,41,41,41,29,12,12,31,20,55,34,34,29,29,29,29,24,43,43,62,62,26,37,31,50,0],"gold":75,"neow_bonus":"THREE_ENEMY_KILL","is_prod":false,"is_daily":false,"chose_seed":false,"campfire_upgraded":2,"win_rate":0,"timestamp":1539982489,"path_taken":["M","?","?","?","?","E","R","M","T","?","$","E","?","?","R","BOSS","M","?","M","?","?","R","M","R","T","R","$","E","M","M","R","BOSS"],"build_version":"2018-10-18","purchased_purges":1,"victory":false,"max_hp_per_floor":[66,66,66,66,66,66,66,66,66,66,66,66,66,66,66,66,66,66,66,66,66,66,66,66,66,66,66,66,66,66,66,66,66],"card_choices":[{"not_picked":["Dodge and Roll","Cloak And Dagger"],"picked":"Deadly Poison","floor":1},{"not_picked":["Sucker Punch","Cloak And Dagger"],"picked":"Bane","floor":3},{"not_picked":["Terror","Acrobatics"],"picked":"Blur","floor":6},{"not_picked":["Outmaneuver","Dodge and Roll"],"picked":"Dagger Spray","floor":8},{"not_picked":["Dagger Spray","Accuracy"],"picked":"Dagger Throw","floor":12},{"not_picked":["Dodge and Roll","Deflect"],"picked":"Noxious Fumes","floor":13},{"not_picked":["Venomology","Wraith Form v2"],"picked":"Malaise","floor":16},{"not_picked":["Slice+1","Finisher+1"],"picked":"Backflip+1","floor":18},{"not_picked":["Dagger Spray+1","Outmaneuver"],"picked":"Quick Slash+1","floor":20},{"not_picked":["Dagger Spray+1","Quick Slash+1"],"picked":"Acrobatics+1","floor":24},{"not_picked":["Endless Agony+1","Leg Sweep"],"picked":"Terror","floor":29},{"not_picked":["Dagger Throw+1","Caltrops"],"picked":"Catalyst","floor":30},{"not_picked":["Cloak And Dagger","Reflex"],"picked":"Bouncing Flask","floor":30},{"not_picked":["Calculated Gamble","Acrobatics+1"],"picked":"Night Terror","floor":31},{"not_picked":["Blade Dance","Slice+1","Reflex"],"picked":"SKIP","floor":31}],"player_experience":2106648,"relics_obtained":[{"floor":6,"key":"Potion Belt"},{"floor":9,"key":"Matryoshka"},{"floor":12,"key":"Juzu Bracelet"},{"floor":13,"key":"Molten Egg 2"},{"floor":26,"key":"Dodecahedron"},{"floor":26,"key":"Paper Crane"},{"floor":29,"key":"Prayer Wheel"}],"event_choices":[{"damage_healed":0,"gold_gain":0,"player_choice":"Success","damage_taken":18,"relics_obtained":["Blue Candle"],"max_hp_gain":0,"max_hp_loss":0,"event_name":"Scrap Ooze","floor":2,"gold_loss":0},{"damage_healed":0,"gold_gain":0,"player_choice":"Paid Gold","damage_taken":0,"relics_obtained":["Gremlin Horn"],"max_hp_gain":0,"max_hp_loss":0,"event_name":"WeMeetAgain","floor":4,"gold_loss":76},{"cards_removed":["Strike_G"],"damage_healed":0,"gold_gain":0,"player_choice":"Purged","damage_taken":0,"max_hp_gain":0,"max_hp_loss":0,"event_name":"Purifier","floor":5,"gold_loss":0},{"damage_healed":0,"gold_gain":150,"player_choice":"AGREE","damage_taken":0,"max_hp_gain":0,"max_hp_loss":0,"event_name":"Liars Game","floor":10,"gold_loss":0,"cards_obtained":["Doubt"]},{"damage_healed":0,"gold_gain":0,"player_choice":"Searched \u00272\u0027 times","damage_taken":0,"max_hp_gain":0,"max_hp_loss":0,"event_name":"Dead Adventurer","floor":13,"gold_loss":0},{"damage_healed":0,"gold_gain":0,"player_choice":"Trade","damage_taken":0,"relics_obtained":["GremlinMask"],"max_hp_gain":0,"max_hp_loss":0,"event_name":"FaceTrader","floor":14,"gold_loss":0},{"damage_healed":0,"gold_gain":0,"player_choice":"Opened","damage_taken":0,"relics_obtained":["Blood Vial"],"max_hp_gain":0,"max_hp_loss":0,"event_name":"The Mausoleum","floor":19,"gold_loss":0,"cards_obtained":["Writhe"]},{"damage_healed":0,"gold_gain":0,"player_choice":"Inject Mutagens","damage_taken":0,"relics_obtained":["MutagenicStrength"],"max_hp_gain":0,"max_hp_loss":0,"event_name":"Drug Dealer","floor":21,"gold_loss":0},{"damage_healed":0,"gold_gain":0,"player_choice":"Became a vampire (Vial)","damage_taken":0,"max_hp_gain":0,"max_hp_loss":0,"event_name":"Vampires","floor":22,"relics_lost":["Blood Vial"],"gold_loss":0,"cards_obtained":["Bite","Bite","Bite","Bite","Bite"]}],"is_beta":false,"boss_relics":[{"not_picked":["White Beast Statue","Philosopher\u0027s Stone"],"picked":"Ring of the Serpent"}],"items_purged_floors":[28],"is_endless":false,"potions_floor_spawned":[6,12,13,24,29,31],"killed_by":"Automaton","ascension_level":15}