{"gold_per_floor":[115,127,127,76,96,130,130,142,219,239,250,250,250,270,270,270],"floor_reached":16,"playtime":2199,"items_purged":[],"score":109,"play_id":"b8875b7f-cf4a-47d1-bcc4-d2ca2eaeee93","local_time":"20190719014035","is_ascension_mode":true,"campfire_choices":[{"data":"Rampage","floor":7,"key":"SMITH"},{"floor":15,"key":"REST"}],"neow_cost":"NONE","seed_source_timestamp":89103802077919,"circlet_count":0,"master_deck":["Strike_R","Strike_R","Strike_R","Strike_R","Strike_R","Defend_R","Defend_R","Defend_R","Defend_R","Bash","Madness","Intimidate","Corruption","Shrug It Off","Armaments","Rampage+1","Flame Barrier","Heavy Blade"],"relics":["Burning Blood","Pocketwatch","Boot","Darkstone Periapt"],"potions_floor_usage":[10,10],"damage_taken":[{"damage":12,"enemies":"2 Louse","floor":1,"turns":3},{"damage":0,"enemies":"Small Slimes","floor":2,"turns":3},{"damage":0,"enemies":"Jaw Worm","floor":5,"turns":3},{"damage":27,"enemies":"3 Sentries","floor":6,"turns":8},{"damage":5,"enemies":"Looter","floor":8,"turns":4},{"damage":24,"enemies":"Gremlin Gang","floor":10,"turns":6},{"damage":2,"enemies":"Large Slime","floor":11,"turns":6},{"damage":11,"enemies":"Lots of Slimes","floor":14,"turns":4},{"damage":72,"enemies":"The Guardian","floor":16,"turns":7}],"seed_played":"9169118364273682104","potions_obtained":[{"floor":1,"key":"EssenceOfSteel"},{"floor":8,"key":"Fruit Juice"},{"floor":11,"key":"SpeedPotion"},{"floor":14,"key":"Energy Potion"}],"is_trial":false,"path_per_floor":["M","M","?","$","M","E","R","M","T","M","M","?","?","M","R","B"],"character_chosen":"IRONCLAD","items_purchased":["Shrug It Off"],"campfire_rested":1,"item_purchase_floors":[4],"current_hp_per_floor":[74,80,73,73,79,58,58,59,59,46,50,50,50,45,70,0],"gold":270,"neow_bonus":"RANDOM_COLORLESS","is_prod":false,"is_daily":false,"chose_seed":false,"campfire_upgraded":1,"win_rate":0,"timestamp":1563518435,"path_taken":["M","M","?","$","M","E","R","M","T","M","M","?","?","?","R","BOSS"],"build_version":"2019-07-17","purchased_purges":0,"victory":false,"max_hp_per_floor":[80,80,80,80,80,80,80,80,80,85,85,85,85,85,85,85],"card_choices":[{"not_picked":["Cleave","True Grit"],"picked":"Intimidate","floor":1},{"not_picked":["Clothesline","Power Through"],"picked":"Corruption","floor":2},{"not_picked":["Headbutt","Thunderclap"],"picked":"Armaments","floor":5},{"not_picked":["Power Through","Ghostly Armor"],"picked":"Rampage","floor":6},{"not_picked":["True Grit","Perfected Strike"],"picked":"Flame Barrier","floor":8},{"not_picked":["True Grit","Evolve","Searing Blow"],"picked":"SKIP","floor":10},{"not_picked":["Feed","Ghostly Armor"],"picked":"Heavy Blade","floor":11},{"not_picked":["Pommel Strike","Perfected Strike","Anger"],"picked":"SKIP","floor":14}],"player_experience":181199,"relics_obtained":[{"floor":6,"key":"Boot"},{"floor":9,"key":"Darkstone Periapt"}],"event_choices":[{"damage_healed":0,"gold_gain":0,"player_choice":"Success","damage_taken":7,"relics_obtained":["Pocketwatch"],"max_hp_gain":0,"max_hp_loss":0,"event_name":"Scrap Ooze","floor":3,"gold_loss":0},{"damage_healed":0,"gold_gain":0,"player_choice":"Ignored","damage_taken":0,"max_hp_gain":0,"max_hp_loss":0,"event_name":"Golden Idol","floor":12,"gold_loss":0},{"damage_healed":0,"gold_gain":0,"player_choice":"Ignored","damage_taken":0,"max_hp_gain":0,"max_hp_loss":0,"event_name":"Shining Light","floor":13,"gold_loss":0}],"is_beta":false,"boss_relics":[],"items_purged_floors":[],"is_endless":false,"potions_floor_spawned":[1,8,11,14],"killed_by":"The Guardian","ascension_level":1}