{"gold_per_floor":[113,113,188,206,218,243,243,258,310,340,340,357,392,342,342,447,447,467,467,467,483,483,515,532,40,40,68,68,68,168,195,195,295,295,312,312,322,339,36,68,68,68,93,105,105,122,150,182,182,182,182,182,39,64,64],"floor_reached":55,"playtime":5151,"items_purged":["Defend_R","Shame"],"score":1052,"play_id":"a5e4c67f-a60a-4418-8638-9e9ce46b06ff","local_time":"20190706222417","is_ascension_mode":true,"campfire_choices":[{"floor":7,"key":"RECALL"},{"data":"Flex","floor":11,"key":"SMITH"},{"data":"Whirlwind","floor":15,"key":"SMITH"},{"data":"Warcry","floor":28,"key":"SMITH"},{"data":"Whirlwind","floor":32,"key":"SMITH"},{"data":"Flex","floor":41,"key":"SMITH"},{"data":"Madness","floor":45,"key":"SMITH"},{"data":"Madness","floor":49,"key":"SMITH"},{"data":"Demon Form","floor":52,"key":"SMITH"}],"neow_cost":"NONE","seed_source_timestamp":15162477744784,"circlet_count":0,"master_deck":["Strike_R","Strike_R","Strike_R","Strike_R","Strike_R+1","Defend_R","Defend_R","Bash+1","Twin Strike+1","Whirlwind+1","Second Wind","Flex+1","Pummel","Reaper","Power Through+1","Ghostly","Ghostly+1","Ghostly","Ghostly","Ghostly","Thunderclap+1","Thunderclap","Whirlwind+1","Violence+1","Warcry+1","Flex+1","Clash","Brutality","Shockwave+1","Madness+1","Madness+1","Warcry+1","Pommel Strike+1","Flex+1","Power Through+1","Flash of Steel","Warcry+1","Warcry+1","Infernal Blade+1","Demon Form+1","Clash"],"relics":["Burning Blood","Meat on the Bone","Regal Pillow","Pantograph","Black Star","MutagenicStrength","Self Forming Clay","PreservedInsect","Darkstone Periapt","Question Card","War Paint","Orichalcum","Juzu Bracelet","Kunai","StoneCalendar","Matryoshka","WingedGreaves","Pen Nib","Sozu","Vajra","Toxic Egg 2","Bottled Lightning","Bag of Marbles","Centennial Puzzle","Sundial","Boot","Prayer Wheel","Blood Vial","Lantern","Bag of Preparation","Whetstone"],"potions_floor_usage":[0,6,13,23,33,33],"damage_taken":[{"damage":6,"enemies":"2 Louse","floor":1,"turns":4},{"damage":4,"enemies":"Small Slimes","floor":4,"turns":3},{"damage":1,"enemies":"Cultist","floor":5,"turns":3},{"damage":31,"enemies":"Lagavulin","floor":6,"turns":6},{"damage":0,"enemies":"Large Slime","floor":8,"turns":4},{"damage":29,"enemies":"Gremlin Nob","floor":10,"turns":4},{"damage":1,"enemies":"2 Fungi Beasts","floor":12,"turns":2},{"damage":20,"enemies":"Lagavulin","floor":13,"turns":4},{"damage":63,"enemies":"The Guardian","floor":16,"turns":9},{"damage":34,"enemies":"Spheric Guardian","floor":18,"turns":5},{"damage":15,"enemies":"3 Byrds","floor":21,"turns":5},{"damage":6,"enemies":"Gremlin Leader","floor":23,"turns":8},{"damage":21,"enemies":"Cultist and Chosen","floor":24,"turns":10},{"damage":20,"enemies":"Slavers","floor":27,"turns":6},{"damage":22,"enemies":"Colosseum Slavers","floor":30,"turns":4},{"damage":1,"enemies":"Colosseum Nobs","floor":30,"turns":2},{"damage":5,"enemies":"Gremlin Leader","floor":31,"turns":4},{"damage":46,"enemies":"Collector","floor":33,"turns":10},{"damage":2,"enemies":"3 Darklings","floor":35,"turns":3},{"damage":2,"enemies":"3 Shapes","floor":37,"turns":3},{"damage":17,"enemies":"Spire Growth","floor":38,"turns":5},{"damage":40,"enemies":"Reptomancer","floor":40,"turns":4},{"damage":3,"enemies":"Maw","floor":44,"turns":6},{"damage":1,"enemies":"Transient","floor":46,"turns":5},{"damage":15,"enemies":"Nemesis","floor":47,"turns":3},{"damage":10,"enemies":"Giant Head","floor":48,"turns":4},{"damage":27,"enemies":"Donu and Deca","floor":50,"turns":9},{"damage":0,"enemies":"Shield and Spear","floor":54,"turns":4},{"damage":48,"enemies":"The Heart","floor":55,"turns":8}],"seed_played":"5304079579748449082","potions_obtained":[{"floor":0,"key":"SpeedPotion"},{"floor":0,"key":"Fruit Juice"},{"floor":0,"key":"BloodPotion"},{"floor":1,"key":"SteroidPotion"},{"floor":6,"key":"Swift Potion"},{"floor":18,"key":"Poison Potion"},{"floor":24,"key":"Swift Potion"},{"floor":31,"key":"Ancient Potion"}],"is_trial":false,"path_per_floor":["M","?","?","M","M","E","R","M","T","E","R","M","E","?","R","B",null,"M","?","?","M","?","E","M","$","T","E","R","?","?","E","R","B",null,"M","?","M","M","$","E","R","?","T","M","R","M","E","E","R","B",null,"R","$","E","B"],"character_chosen":"IRONCLAD","items_purchased":["Question Card","Violence","Vajra","Flex","Lantern"],"campfire_rested":0,"item_purchase_floors":[25,25,39,39,53],"current_hp_per_floor":[85,68,57,59,64,39,39,57,57,46,46,51,49,49,49,29,85,65,42,42,42,42,42,31,31,31,29,29,35,36,37,37,20,48,48,42,48,37,37,26,26,26,26,41,41,48,39,35,35,35,48,48,48,48,0],"gold":64,"neow_bonus":"THREE_SMALL_POTIONS","is_prod":false,"is_daily":false,"chose_seed":false,"campfire_upgraded":8,"win_rate":0,"timestamp":1562444657,"path_taken":["M","?","?","M","M","E","R","M","T","E","R","M","E","?","R","BOSS","M","?","?","M","?","E","?","$","T","E","R","?","?","E","R","BOSS","M","?","M","M","$","E","R","?","T","M","R","M","E","E","R","BOSS","R","$","E","BOSS"],"build_version":"2019-07-05","purchased_purges":2,"victory":false,"max_hp_per_floor":[85,85,85,85,85,85,85,85,85,85,85,85,85,85,85,85,85,85,42,42,42,42,42,42,42,42,42,42,48,48,48,48,48,48,48,48,48,48,48,48,48,48,48,48,48,48,48,48,48,48,48,48,48,48,48],"card_choices":[{"not_picked":["Entrench","Shockwave","Armaments"],"picked":"SKIP","floor":1},{"not_picked":["Metallicize","Disarm"],"picked":"Twin Strike","floor":4},{"not_picked":["Armaments","Feel No Pain","Body Slam"],"picked":"SKIP","floor":5},{"not_picked":["Pummel","Brutality"],"picked":"Whirlwind","floor":6},{"not_picked":["Twin Strike","Flame Barrier"],"picked":"Second Wind","floor":8},{"not_picked":["Cleave","Armaments"],"picked":"Flex","floor":10},{"not_picked":["Sever Soul","Burning Pact","Body Slam"],"picked":"SKIP","floor":12},{"not_picked":["Demon Form","Perfected Strike"],"picked":"Pummel","floor":13},{"not_picked":["Impervious","Berserk"],"picked":"Reaper","floor":16},{"not_picked":["Blood for Blood","Whirlwind"],"picked":"Power Through+1","floor":18},{"not_picked":["Clothesline+1","Fire Breathing"],"picked":"Thunderclap","floor":21},{"not_picked":["Reaper","Wild Strike"],"picked":"Thunderclap","floor":23},{"not_picked":["True Grit","Fire Breathing"],"picked":"Whirlwind","floor":24},{"not_picked":["Blood for Blood","Dark Embrace","Fiend Fire"],"picked":"Warcry","floor":27},{"not_picked":["Cleave","Shockwave+1","Bloodletting"],"picked":"Flex+1","floor":30},{"not_picked":["Perfected Strike","Anger+1","Armaments"],"picked":"Clash","floor":31},{"not_picked":["Bludgeon","Double Tap","Barricade"],"picked":"Brutality","floor":33},{"not_picked":["Warcry","Dual Wield+1","Feel No Pain+1"],"picked":"Shockwave+1","floor":35},{"not_picked":["Heavy Blade+1","True Grit","Sword Boomerang"],"picked":"Warcry+1","floor":37},{"not_picked":["Metallicize","Cleave","Inflame+1"],"picked":"Pommel Strike+1","floor":38},{"not_picked":["Reckless Charge","Perfected Strike","Wild Strike"],"picked":"Power Through+1","floor":40},{"not_picked":["Bandage Up+1","Purity+1","Impatience+1"],"picked":"Flash of Steel","floor":42},{"not_picked":["Heavy Blade+1","Reckless Charge","Brutality"],"picked":"Warcry+1","floor":44},{"not_picked":["Headbutt+1","True Grit+1","Entrench+1"],"picked":"Warcry+1","floor":46},{"not_picked":["Clothesline","Dropkick","Metallicize"],"picked":"Infernal Blade+1","floor":47},{"not_picked":["Whirlwind","Cleave+1","Shrug It Off+1"],"picked":"Demon Form","floor":48},{"not_picked":["Iron Wave","Headbutt","Sword Boomerang"],"picked":"Clash","floor":54}],"player_experience":54079,"relics_obtained":[{"floor":6,"key":"Meat on the Bone"},{"floor":10,"key":"Regal Pillow"},{"floor":13,"key":"Pantograph"},{"floor":23,"key":"PreservedInsect"},{"floor":23,"key":"Darkstone Periapt"},{"floor":26,"key":"War Paint"},{"floor":27,"key":"Orichalcum"},{"floor":27,"key":"Juzu Bracelet"},{"floor":30,"key":"StoneCalendar"},{"floor":30,"key":"Matryoshka"},{"floor":31,"key":"WingedGreaves"},{"floor":31,"key":"Pen Nib"},{"floor":40,"key":"Toxic Egg 2"},{"floor":40,"key":"Bottled Lightning"},{"floor":43,"key":"Bag of Marbles"},{"floor":43,"key":"Centennial Puzzle"},{"floor":47,"key":"Sundial"},{"floor":47,"key":"Boot"},{"floor":48,"key":"Prayer Wheel"},{"floor":48,"key":"Blood Vial"},{"floor":54,"key":"Bag of Preparation"},{"floor":54,"key":"Whetstone"}],"event_choices":[{"damage_healed":0,"gold_gain":0,"player_choice":"Entered Light","damage_taken":17,"max_hp_gain":0,"max_hp_loss":0,"event_name":"Shining Light","floor":2,"gold_loss":0,"cards_upgraded":["Strike_R","Bash"]},{"damage_healed":0,"gold_gain":75,"player_choice":"Gather Gold","damage_taken":11,"max_hp_gain":0,"max_hp_loss":0,"event_name":"World of Goop","floor":3,"gold_loss":0},{"cards_removed":["Defend_R"],"damage_healed":0,"gold_gain":0,"player_choice":"Card Removal","damage_taken":0,"max_hp_gain":0,"max_hp_loss":0,"event_name":"The Cleric","floor":14,"gold_loss":50},{"damage_healed":0,"gold_gain":0,"player_choice":"Became a Ghost","damage_taken":0,"max_hp_gain":0,"max_hp_loss":43,"event_name":"Ghosts","floor":19,"gold_loss":0,"cards_obtained":["Ghostly","Ghostly","Ghostly","Ghostly","Ghostly"]},{"damage_healed":0,"gold_gain":0,"player_choice":"Inject Mutagens","damage_taken":0,"relics_obtained":["MutagenicStrength"],"max_hp_gain":0,"max_hp_loss":0,"event_name":"Drug Dealer","floor":20,"gold_loss":0},{"damage_healed":0,"gold_gain":0,"player_choice":"Gave Potion","damage_taken":0,"relics_obtained":["Self Forming Clay"],"max_hp_gain":0,"max_hp_loss":0,"event_name":"WeMeetAgain","floor":22,"gold_loss":0},{"damage_healed":0,"gold_gain":0,"player_choice":"Stole Relic","damage_taken":0,"relics_obtained":["Kunai"],"max_hp_gain":0,"max_hp_loss":0,"event_name":"Addict","floor":29,"gold_loss":0,"cards_obtained":["Shame"]},{"damage_healed":0,"gold_gain":0,"player_choice":"Fight","damage_taken":0,"max_hp_gain":0,"max_hp_loss":0,"event_name":"Colosseum","floor":30,"gold_loss":0},{"damage_healed":0,"gold_gain":0,"player_choice":"Fought Nobs","damage_taken":0,"max_hp_gain":0,"max_hp_loss":0,"event_name":"Colosseum","floor":30,"gold_loss":0},{"damage_healed":0,"gold_gain":0,"player_choice":"Embrace Madness","damage_taken":6,"max_hp_gain":0,"max_hp_loss":0,"event_name":"Winding Halls","floor":36,"gold_loss":0,"cards_obtained":["Madness","Madness"]},{"damage_healed":0,"gold_gain":0,"player_choice":"Memory 1","damage_taken":0,"max_hp_gain":0,"max_hp_loss":0,"event_name":"SensoryStone","floor":42,"gold_loss":0}],"is_beta":false,"boss_relics":[{"not_picked":["Snecko Eye","Black Blood"],"picked":"Black Star"},{"not_picked":["Velvet Choker","Eternal Feather"],"picked":"Sozu"}],"items_purged_floors":[25,39],"is_endless":false,"potions_floor_spawned":[1,5,6,8,10,18,24,30,31,37,40,44,48],"killed_by":"The Heart","ascension_level":3}