{"gold_per_floor":[117,132,145,158,158,158,169,179,179,179,207,207,239,255,255,353,353,365,378,391,409,427,427,427,442,467,467,12,12,28,45,45,145,145,163,180,193,211,111,111,111,111,137,151,0,0,20,20,20,20],"floor_reached":51,"playtime":3105,"items_purged":["Strike_R","Strike_R"],"score":692,"play_id":"6ed7bff8-f1d8-44a2-9590-c54c3f774871","local_time":"20190715170832","is_ascension_mode":false,"campfire_choices":[{"data":"Rampage","floor":6,"key":"SMITH"},{"data":"Bash","floor":10,"key":"SMITH"},{"data":"Dual Wield","floor":12,"key":"SMITH"},{"data":"Clothesline","floor":15,"key":"SMITH"},{"data":"Feed","floor":23,"key":"SMITH"},{"data":"Flame Barrier","floor":29,"key":"SMITH"},{"data":"Ghostly Armor","floor":32,"key":"SMITH"},{"data":"Offering","floor":40,"key":"SMITH"},{"data":"Defend_R","floor":42,"key":"SMITH"},{"data":"Shrug It Off","floor":46,"key":"SMITH"},{"data":"Juggernaut","floor":49,"key":"SMITH"}],"neow_cost":"NONE","seed_source_timestamp":403319715819666,"circlet_count":0,"master_deck":["Strike_R","Defend_R+1","Defend_R","Defend_R","Defend_R","Bash+1","Rampage+1","Ghostly Armor+1","Battle Trance+1","Dual Wield+1","Flame Barrier+1","Clothesline+1","Flame Barrier+1","Feed+1","Shrug It Off+1","Shockwave+1","Flex+1","Seeing Red","Headbutt","Offering+1","Ghostly Armor+1","Shrug It Off+1","Juggernaut+1"],"relics":["Burning Blood","Anchor","Centennial Puzzle","Blue Candle","Mercury Hourglass","Sozu","Oddly Smooth Stone","War Paint","Bag of Preparation","Runic Cube","Bronze Scales","Red Mask"],"potions_floor_usage":[11,13,19,33],"damage_taken":[{"damage":6,"enemies":"Cultist","floor":1,"turns":3},{"damage":7,"enemies":"2 Louse","floor":2,"turns":3},{"damage":0,"enemies":"Jaw Worm","floor":3,"turns":4},{"damage":8,"enemies":"Lots of Slimes","floor":4,"turns":6},{"damage":4,"enemies":"3 Louse","floor":7,"turns":4},{"damage":0,"enemies":"Red Slaver","floor":8,"turns":5},{"damage":20,"enemies":"Gremlin Nob","floor":11,"turns":4},{"damage":21,"enemies":"Lagavulin","floor":13,"turns":7},{"damage":0,"enemies":"Blue Slaver","floor":14,"turns":4},{"damage":14,"enemies":"The Guardian","floor":16,"turns":14},{"damage":4,"enemies":"Shell Parasite","floor":18,"turns":9},{"damage":14,"enemies":"Spheric Guardian","floor":19,"turns":6},{"damage":7,"enemies":"3 Cultists","floor":20,"turns":5},{"damage":7,"enemies":"Snake Plant","floor":21,"turns":4},{"damage":6,"enemies":"Cultist and Chosen","floor":22,"turns":8},{"damage":6,"enemies":"Snecko","floor":25,"turns":5},{"damage":0,"enemies":"Shelled Parasite and Fungi","floor":30,"turns":5},{"damage":0,"enemies":"Chosen and Byrds","floor":31,"turns":5},{"damage":18,"enemies":"Champ","floor":33,"turns":9},{"damage":0,"enemies":"3 Shapes","floor":35,"turns":4},{"damage":7,"enemies":"3 Darklings","floor":36,"turns":8},{"damage":7,"enemies":"Maw","floor":37,"turns":8},{"damage":10,"enemies":"Jaw Worm Horde","floor":38,"turns":6},{"damage":14,"enemies":"Spire Growth","floor":44,"turns":6},{"damage":9,"enemies":"Transient","floor":47,"turns":5},{"damage":72,"enemies":"Awakened One","floor":50,"turns":17}],"seed_played":"-3282893628841766621","potions_obtained":[{"floor":3,"key":"Weak Potion"},{"floor":7,"key":"Weak Potion"},{"floor":8,"key":"Dexterity Potion"},{"floor":16,"key":"Block Potion"}],"is_trial":false,"path_per_floor":["M","M","M","M","T","R","M","M","T","R","E","R","E","M","R","B",null,"M","M","M","M","M","R","?","M","T","?","$","R","M","M","R","B",null,"M","M","M","M","$","R","?","R","T","M","?","R","M","?","R","B",null],"character_chosen":"IRONCLAD","items_purchased":["War Paint","Bag of Preparation","Seeing Red"],"campfire_rested":0,"item_purchase_floors":[28,28,28],"current_hp_per_floor":[80,79,80,78,78,78,80,80,80,80,66,66,51,57,57,49,80,83,75,80,79,82,82,82,86,86,86,86,86,96,104,104,92,104,108,107,110,118,118,118,118,118,118,110,110,110,107,107,107,45],"gold":20,"neow_bonus":"REMOVE_CARD","is_prod":false,"is_daily":false,"chose_seed":false,"campfire_upgraded":11,"win_rate":0,"timestamp":1563224912,"path_taken":["M","M","?","M","?","R","?","M","T","R","E","R","E","M","R","BOSS","M","M","M","M","M","R","?","?","T","?","$","R","?","M","R","BOSS","M","M","M","M","$","R","?","R","T","?","?","R","M","?","R","BOSS"],"build_version":"2019-07-05","purchased_purges":2,"victory":true,"max_hp_per_floor":[80,80,80,80,80,80,80,80,80,80,80,80,80,80,80,80,80,83,83,89,89,92,92,92,96,96,96,96,96,100,104,104,104,104,108,108,112,124,124,124,124,124,124,124,124,124,124,118,118,122],"card_choices":[{"not_picked":["Sword Boomerang","Rage"],"picked":"Rampage","floor":1},{"not_picked":["Thunderclap","Sever Soul"],"picked":"Ghostly Armor","floor":2},{"not_picked":["Bloodletting","Iron Wave"],"picked":"Battle Trance","floor":3},{"not_picked":["Havoc","Blood for Blood"],"picked":"Dual Wield","floor":4},{"not_picked":["Combust","Body Slam"],"picked":"Flame Barrier","floor":7},{"not_picked":["Sword Boomerang","Rampage"],"picked":"Clothesline","floor":8},{"not_picked":["Anger","Pommel Strike"],"picked":"Flame Barrier","floor":11},{"not_picked":["Perfected Strike","Rage","Wild Strike"],"picked":"SKIP","floor":13},{"not_picked":["Rage","Infernal Blade","Metallicize"],"picked":"SKIP","floor":14},{"not_picked":["Immolate","Fiend Fire"],"picked":"Feed","floor":16},{"not_picked":["Evolve","Dual Wield","Corruption"],"picked":"SKIP","floor":18},{"not_picked":["Bloodletting","Havoc"],"picked":"Shrug It Off","floor":19},{"not_picked":["Dual Wield","Iron Wave"],"picked":"Shockwave+1","floor":20},{"not_picked":["Anger+1","Reckless Charge+1","Sentinel+1"],"picked":"SKIP","floor":21},{"not_picked":["Armaments","Headbutt","Havoc+1"],"picked":"SKIP","floor":22},{"not_picked":["Twin Strike","Clash"],"picked":"Flex+1","floor":25},{"not_picked":["Feel No Pain","Anger+1","Carnage"],"picked":"SKIP","floor":30},{"not_picked":["Ghostly Armor","Sentinel"],"picked":"Headbutt","floor":31},{"not_picked":["Demon Form","Dark Embrace"],"picked":"Offering","floor":33},{"not_picked":["Reckless Charge","Searing Blow","Flex+1"],"picked":"SKIP","floor":35},{"not_picked":["Flex","Sword Boomerang"],"picked":"Ghostly Armor+1","floor":36},{"not_picked":["Shockwave","Headbutt","Iron Wave"],"picked":"SKIP","floor":37},{"not_picked":["Dropkick","Headbutt","Thunderclap"],"picked":"SKIP","floor":38},{"not_picked":["Pommel Strike","Flex"],"picked":"Shrug It Off","floor":44},{"not_picked":["Twin Strike+1","Flex"],"picked":"Juggernaut","floor":47}],"player_experience":3969025,"relics_obtained":[{"floor":5,"key":"Anchor"},{"floor":9,"key":"Centennial Puzzle"},{"floor":11,"key":"Blue Candle"},{"floor":13,"key":"Mercury Hourglass"},{"floor":26,"key":"Oddly Smooth Stone"},{"floor":43,"key":"Bronze Scales"}],"event_choices":[{"cards_removed":["Strike_R"],"damage_healed":0,"gold_gain":0,"player_choice":"Purged","damage_taken":0,"max_hp_gain":0,"max_hp_loss":0,"event_name":"Purifier","floor":24,"gold_loss":0},{"damage_healed":0,"gold_gain":0,"player_choice":"Upgraded","damage_taken":0,"max_hp_gain":0,"max_hp_loss":0,"event_name":"Upgrade Shrine","floor":27,"gold_loss":0,"cards_upgraded":["Battle Trance"]},{"damage_healed":0,"gold_gain":0,"player_choice":"Bought 0 Potions","damage_taken":0,"max_hp_gain":0,"max_hp_loss":0,"event_name":"The Woman in Blue","floor":41,"gold_loss":0},{"damage_healed":0,"gold_gain":0,"player_choice":"Paid","damage_taken":0,"relics_obtained":["Red Mask"],"max_hp_gain":0,"max_hp_loss":0,"event_name":"Tomb of Lord Red Mask","floor":45,"gold_loss":151},{"damage_healed":0,"gold_gain":0,"player_choice":"Max HP","damage_taken":0,"max_hp_gain":0,"max_hp_loss":6,"event_name":"Winding Halls","floor":48,"gold_loss":0}],"is_beta":false,"boss_relics":[{"not_picked":["Cursed Key","Empty Cage"],"picked":"Sozu"},{"not_picked":["Velvet Choker","Fusion Hammer"],"picked":"Runic Cube"}],"items_purged_floors":[28,39],"is_endless":false,"potions_floor_spawned":[3,7,8,16,19,20,21,22,30,31,35,37,47],"ascension_level":0}