{"gold_per_floor":[118,136,136,136,136,136,177,177,200,4,4,4],"floor_reached":12,"playtime":196,"items_purged":[],"score":198,"play_id":"adbe8579-7bd4-4059-89a2-44ee85c0d76e","local_time":"20190508230638","is_ascension_mode":true,"campfire_choices":[{"data":"Hyperbeam","floor":6,"key":"SMITH"},{"data":"Genetic Algorithm","floor":8,"key":"SMITH"},{"data":"Zap","floor":11,"key":"SMITH"}],"neow_cost":"NONE","seed_source_timestamp":2519843626867905,"circlet_count":0,"master_deck":["AscendersBane","Strike_B","Strike_B","Strike_B","Defend_B+1","Defend_B","Defend_B+1","Defend_B","Zap+1","Dualcast+1","Beam Cell","Hello World+1","Hyperbeam+1","Genetic Algorithm+1","Echo Form","Turbo"],"relics":["Cracked Core","NeowsBlessing","Golden Idol","Nunchaku","War Paint"],"potions_floor_usage":[],"damage_taken":[{"damage":0,"enemies":"Cultist","floor":1,"turns":1},{"damage":0,"enemies":"Small Slimes","floor":2,"turns":1},{"damage":0,"enemies":"3 Sentries","floor":7,"turns":1},{"damage":73,"enemies":"Gremlin Nob","floor":12,"turns":4}],"seed_played":"-3662552492564856543","potions_obtained":[{"floor":2,"key":"FearPotion"}],"is_trial":false,"path_per_floor":["M","M","?","?","?","R","E","R","T","$","R","E"],"character_chosen":"DEFECT","items_purchased":["Echo Form","Turbo"],"campfire_rested":0,"item_purchase_floors":[10,10],"current_hp_per_floor":[64,64,64,64,45,45,45,45,45,45,45,0],"gold":4,"neow_bonus":"THREE_ENEMY_KILL","is_prod":false,"is_daily":false,"chose_seed":false,"campfire_upgraded":3,"win_rate":0,"timestamp":1557371198,"path_taken":["M","?","?","?","?","R","E","R","T","$","R","E"],"build_version":"2019-01-23","purchased_purges":0,"victory":false,"max_hp_per_floor":[71,71,71,64,64,64,64,64,64,64,64,64],"card_choices":[{"not_picked":["Stack","Storm"],"picked":"Beam Cell","floor":1},{"not_picked":["Gash","Conserve Battery"],"picked":"Hello World","floor":2},{"not_picked":["Gash","Rip and Tear"],"picked":"Genetic Algorithm","floor":7}],"player_experience":3634410,"relics_obtained":[{"floor":7,"key":"Nunchaku"},{"floor":9,"key":"War Paint"}],"event_choices":[{"damage_healed":0,"gold_gain":0,"cards_transformed":["Strike_B"],"player_choice":"Change","damage_taken":0,"max_hp_gain":0,"max_hp_loss":0,"event_name":"Living Wall","floor":3,"gold_loss":0,"cards_obtained":["Hyperbeam"]},{"damage_healed":0,"gold_gain":0,"player_choice":"Lose Max HP","damage_taken":0,"relics_obtained":["Golden Idol"],"max_hp_gain":0,"max_hp_loss":7,"event_name":"Golden Idol","floor":4,"gold_loss":0},{"damage_healed":0,"gold_gain":0,"player_choice":"Entered Light","damage_taken":19,"max_hp_gain":0,"max_hp_loss":0,"event_name":"Shining Light","floor":5,"gold_loss":0,"cards_upgraded":["Hello World","Defend_B"]}],"is_beta":false,"boss_relics":[],"items_purged_floors":[],"is_endless":false,"potions_floor_spawned":[2],"killed_by":"Gremlin Nob","ascension_level":20}