{"path_per_floor":["M","M","M","M","M","$","E","M","T","E","?","?","R","?","R","B",null,"M","?","M","M","M","R","E","?","T","M","E","R","M","M","R","B",null,"M","?","$","M","$","M","E","R","T","?","R","E","M","M","R"],"character_chosen":"DEFECT","items_purchased":["Capacitor","Singing Bowl","Medical Kit","Question Card","Regen Potion","PowerPotion","Deep Breath","Self Repair"],"gold_per_floor":[114,129,144,159,174,136,166,181,206,236,486,486,486,454,454,554,554,569,569,584,599,614,614,644,644,669,684,714,714,729,744,744,844,844,859,888,61,76,6,21,51,51,51,51,51,81,96,111,111,111],"floor_reached":50,"campfire_rested":5,"playtime":7149,"item_purchase_floors":[6,37,37,37,37,37,37,39],"current_hp_per_floor":[66,66,66,53,53,53,31,31,31,19,19,19,45,45,45,50,89,89,89,82,88,76,76,71,71,71,60,29,55,61,70,89,46,89,88,43,43,52,52,63,49,76,76,76,91,93,76,87,87,0],"items_purged":[],"gold":111,"score":806,"play_id":"4161ba97-7367-4ff8-8d6e-63bc9c13a617","local_time":"20180603235240","daily_mods":["Insanity","Time Dilation","Lethality"],"is_prod":false,"is_daily":true,"chose_seed":false,"is_ascension_mode":false,"campfire_upgraded":3,"win_rate":0.0,"timestamp":1528084360,"campfire_choices":[{"floor":13,"key":"REST"},{"data":"Creative AI","floor":15,"key":"SMITH"},{"data":"Machine Learning","floor":23,"key":"SMITH"},{"floor":29,"key":"REST"},{"floor":32,"key":"REST"},{"floor":42,"key":"REST"},{"floor":45,"key":"REST"},{"data":"Double Energy","floor":49,"key":"SMITH"}],"path_taken":["M","M","M","M","M","$","E","M","T","E","?","?","R","?","R","BOSS","M","?","M","M","M","R","E","?","T","?","E","R","M","M","R","BOSS","M","?","$","M","?","M","E","R","T","?","R","E","?","M","R","BOSS"],"build_version":"2018-05-31","seed_source_timestamp":0,"purchased_purges":0,"victory":false,"master_deck":["Electrodynamics+1","Storm","Beam Cell","Reprogram","Glacier","Steam Power","Creative AI+1","BootSequence","Buffer","Redo","Sweeping Beam","White Noise","Redo","Core Surge","Buffer","Lockon","Aggregate","Hyperbeam","Blizzard","Echo Form","Ball Lightning","Go for the Eyes","Machine Learning+1","Hello World","Coolheaded","Reboot","Undo","Double Energy+1","Capacitor","Aggregate","Turbo","Steam Power","Tempest","Conserve Battery","Conserve Battery","Seek","Capacitor","Electrodynamics","Creative AI","Rebound","Fission","Defragment+1","BootSequence","Echo Form","Biased Cognition","Gash","Steam Power","Loop","Rip and Tear","Turbo","Auto Shields","Stack","Capacitor","Capacitor","Self Repair","Reboot","Leap","Turbo","Steam Power","Reinforced Body","Pain","Turbo","Conserve Battery+1","Chill+1","Go for the Eyes+1","Machine Learning","Turbo+1","Defragment","Deep Breath","Static Discharge+1","Self Repair","Beam Cell+1","Parasite","Mind Blast","Aggregate+1","Hologram+1"],"max_hp_per_floor":[75,75,75,75,75,75,75,75,75,89,89,89,89,89,89,89,89,89,89,89,89,89,89,89,89,89,89,89,89,89,89,89,89,89,89,89,89,89,89,91,91,91,91,91,91,93,93,93,93,93],"relics":["Cracked Core","Toolbox","Blood Vial","Mango","Cursed Key","Dodecahedron","DataDisk","Philosopher\u0027s Stone","Turnip","Singing Bowl","Medical Kit","Question Card","Smiling Mask","Art of War","Blue Candle"],"card_choices":[{"not_picked":["Redo","BootSequence","Turbo"],"picked":"SKIP","floor":1},{"not_picked":["Go for the Eyes","Streamline","Ball Lightning"],"picked":"SKIP","floor":2},{"not_picked":["Sweeping Beam","Undo"],"picked":"Auto Shields","floor":3},{"not_picked":["Redo","Conserve Battery"],"picked":"Stack","floor":4},{"not_picked":["Barrage","BootSequence","Echo Form"],"picked":"SKIP","floor":5},{"not_picked":["Core Surge","Tempest","Gash"],"picked":"SKIP","floor":7},{"not_picked":["Undo","Auto Shields"],"picked":"Capacitor","floor":8},{"not_picked":["Gash","Stack"],"picked":"Self Repair","floor":10},{"not_picked":["Buffer","Creative AI"],"picked":"Reboot","floor":16},{"not_picked":["Steam","Redo"],"picked":"Leap","floor":18},{"not_picked":["Beam Cell","Steam"],"picked":"Turbo","floor":20},{"not_picked":["Conserve Battery","Gash","Rip and Tear"],"picked":"SKIP","floor":21},{"not_picked":["Rebound","Melter"],"picked":"Steam Power","floor":22},{"not_picked":["Barrage+1","Compile Driver"],"picked":"Reinforced Body","floor":24},{"not_picked":["Storm","Hyperbeam"],"picked":"Turbo","floor":27},{"not_picked":["Multi-Cast","FTL"],"picked":"Conserve Battery+1","floor":28},{"not_picked":["Skim","Tempest+1"],"picked":"Chill+1","floor":30},{"not_picked":["Gash","Hologram"],"picked":"Go for the Eyes+1","floor":31},{"not_picked":["Electrodynamics","Thunder Strike"],"picked":"Machine Learning","floor":33},{"not_picked":["Recycle+1","Conserve Battery"],"picked":"Turbo+1","floor":35},{"not_picked":["Compile Driver","Gash+1"],"picked":"Defragment","floor":36},{"not_picked":["Redo","Undo","Leap"],"picked":"Static Discharge+1","floor":38},{"not_picked":["Gash+1","Streamline+1","BootSequence","Rebound+1"],"picked":"Singing Bowl","floor":40},{"not_picked":["Conserve Battery+1","Redo","Coolheaded"],"picked":"Beam Cell+1","floor":41},{"not_picked":["Transmutation","Good Instincts","Panacea"],"picked":"Mind Blast","floor":44},{"not_picked":["Capacitor","Skim","Blizzard+1","Coolheaded+1"],"picked":"Singing Bowl","floor":46},{"not_picked":["Compile Driver+1","Steam","Redo+1"],"picked":"Aggregate+1","floor":47},{"not_picked":["Barrage+1","Stack+1","Reboot"],"picked":"Hologram+1","floor":48}],"player_experience":1298215,"potions_floor_usage":[8,10,10,28,28,28,31,33,36,38,38,38,41,47,50],"damage_taken":[{"damage":9,"enemies":"Small Slimes","floor":1,"turns":3},{"damage":0,"enemies":"Cultist","floor":2,"turns":2},{"damage":0,"enemies":"2 Louse","floor":3,"turns":2},{"damage":13,"enemies":"Looter","floor":4,"turns":3},{"damage":0,"enemies":"Blue Slaver","floor":5,"turns":2},{"damage":22,"enemies":"3 Sentries","floor":7,"turns":3},{"damage":0,"enemies":"Large Slime","floor":8,"turns":3},{"damage":28,"enemies":"Lagavulin","floor":10,"turns":5},{"damage":4,"enemies":"Slime Boss","floor":16,"turns":7},{"damage":0,"enemies":"Spheric Guardian","floor":18,"turns":3},{"damage":7,"enemies":"Shell Parasite","floor":20,"turns":4},{"damage":3,"enemies":"Cultist and Chosen","floor":21,"turns":6},{"damage":13,"enemies":"Centurion and Healer","floor":22,"turns":4},{"damage":7,"enemies":"Gremlin Leader","floor":24,"turns":4},{"damage":13,"enemies":"Sentry and Sphere","floor":27,"turns":4},{"damage":33,"enemies":"Slavers","floor":28,"turns":4},{"damage":3,"enemies":"Snecko","floor":30,"turns":5},{"damage":0,"enemies":"Snake Plant","floor":31,"turns":4},{"damage":43,"enemies":"Collector","floor":33,"turns":7},{"damage":1,"enemies":"3 Shapes","floor":35,"turns":3},{"damage":46,"enemies":"Mysterious Sphere","floor":36,"turns":4},{"damage":14,"enemies":"3 Darklings","floor":38,"turns":5},{"damage":0,"enemies":"4 Shapes","floor":40,"turns":4},{"damage":16,"enemies":"2 Orb Walkers","floor":41,"turns":4},{"damage":9,"enemies":"Giant Head","floor":46,"turns":7},{"damage":17,"enemies":"Sphere and 2 Shapes","floor":47,"turns":5},{"damage":5,"enemies":"Maw","floor":48,"turns":3},{"damage":98,"enemies":"Awakened One","floor":50,"turns":4}],"relics_obtained":[{"floor":7,"key":"Toolbox"},{"floor":9,"key":"Blood Vial"},{"floor":10,"key":"Mango"},{"floor":24,"key":"Dodecahedron"},{"floor":26,"key":"DataDisk"},{"floor":36,"key":"Turnip"},{"floor":41,"key":"Smiling Mask"},{"floor":43,"key":"Art of War"},{"floor":46,"key":"Blue Candle"}],"event_choices":[{"event_name":"Golden Shrine","player_choice":"Desecrate","floor":11,"damage_taken":0},{"event_name":"Living Wall","player_choice":"Grow","floor":12,"damage_taken":0},{"event_name":"World of Goop","player_choice":"Left","floor":14,"damage_taken":0},{"event_name":"Upgrade Shrine","player_choice":"Upgraded","floor":19,"damage_taken":0},{"event_name":"Fountain of Cleansing","player_choice":"Removed Curse","floor":25,"damage_taken":0},{"event_name":"Mysterious Sphere","player_choice":"Fight","floor":36,"damage_taken":0},{"event_name":"SensoryStone","player_choice":"Memory 1","floor":44,"damage_taken":0}],"boss_relics":[{"not_picked":["Sozu","Pandora\u0027s Box"],"picked":"Cursed Key"},{"not_picked":["Runic Dome","Black Star"],"picked":"Philosopher\u0027s Stone"}],"items_purged_floors":[],"potions_floor_spawned":[2,3,7,8,20,24,27,28,31,33,35,40,46,48],"seed_played":"-8821381142935448114","killed_by":"Awakened One","ascension_level":0,"potions_obtained":[{"floor":2,"key":"SpeedPotion"},{"floor":3,"key":"Energy Potion"},{"floor":7,"key":"AttackPotion"},{"floor":8,"key":"Swift Potion"},{"floor":20,"key":"Block Potion"},{"floor":24,"key":"SpeedPotion"},{"floor":27,"key":"Block Potion"},{"floor":28,"key":"Weak Potion"},{"floor":31,"key":"LiquidBronze"},{"floor":33,"key":"LiquidBronze"},{"floor":35,"key":"GamblersBrew"},{"floor":40,"key":"Explosive Potion"},{"floor":46,"key":"SkillPotion"},{"floor":48,"key":"Weak Potion"}],"is_trial":false}