{"gold_per_floor":[109,109,123,198,198,198,216,227,281,53,86,96,96,110,110,181,181,191,191,204,219,219,219,232,232,232,245,245,279,299,14,14,93,93,111,131,431,69,82,82],"floor_reached":40,"playtime":3382,"items_purged":[],"score":759,"play_id":"176f9f14-1b66-4a1b-b482-75c7812c874d","local_time":"20190510035410","is_ascension_mode":true,"campfire_choices":[{"data":"Neutralize","floor":6,"key":"SMITH"},{"data":"Malaise","floor":13,"key":"SMITH"},{"data":"Prepared","floor":15,"key":"SMITH"},{"data":"Calculated Gamble","floor":23,"key":"SMITH"},{"data":"Sucker Punch","floor":25,"key":"SMITH"},{"data":"Dagger Spray","floor":28,"key":"SMITH"},{"data":"Noxious Fumes","floor":32,"key":"SMITH"}],"neow_cost":"NONE","seed_source_timestamp":0,"circlet_count":0,"master_deck":["AscendersBane","Defend_G+1","Defend_G+1","Defend_G+1","Defend_G+1","Defend_G+1","Strike_G+1","Strike_G+1","Strike_G+1","Strike_G+1","Survivor","Neutralize+1","Die Die Die","Calculated Gamble+1","Dagger Spray+1","Malaise+1","Underhanded Strike","PiercingWail","Prepared+1","Acrobatics","After Image+1","Sucker Punch+1","PiercingWail","Acrobatics+1","Noxious Fumes+1","Tools of the Trade","Blade Dance","Well Laid Plans","Blur","Backflip"],"special_seed":0,"relics":["Ring of the Serpent","Centennial Puzzle","Lee\u0027s Waffle","Bag of Preparation","Busted Crown","Ornamental Fan","Sundial","Membership Card","PrismaticShard","Unceasing Top"],"potions_floor_usage":[11,14,16,21,29,29,33,40],"damage_taken":[{"damage":4.0,"enemies":"Jaw Worm","floor":1.0,"turns":6.0},{"damage":0.0,"enemies":"Cultist","floor":3.0,"turns":4.0},{"damage":0,"enemies":"Small Slimes","floor":7,"turns":2},{"damage":18,"enemies":"Exordium Wildlife","floor":8,"turns":3},{"damage":22,"enemies":"3 Sentries","floor":11,"turns":7},{"damage":1,"enemies":"2 Fungi Beasts","floor":12,"turns":2},{"damage":10,"enemies":"Large Slime","floor":14,"turns":8},{"damage":20,"enemies":"Hexaghost","floor":16,"turns":17},{"damage":0,"enemies":"3 Byrds","floor":18,"turns":6},{"damage":2,"enemies":"2 Thieves","floor":20,"turns":3},{"damage":3,"enemies":"Snake Plant","floor":21,"turns":7},{"damage":9,"enemies":"Centurion and Healer","floor":24,"turns":10},{"damage":5,"enemies":"Sentry and Sphere","floor":27,"turns":5},{"damage":20,"enemies":"Gremlin Leader","floor":29,"turns":11},{"damage":0,"enemies":"Snake Plant","floor":30,"turns":7},{"damage":24,"enemies":"Automaton","floor":33,"turns":11},{"damage":0,"enemies":"Orb Walker","floor":35,"turns":4},{"damage":6,"enemies":"3 Shapes","floor":36,"turns":4},{"damage":5,"enemies":"Sphere and 2 Shapes","floor":39,"turns":6},{"damage":71,"enemies":"Giant Head","floor":40,"turns":11}],"seed_played":"6161855176452945531","potions_obtained":[{"floor":1.0,"key":"SpeedPotion"},{"floor":8,"key":"SmokeBomb"},{"floor":12,"key":"SkillPotion"},{"floor":14,"key":"LiquidBronze"},{"floor":20,"key":"Regen Potion"},{"floor":21,"key":"Regen Potion"},{"floor":27,"key":"GhostInAJar"},{"floor":29,"key":"SpeedPotion"},{"floor":35,"key":"Dexterity Potion"}],"is_trial":false,"path_per_floor":["M","?","M","?","?","R","M","M","T","$","E","M","R","M","R","B",null,"M","?","M","M","?","R","M","R","T","M","R","E","M","$","R","B",null,"M","M","?","$","M","E"],"character_chosen":"THE_SILENT","items_purchased":["Lee\u0027s Waffle","Membership Card","Noxious Fumes","PowerPotion","Well Laid Plans","Blur","PrismaticShard","Unceasing Top"],"campfire_rested":0,"item_purchase_floors":[10,31,31,31,38,38,38,38],"current_hp_per_floor":[55,55,55,44,44,44,44,26,26,73,51,50,50,40,40,20,60,60,60,58,67,67,67,58,58,58,53,53,48,48,48,48,24,61,61,55,55,55,50,0],"gold":82,"neow_bonus":"ONE_RANDOM_RARE_CARD","is_prod":false,"is_daily":false,"chose_seed":false,"campfire_upgraded":7,"win_rate":0,"timestamp":1557482050,"path_taken":["M","?","?","?","?","R","M","M","T","?","E","M","R","?","R","BOSS","M","?","M","M","?","R","M","R","T","M","R","E","M","$","R","BOSS","M","?","?","$","M","E"],"build_version":"2019-05-07","purchased_purges":0,"victory":false,"max_hp_per_floor":[66,66,66,66,66,66,66,66,66,73,73,73,73,73,73,73,73,73,73,73,73,73,73,73,73,73,73,73,73,73,73,73,73,73,73,73,73,73,73,73],"card_choices":[{"not_picked":["Prepared","Dagger Throw"],"picked":"Calculated Gamble","floor":1.0},{"not_picked":["Blade Dance","Dagger Throw"],"picked":"Dagger Spray","floor":3.0},{"not_picked":["Cloak And Dagger","Underhanded Strike"],"picked":"Malaise","floor":7},{"not_picked":["Slice","Sucker Punch"],"picked":"Underhanded Strike","floor":8},{"not_picked":["Dagger Spray","Poisoned Stab"],"picked":"PiercingWail","floor":11},{"not_picked":["Deadly Poison","Escape Plan"],"picked":"Prepared","floor":12},{"not_picked":["Wraith Form v2","Skewer"],"picked":"Acrobatics","floor":14},{"not_picked":["Night Terror","Glass Knife"],"picked":"After Image","floor":16},{"not_picked":[],"picked":"Sucker Punch","floor":18},{"not_picked":[],"picked":"PiercingWail","floor":20},{"not_picked":[],"picked":"Acrobatics+1","floor":21},{"not_picked":["Skewer"],"picked":"SKIP","floor":24},{"not_picked":["Outmaneuver"],"picked":"SKIP","floor":27},{"not_picked":["Setup"],"picked":"SKIP","floor":29},{"not_picked":["Bane+1"],"picked":"SKIP","floor":30},{"not_picked":[],"picked":"Tools of the Trade","floor":33},{"not_picked":[],"picked":"Blade Dance","floor":35},{"not_picked":["Bane"],"picked":"SKIP","floor":36},{"not_picked":[],"picked":"Backflip","floor":39}],"player_experience":985172,"relics_obtained":[{"floor":9,"key":"Centennial Puzzle"},{"floor":11,"key":"Bag of Preparation"},{"floor":26,"key":"Ornamental Fan"},{"floor":29,"key":"Sundial"}],"event_choices":[{"cards_removed":["Strike_G"],"damage_healed":0.0,"max_hp_gain":0.0,"max_hp_loss":0.0,"gold_gain":0.0,"event_name":"Purifier","player_choice":"Purged","floor":2.0,"gold_loss":0.0,"damage_taken":0.0},{"damage_healed":0.0,"max_hp_gain":0.0,"max_hp_loss":0.0,"gold_gain":75.0,"event_name":"World of Goop","player_choice":"Gather Gold","floor":4.0,"gold_loss":0.0,"damage_taken":11.0},{"damage_healed":0,"gold_gain":0,"player_choice":"Ignored","damage_taken":0,"max_hp_gain":0,"max_hp_loss":0,"event_name":"Shining Light","floor":5,"gold_loss":0},{"damage_healed":0,"gold_gain":0,"player_choice":"Simplicity","damage_taken":0,"max_hp_gain":0,"max_hp_loss":0,"event_name":"Back to Basics","floor":19,"gold_loss":0,"cards_upgraded":["Defend_G","Defend_G","Defend_G","Defend_G","Defend_G","Strike_G","Strike_G","Strike_G","Strike_G"]},{"damage_healed":0,"gold_gain":0,"player_choice":"Upgraded","damage_taken":0,"max_hp_gain":0,"max_hp_loss":0,"event_name":"Upgrade Shrine","floor":22,"gold_loss":0,"cards_upgraded":["After Image"]},{"damage_healed":0,"gold_gain":300,"player_choice":"Gold","damage_taken":0,"max_hp_gain":0,"max_hp_loss":0,"event_name":"Wheel of Change","floor":37,"gold_loss":0}],"is_beta":true,"boss_relics":[{"not_picked":["Lizard Tail","Ectoplasm"],"picked":"Busted Crown"},{"not_picked":["Snecko Eye","Sozu"],"picked":"Ring of the Serpent"}],"items_purged_floors":[],"is_endless":false,"potions_floor_spawned":[1,8,12,14,20,21,27,29,35],"killed_by":"Giant Head","ascension_level":17}