{"gold_per_floor":[113,38,51,51,51,51,67,86,86,109,121,133,145,171,183,269,281,252,10,10,0,0,0,26,42,42,42],"floor_reached":27,"playtime":1567,"items_purged":[],"score":456,"play_id":"2bba4af7-88c3-4b6c-a603-58e148a5d809","local_time":"20181114012243","is_ascension_mode":true,"campfire_choices":[{"floor":6,"key":"REST"},{"data":"Flying Knee","floor":11,"key":"SMITH"},{"data":"Footwork","floor":15,"key":"SMITH"},{"floor":23,"key":"REST"}],"neow_cost":"CURSE","seed_source_timestamp":9710864560977,"circlet_count":0,"master_deck":["AscendersBane","Defend_G","Defend_G","Defend_G","Defend_G","Defend_G","Strike_G","Strike_G","Strike_G","Strike_G","Strike_G+1","Survivor+1","Neutralize","Regret","Flying Knee+1","Prepared","Quick Slash","Predator","Well Laid Plans","Footwork+1","Unload","PiercingWail","Corpse Explosion","Dagger Spray","Noxious Fumes","Poisoned Stab","Catalyst"],"relics":["Ring of the Snake","Mango","Ornamental Fan","MawBank","Fusion Hammer","Snake Skull","Pear","Darkstone Periapt"],"potions_floor_usage":[14,16,27,27],"damage_taken":[{"damage":0,"enemies":"2 Louse","floor":1,"turns":4},{"damage":4,"enemies":"Cultist","floor":3,"turns":4},{"damage":4,"enemies":"Jaw Worm","floor":7,"turns":6},{"damage":1,"enemies":"Looter","floor":8,"turns":4},{"damage":7,"enemies":"2 Fungi Beasts","floor":10,"turns":5},{"damage":5,"enemies":"Gremlin Gang","floor":14,"turns":4},{"damage":56,"enemies":"Slime Boss","floor":16,"turns":13},{"damage":28,"enemies":"2 Thieves","floor":18,"turns":5},{"damage":32,"enemies":"Gremlin Leader","floor":24,"turns":8},{"damage":22,"enemies":"Chosen","floor":25,"turns":4},{"damage":19,"enemies":"Shelled Parasite and Fungi","floor":27,"turns":3}],"seed_played":"-5094760781612813722","potions_obtained":[{"floor":3,"key":"Explosive Potion"},{"floor":10,"key":"Strength Potion"},{"floor":24,"key":"GamblersBrew"},{"floor":25,"key":"AttackPotion"}],"is_trial":false,"path_per_floor":["M","?","M","?","$","R","M","M","T","M","R","?","?","M","R","B",null,"M","$","?","?","?","R","E","M","T","M"],"character_chosen":"THE_SILENT","items_purchased":["Noxious Fumes","Snake Skull"],"campfire_rested":2,"item_purchase_floors":[19,19],"current_hp_per_floor":[73,73,69,45,45,69,65,64,64,57,57,62,62,57,57,1,64,36,36,36,36,36,61,39,17,17,0],"gold":42,"neow_bonus":"ONE_RARE_RELIC","is_prod":false,"is_daily":false,"chose_seed":false,"campfire_upgraded":2,"win_rate":0,"timestamp":1542176563,"path_taken":["M","?","?","?","$","R","M","M","T","M","R","?","?","?","R","BOSS","M","$","?","?","?","R","E","M","T","M"],"build_version":"2018-11-08","purchased_purges":0,"victory":false,"max_hp_per_floor":[80,80,80,80,80,80,80,80,80,80,80,85,85,85,85,85,85,85,85,85,85,85,85,95,95,95,95],"card_choices":[{"not_picked":["Caltrops","Deflect"],"picked":"Flying Knee","floor":1},{"not_picked":["Outmaneuver","Bane"],"picked":"Prepared","floor":3},{"not_picked":["Dagger Throw","Deadly Poison"],"picked":"Quick Slash","floor":7},{"not_picked":["Deflect","Endless Agony"],"picked":"Predator","floor":8},{"not_picked":["Dash","Deflect"],"picked":"Well Laid Plans","floor":10},{"not_picked":["Acrobatics","Dagger Spray"],"picked":"PiercingWail","floor":14},{"not_picked":["Burst","Night Terror"],"picked":"Corpse Explosion","floor":16},{"not_picked":["Dodge and Roll","Quick Slash"],"picked":"Dagger Spray","floor":18},{"not_picked":["Tools of the Trade","Flechettes"],"picked":"Poisoned Stab","floor":24},{"not_picked":["Caltrops","Heel Hook"],"picked":"Catalyst","floor":25}],"player_experience":2282548,"relics_obtained":[{"floor":9,"key":"MawBank"},{"floor":24,"key":"Pear"},{"floor":26,"key":"Darkstone Periapt"}],"event_choices":[{"damage_healed":0,"gold_gain":0,"player_choice":"Paid Gold","damage_taken":0,"relics_obtained":["Ornamental Fan"],"max_hp_gain":0,"max_hp_loss":0,"event_name":"WeMeetAgain","floor":2,"gold_loss":75},{"damage_healed":0,"gold_gain":0,"player_choice":"Entered Light","damage_taken":24,"max_hp_gain":0,"max_hp_loss":0,"event_name":"Shining Light","floor":4,"gold_loss":0,"cards_upgraded":["Strike_G","Survivor"]},{"damage_healed":0,"gold_gain":0,"player_choice":"Donut","damage_taken":0,"max_hp_gain":5,"max_hp_loss":0,"event_name":"Big Fish","floor":12,"gold_loss":0},{"damage_healed":0,"gold_gain":0,"player_choice":"2 cards matched","damage_taken":0,"max_hp_gain":0,"max_hp_loss":0,"event_name":"Match and Keep!","floor":13,"gold_loss":0,"cards_obtained":["Footwork","Unload"]},{"damage_healed":0,"gold_gain":0,"player_choice":"Ignored","damage_taken":0,"max_hp_gain":0,"max_hp_loss":0,"event_name":"Beggar","floor":20,"gold_loss":0},{"damage_healed":0,"gold_gain":0,"player_choice":"Paid Fearfully","damage_taken":0,"max_hp_gain":0,"max_hp_loss":0,"event_name":"Masked Bandits","floor":21,"gold_loss":10},{"damage_healed":0,"gold_gain":0,"player_choice":"Ignored","damage_taken":0,"max_hp_gain":0,"max_hp_loss":0,"event_name":"Ghosts","floor":22,"gold_loss":0}],"is_beta":false,"boss_relics":[{"not_picked":["Coffee Dripper","Lizard Tail"],"picked":"Fusion Hammer"}],"items_purged_floors":[],"is_endless":false,"potions_floor_spawned":[3,10,24,25],"killed_by":"Shelled Parasite and Fungi","ascension_level":19}