{"gold_per_floor":[116,135,135,85,97,97,107,107,107,107,107,118,118,174,174,277,277,295,295,15,15,35,35,68,79,79,90,103,28,28,47,47,152,152,167,167,181,197,197,228,244,259,259,67,96,96,122,122,122,122],"floor_reached":50,"playtime":4051,"items_purged":[],"score":800,"play_id":"89abba2b-aef1-4257-acf5-42f78d70c189","local_time":"20190721161824","is_ascension_mode":true,"campfire_choices":[{"data":"Shockwave","floor":6,"key":"SMITH"},{"data":"Battle Trance","floor":8,"key":"SMITH"},{"data":"Perfected Strike","floor":10,"key":"SMITH"},{"floor":15,"key":"REST"},{"floor":23,"key":"REST"},{"floor":30,"key":"REST"},{"data":"Armaments","floor":32,"key":"SMITH"},{"floor":46,"key":"REST"},{"floor":49,"key":"REST"}],"neow_cost":"TEN_PERCENT_HP_LOSS","seed_source_timestamp":21357275680949,"circlet_count":0,"master_deck":["Strike_R","Strike_R","Strike_R+1","Strike_R","Defend_R","Defend_R","Defend_R","Shockwave+1","Sentinel","Perfected Strike+1","Battle Trance+1","Sentinel","Reaper+1","Spot Weakness","Havoc","Shrug It Off","Metallicize","Second Wind","Blind","Seeing Red","Armaments+1","Pommel Strike+1","Seeing Red","Inflame","Offering","Armaments+1","Perfected Strike+1","Uppercut+1","Evolve+1","Dual Wield+1","Writhe","Pommel Strike+1"],"relics":["Burning Blood","Ice Cream","Question Card","Bottled Lightning","Tiny Chest","Orrery","Bag of Preparation","Bird Faced Urn","Whetstone","Mark of Pain","NlothsMask","Juzu Bracelet","Strange Spoon","Orichalcum","Dream Catcher"],"potions_floor_usage":[14,16,18,24,24,27,33,47,50,50],"damage_taken":[{"damage":1,"enemies":"Cultist","floor":1,"turns":4},{"damage":9,"enemies":"2 Louse","floor":2,"turns":4},{"damage":7,"enemies":"Jaw Worm","floor":5,"turns":5},{"damage":8,"enemies":"Exordium Thugs","floor":7,"turns":4},{"damage":9,"enemies":"Exordium Wildlife","floor":12,"turns":5},{"damage":20,"enemies":"3 Sentries","floor":14,"turns":5},{"damage":36,"enemies":"The Guardian","floor":16,"turns":13},{"damage":47,"enemies":"Spheric Guardian","floor":18,"turns":6},{"damage":1,"enemies":"Shell Parasite","floor":22,"turns":13},{"damage":29,"enemies":"Slavers","floor":24,"turns":7},{"damage":35,"enemies":"Chosen and Byrds","floor":25,"turns":9},{"damage":4,"enemies":"Snecko","floor":27,"turns":7},{"damage":41,"enemies":"Cultist and Chosen","floor":28,"turns":11},{"damage":10,"enemies":"Centurion and Healer","floor":31,"turns":6},{"damage":80,"enemies":"Automaton","floor":33,"turns":11},{"damage":24,"enemies":"Orb Walker","floor":35,"turns":5},{"damage":39,"enemies":"3 Darklings","floor":37,"turns":6},{"damage":28,"enemies":"Jaw Worm Horde","floor":38,"turns":5},{"damage":40,"enemies":"Giant Head","floor":40,"turns":8},{"damage":10,"enemies":"Spire Growth","floor":41,"turns":5},{"damage":16,"enemies":"3 Darklings","floor":42,"turns":5},{"damage":54,"enemies":"Nemesis","floor":45,"turns":9},{"damage":87,"enemies":"Reptomancer","floor":47,"turns":6},{"damage":95,"enemies":"Donu and Deca","floor":50,"turns":6}],"seed_played":"-5870954287437231813","potions_obtained":[{"floor":5,"key":"SmokeBomb"},{"floor":12,"key":"Strength Potion"},{"floor":14,"key":"Block Potion"},{"floor":16,"key":"EntropicBrew"},{"floor":21,"key":"Energy Potion"},{"floor":27,"key":"EssenceOfSteel"},{"floor":28,"key":"Weak Potion"},{"floor":38,"key":"Ancient Potion"},{"floor":40,"key":"Poison Potion"}],"is_trial":false,"path_per_floor":["M","M","?","?","M","R","M","R","T","R","$","M","?","E","R","B",null,"M","?","$","?","M","R","E","M","T","M","M","$","R","M","R","B",null,"M","?","M","M","?","E","M","M","T","$","E","R","E","?","R","B"],"character_chosen":"IRONCLAD","items_purchased":["Second Wind","Bag of Preparation","Blind","Inflame","Strange Spoon"],"campfire_rested":5,"item_purchase_floors":[20,20,20,29,44],"current_hp_per_floor":[72,69,57,57,56,56,54,54,54,54,54,51,44,30,51,21,59,18,5,5,5,29,52,41,24,24,41,14,14,37,67,67,10,60,54,54,59,71,71,51,61,77,77,77,35,58,11,30,53,0],"gold":122,"neow_bonus":"ONE_RARE_RELIC","is_prod":false,"is_daily":false,"chose_seed":false,"campfire_upgraded":4,"win_rate":0,"timestamp":1563718704,"path_taken":["M","M","?","?","M","R","M","R","T","R","?","?","?","E","R","BOSS","M","?","$","?","M","R","E","M","T","M","?","$","R","M","R","BOSS","M","?","?","M","?","E","M","M","T","$","E","R","E","?","R","BOSS"],"build_version":"2019-07-17","purchased_purges":0,"victory":false,"max_hp_per_floor":[72,72,72,72,72,72,72,72,72,72,72,72,72,72,72,72,72,72,77,77,77,77,77,77,77,77,77,77,77,77,77,77,77,77,77,77,77,77,77,77,77,77,77,77,77,77,77,77,77,77],"card_choices":[{"not_picked":["Clothesline","Pommel Strike"],"picked":"Shockwave","floor":1},{"not_picked":["True Grit","Body Slam"],"picked":"Sentinel","floor":2},{"not_picked":["Intimidate","Sentinel","Sword Boomerang"],"picked":"Perfected Strike","floor":5},{"not_picked":["Cleave","Power Through","Havoc"],"picked":"Battle Trance","floor":7},{"not_picked":["Wild Strike","Second Wind","Cleave","Inflame"],"picked":"SKIP","floor":12},{"not_picked":["Dropkick","Havoc","Infernal Blade"],"picked":"Sentinel","floor":14},{"not_picked":["Berserk","Demon Form","Exhume"],"picked":"Reaper","floor":16},{"not_picked":["Searing Blow","Body Slam","Twin Strike"],"picked":"Spot Weakness","floor":17},{"not_picked":["Rupture","Cleave","Body Slam"],"picked":"Havoc","floor":17},{"not_picked":["Uppercut","Twin Strike","Headbutt"],"picked":"Shrug It Off","floor":17},{"not_picked":["Clash","Clothesline","Dark Embrace"],"picked":"Metallicize","floor":18},{"not_picked":["Heavy Blade","Shockwave","Spot Weakness+1"],"picked":"Seeing Red","floor":22},{"not_picked":["Havoc","Cleave","Anger+1","Carnage+1"],"picked":"SKIP","floor":24},{"not_picked":["Havoc","Hemokinesis","Searing Blow+1"],"picked":"Armaments","floor":25},{"not_picked":["Headbutt+1","Sentinel","Fire Breathing+1"],"picked":"Pommel Strike+1","floor":27},{"not_picked":["Clothesline","Armaments","Blood for Blood+1"],"picked":"Seeing Red","floor":28},{"not_picked":["Headbutt","Uppercut","Havoc","Intimidate"],"picked":"SKIP","floor":31},{"not_picked":["Brutality","Impervious","Berserk"],"picked":"Offering","floor":33},{"not_picked":["Second Wind","Anger+1","Clothesline+1","Cleave"],"picked":"SKIP","floor":35},{"not_picked":["Shrug It Off+1","Clash+1","Sword Boomerang+1"],"picked":"Armaments+1","floor":37},{"not_picked":["Entrench","Infernal Blade","Armaments","Perfected Strike"],"picked":"SKIP","floor":38},{"not_picked":["Iron Wave+1","True Grit","Cleave+1"],"picked":"Perfected Strike+1","floor":40},{"not_picked":["Headbutt+1","Flex+1","Infernal Blade"],"picked":"Uppercut+1","floor":41},{"not_picked":["Reaper","Body Slam","Clothesline+1"],"picked":"Evolve+1","floor":42},{"not_picked":["Body Slam","Combust","Rampage+1"],"picked":"Dual Wield+1","floor":45},{"not_picked":["Double Tap","Flex+1","Hemokinesis+1","Havoc"],"picked":"SKIP","floor":47},{"not_picked":["Perfected Strike+1","Disarm","Twin Strike"],"picked":"Pommel Strike+1","floor":49}],"player_experience":207009,"relics_obtained":[{"floor":9,"key":"Bottled Lightning"},{"floor":14,"key":"Tiny Chest"},{"floor":24,"key":"Bird Faced Urn"},{"floor":26,"key":"Whetstone"},{"floor":40,"key":"Juzu Bracelet"},{"floor":45,"key":"Orichalcum"},{"floor":47,"key":"Dream Catcher"}],"event_choices":[{"damage_healed":0,"gold_gain":0,"player_choice":"Success","damage_taken":12,"relics_obtained":["Question Card"],"max_hp_gain":0,"max_hp_loss":0,"event_name":"Scrap Ooze","floor":3,"gold_loss":0},{"cards_removed":["Defend_R"],"damage_healed":0,"gold_gain":0,"player_choice":"Card Removal","damage_taken":0,"max_hp_gain":0,"max_hp_loss":0,"event_name":"The Cleric","floor":4,"gold_loss":50},{"cards_removed":["Bash"],"damage_healed":0,"gold_gain":0,"player_choice":"Card Removal","damage_taken":7,"max_hp_gain":0,"max_hp_loss":0,"event_name":"Golden Wing","floor":13,"gold_loss":0},{"damage_healed":0,"gold_gain":0,"player_choice":"Shed Blood","damage_taken":18,"max_hp_gain":5,"max_hp_loss":0,"event_name":"Forgotten Altar","floor":19,"gold_loss":0},{"damage_healed":0,"gold_gain":0,"player_choice":"Got Potions","damage_taken":0,"max_hp_gain":0,"max_hp_loss":0,"event_name":"Lab","floor":21,"gold_loss":0},{"damage_healed":0,"gold_gain":0,"player_choice":"Trade","damage_taken":0,"relics_obtained":["NlothsMask"],"max_hp_gain":0,"max_hp_loss":0,"event_name":"FaceTrader","floor":36,"gold_loss":0},{"cards_removed":["Strike_R"],"damage_healed":0,"gold_gain":0,"player_choice":"Offered Basic","damage_taken":0,"max_hp_gain":0,"max_hp_loss":0,"event_name":"Bonfire Elementals","floor":39,"gold_loss":0},{"damage_healed":19,"gold_gain":0,"player_choice":"Writhe","damage_taken":0,"max_hp_gain":0,"max_hp_loss":0,"event_name":"Winding Halls","floor":48,"gold_loss":0,"cards_obtained":["Writhe"]}],"is_beta":false,"boss_relics":[{"not_picked":["Sozu","Pandora\u0027s Box"],"picked":"Orrery"},{"not_picked":["Calling Bell","Empty Cage"],"picked":"Mark of Pain"}],"items_purged_floors":[],"is_endless":false,"potions_floor_spawned":[5,12,14,16,18,27,28,38,40,42],"killed_by":"Donu and Deca","ascension_level":9}