{"gold_per_floor":[114,129,129,129,144,144,174,174,224,254,281,258,48,63,63,163,163,178,178,93,93,143,143,173,173,198,228,243,243,243,273,273,373,373,388,90,1089,158,173,203,203,218,268,298,313,343,358,373,373,373],"floor_reached":51,"playtime":5774,"items_purged":["Normality"],"score":926,"play_id":"d2deb3dc-97e0-4ea1-a15f-413d8105e741","local_time":"20181014010006","daily_mods":["Draft","Green Cards","Elite Swarm"],"is_ascension_mode":false,"campfire_choices":[{"data":"Coolheaded","floor":6.0,"key":"SMITH"},{"data":"Burst","floor":8.0,"key":"SMITH"},{"floor":15.0,"key":"REST"},{"floor":23,"key":"REST"},{"floor":25,"key":"REST"},{"floor":30,"key":"REST"},{"floor":32,"key":"REST"},{"floor":41,"key":"REST"},{"floor":49,"key":"REST"}],"neow_cost":"","seed_source_timestamp":0,"circlet_count":0,"master_deck":["Dagger Throw","Sunder","Rebound","Loop","PiercingWail","Cold Snap","Barrage","Blur","Heatsinks","White Noise","Aggregate","Fusion","Coolheaded+1","Backstab","Genetic Algorithm","Footwork","Capacitor","BootSequence","Burst+1","Adrenaline","Die Die Die","Amplify","Bite","Bite","Bite","Bite","Bite","Buffer","Prepared+1","After Image","Echo Form","Hologram+1","Acrobatics","Normality","Well Laid Plans","Aggregate","Panacea","Quick Slash+1","Corpse Explosion","Undo+1","Streamline+1","After Image","Streamline+1","Backflip+1"],"special_seed":17818,"relics":["Cracked Core","Ancient Tea Set","Singing Bowl","Regal Pillow","MawBank","Blood Vial","Fusion Hammer","DataDisk","Pen Nib","Bottled Lightning","Boot","Strawberry","PreservedInsect","Blue Candle","Lizard Tail","Cables","Anchor","Bottled Tornado","Frozen Eye","Bag of Preparation","Potion Belt","Question Card","Matryoshka"],"potions_floor_usage":[16,18,33,33,40,40,44,45,48,50],"damage_taken":[{"damage":3.0,"enemies":"2 Louse","floor":1.0,"turns":2.0},{"damage":9.0,"enemies":"Jaw Worm","floor":2.0,"turns":3.0},{"damage":6.0,"enemies":"Small Slimes","floor":5.0,"turns":3.0},{"damage":1.0,"enemies":"3 Sentries","floor":7.0,"turns":6.0},{"damage":17.0,"enemies":"Lagavulin","floor":10.0,"turns":7.0},{"damage":15.0,"enemies":"2 Fungi Beasts","floor":11.0,"turns":3.0},{"damage":0.0,"enemies":"Looter","floor":14.0,"turns":3.0},{"damage":0,"enemies":"Slime Boss","floor":16,"turns":8},{"damage":17,"enemies":"3 Byrds","floor":18,"turns":5},{"damage":30,"enemies":"Book of Stabbing","floor":24,"turns":5},{"damage":8,"enemies":"Gremlin Leader","floor":27,"turns":8},{"damage":0,"enemies":"Chosen","floor":28,"turns":3},{"damage":17,"enemies":"Book of Stabbing","floor":31,"turns":4},{"damage":21,"enemies":"Collector","floor":33,"turns":13},{"damage":19,"enemies":"3 Shapes","floor":35,"turns":8},{"damage":0,"enemies":"Orb Walker","floor":39,"turns":3},{"damage":39,"enemies":"2 Orb Walkers","floor":40,"turns":5},{"damage":0,"enemies":"3 Darklings","floor":42,"turns":2},{"damage":0,"enemies":"Giant Head","floor":44,"turns":10},{"damage":7,"enemies":"Reptomancer","floor":45,"turns":6},{"damage":14,"enemies":"2 Orb Walkers","floor":46,"turns":4},{"damage":0,"enemies":"Maw","floor":47,"turns":7},{"damage":29,"enemies":"Transient","floor":48,"turns":5},{"damage":21,"enemies":"Donu and Deca","floor":50,"turns":8}],"seed_played":"8003308014887678719","potions_obtained":[{"floor":2.0,"key":"Explosive Potion"},{"floor":7.0,"key":"Strength Potion"},{"floor":14.0,"key":"GamblersBrew"},{"floor":16,"key":"Weak Potion"},{"floor":27,"key":"SpeedPotion"},{"floor":28,"key":"GamblersBrew"},{"floor":31,"key":"Block Potion"},{"floor":33,"key":"Ancient Potion"},{"floor":42,"key":"Swift Potion"},{"floor":44,"key":"SkillPotion"},{"floor":46,"key":"AttackPotion"},{"floor":48,"key":"AttackPotion"}],"is_trial":false,"path_per_floor":["M","M","?","?","M","R","E","R","T","E","M","?","$","M","R","B",null,"M","?","?","?","T","R","E","R","T","E","M","?","R","E","R","B",null,"M","$","?","$","M","E","R","M","T","E","M","E","M","M","R","B"],"character_chosen":"DEFECT","items_purchased":["Blood Vial","Die Die Die","Cables","Acrobatics","Anchor","Bottled Tornado","Frozen Eye","Well Laid Plans","Aggregate","Panacea"],"campfire_rested":7,"item_purchase_floors":[13,13,36,36,38,38,38,38,38,38],"current_hp_per_floor":[72,63,51,56,50,50,49,49,49,32,19,39,39,43,83,84,84,69,52,52,52,52,63,39,65,65,72,72,72,72,59,72,67,72,57,57,57,57,63,34,70,72,72,74,73,64,70,47,74,55],"gold":373,"neow_bonus":"","is_prod":false,"is_daily":true,"chose_seed":false,"campfire_upgraded":2,"win_rate":0,"timestamp":1539493206,"path_taken":["M","M","?","?","M","R","E","R","T","E","?","?","?","M","R","BOSS","M","?","?","?","?","R","E","R","T","E","M","?","R","E","R","BOSS","M","$","?","$","M","E","R","M","T","E","M","E","M","?","R","BOSS"],"build_version":"2018-10-11","purchased_purges":1,"victory":true,"max_hp_per_floor":[75,75,75,80,80,80,80,80,80,80,82,82,82,84,84,84,84,86,91,91,63,63,63,65,65,65,72,72,72,72,72,72,72,72,72,72,72,72,72,72,72,72,72,74,74,74,74,74,74,74],"card_choices":[{"not_picked":["Scrape","Slice"],"picked":"Dagger Throw","floor":0.0},{"not_picked":["Quick Slash","White Noise"],"picked":"Sunder","floor":0.0},{"not_picked":["Blizzard","Caltrops"],"picked":"Rebound","floor":0.0},{"not_picked":["Outmaneuver","Blade Dance"],"picked":"Loop","floor":0.0},{"not_picked":["Redo","Reprogram"],"picked":"PiercingWail","floor":0.0},{"not_picked":["Compile Driver","Quick Slash"],"picked":"Cold Snap","floor":0.0},{"not_picked":["Steam","Slice"],"picked":"Barrage","floor":0.0},{"not_picked":["PiercingWail","Ball Lightning"],"picked":"Blur","floor":0.0},{"not_picked":["Bane","Blade Dance"],"picked":"Heatsinks","floor":0.0},{"not_picked":["Concentrate","Compile Driver"],"picked":"White Noise","floor":0.0},{"not_picked":["Ball Lightning","Outmaneuver"],"picked":"Aggregate","floor":0.0},{"not_picked":["Self Repair","Streamline"],"picked":"Fusion","floor":0.0},{"not_picked":["Endless Agony","Turbo"],"picked":"Coolheaded","floor":0.0},{"not_picked":["Leap","Flying Knee"],"picked":"Backstab","floor":0.0},{"not_picked":["Bane","Quick Slash"],"picked":"Genetic Algorithm","floor":0.0},{"not_picked":["Streamline","Outmaneuver"],"picked":"Footwork","floor":1.0},{"not_picked":["Dodge and Roll","Fusion"],"picked":"Capacitor","floor":2.0},{"not_picked":["Slice","Poisoned Stab"],"picked":"BootSequence","floor":5.0},{"not_picked":["Wraith Form v2","Envenom"],"picked":"Burst","floor":7.0},{"not_picked":["Creative AI","Doppelganger"],"picked":"Adrenaline","floor":10.0},{"not_picked":["Leap","Bane","Beam Cell"],"picked":"Singing Bowl","floor":11.0},{"not_picked":["Leap","Cloak And Dagger","Dagger Throw"],"picked":"Singing Bowl","floor":14.0},{"not_picked":["Creative AI","Biased Cognition"],"picked":"Amplify","floor":16},{"not_picked":["Streamline","Beam Cell+1","Flying Knee"],"picked":"Singing Bowl","floor":18},{"not_picked":["Reboot","Burst","Hyperbeam"],"picked":"Singing Bowl","floor":24},{"not_picked":["Seek","Biased Cognition"],"picked":"Buffer","floor":27},{"not_picked":["Dodge and Roll","Cold Snap+1"],"picked":"Prepared+1","floor":28},{"not_picked":["Biased Cognition","All For One"],"picked":"After Image","floor":31},{"not_picked":["All For One","Venomology"],"picked":"Echo Form","floor":33},{"not_picked":["Outmaneuver+1","Hello World+1"],"picked":"Hologram+1","floor":35},{"not_picked":["Envenom","Deadly Poison+1"],"picked":"Quick Slash+1","floor":39},{"not_picked":["A Thousand Cuts","Burst"],"picked":"Corpse Explosion","floor":40},{"not_picked":["Barrage","Cloak And Dagger"],"picked":"Undo+1","floor":42},{"not_picked":["Unload","Thunder Strike","Machine Learning"],"picked":"Singing Bowl","floor":44},{"not_picked":["Barrage+1","Dagger Throw+1","Cold Snap"],"picked":"Streamline+1","floor":45},{"not_picked":["Thunder Strike","Burst","All For One"],"picked":"After Image","floor":46},{"not_picked":["Dagger Spray","Gash+1","Caltrops"],"picked":"Streamline+1","floor":47},{"not_picked":["Outmaneuver+1","Sweeping Beam+1","Buffer"],"picked":"Backflip+1","floor":48}],"player_experience":2094163,"relics_obtained":[{"floor":7.0,"key":"Singing Bowl"},{"floor":9.0,"key":"Regal Pillow"},{"floor":10.0,"key":"MawBank"},{"floor":22,"key":"Pen Nib"},{"floor":24,"key":"Bottled Lightning"},{"floor":26,"key":"Boot"},{"floor":27,"key":"Strawberry"},{"floor":31,"key":"Blue Candle"},{"floor":40,"key":"Bag of Preparation"},{"floor":43,"key":"Potion Belt"},{"floor":44,"key":"Question Card"},{"floor":46,"key":"Matryoshka"}],"event_choices":[{"event_name":"Scrap Ooze","player_choice":"success","floor":3.0,"damage_taken":12.0},{"event_name":"Big Fish","player_choice":"Donut","floor":4.0,"damage_taken":0.0},{"event_name":"The Cleric","player_choice":"Healed","floor":12.0,"damage_taken":0.0},{"event_name":"Forgotten Altar","player_choice":"Shed Blood","floor":19,"damage_taken":0},{"event_name":"Addict","player_choice":"Obtained Relic","floor":20,"damage_taken":0},{"event_name":"Vampires","player_choice":"Became a vampire","floor":21,"damage_taken":0},{"event_name":"The Mausoleum","player_choice":"Yes","floor":29,"damage_taken":0},{"event_name":"MindBloom","player_choice":"Gold","floor":37,"damage_taken":0}],"is_beta":false,"boss_relics":[{"not_picked":["Cursed Key","Eternal Feather"],"picked":"Fusion Hammer"},{"not_picked":["Calling Bell","White Beast Statue"],"picked":"Lizard Tail"}],"items_purged_floors":[38],"is_endless":false,"potions_floor_spawned":[2,7,14,16,27,28,31,33,42,44,46,48],"ascension_level":0}