{"gold_per_floor":[109,129,129,141,216,216,226,241,241,241,241,261,261,70,70,70],"floor_reached":16,"playtime":1062,"items_purged":[],"score":92,"play_id":"a64c374b-bb94-42e2-96f9-cc0c52d783cf","local_time":"20190705211906","is_ascension_mode":false,"campfire_choices":[{"data":"Genetic Algorithm","floor":6,"key":"SMITH"},{"floor":10,"key":"REST"},{"floor":13,"key":"REST"},{"data":"Seek","floor":15,"key":"SMITH"}],"neow_cost":"NONE","seed_source_timestamp":48968848264008,"circlet_count":0,"master_deck":["Strike_B","Strike_B","Strike_B","Strike_B","Defend_B","Defend_B","Defend_B","Defend_B","Dualcast","Compile Driver","Genetic Algorithm+1","Regret","Darkness","Conserve Battery","Darkness","Steam Power","Redo","Hologram","Seek+1"],"relics":["Philosopher\u0027s Stone","Bronze Scales","Juzu Bracelet"],"potions_floor_usage":[16,16],"damage_taken":[{"damage":0,"enemies":"Cultist","floor":1,"turns":4},{"damage":7,"enemies":"Jaw Worm","floor":2,"turns":3},{"damage":10,"enemies":"Small Slimes","floor":4,"turns":4},{"damage":3,"enemies":"Blue Slaver","floor":7,"turns":3},{"damage":25,"enemies":"Exordium Thugs","floor":8,"turns":5},{"damage":10,"enemies":"Looter","floor":12,"turns":4},{"damage":55,"enemies":"The Guardian","floor":16,"turns":8}],"seed_played":"-1522671762969494854","potions_obtained":[{"floor":2,"key":"SpeedPotion"},{"floor":8,"key":"AttackPotion"}],"is_trial":false,"path_per_floor":["M","M","?","M","?","R","M","M","T","R","?","M","R","$","R","B"],"character_chosen":"DEFECT","items_purchased":["Hologram","Seek"],"campfire_rested":2,"item_purchase_floors":[14,14],"current_hp_per_floor":[75,68,68,58,47,47,44,19,19,41,41,31,53,53,53,0],"gold":70,"neow_bonus":"BOSS_RELIC","is_prod":false,"is_daily":false,"chose_seed":false,"campfire_upgraded":2,"win_rate":0.0,"timestamp":1562354346,"path_taken":["M","?","?","M","?","R","?","M","T","R","?","M","R","$","R","BOSS"],"build_version":"2019-07-01","purchased_purges":0,"victory":false,"max_hp_per_floor":[75,75,75,75,75,75,75,75,75,75,75,75,75,75,75,75],"card_choices":[{"not_picked":["Redo","Stack"],"picked":"Compile Driver","floor":1},{"not_picked":["Conserve Battery","Beam Cell"],"picked":"Genetic Algorithm","floor":2},{"not_picked":["Melter","Stack"],"picked":"Darkness","floor":4},{"not_picked":["Barrage","Sweeping Beam"],"picked":"Conserve Battery","floor":7},{"not_picked":["Storm","Sweeping Beam"],"picked":"Darkness","floor":8},{"not_picked":["Sweeping Beam","Reinforced Body"],"picked":"Redo","floor":12}],"player_experience":21590,"relics_obtained":[{"floor":9,"key":"Juzu Bracelet"}],"event_choices":[{"damage_healed":0,"gold_gain":0,"player_choice":"Box","damage_taken":0,"relics_obtained":["Bronze Scales"],"max_hp_gain":0,"max_hp_loss":0,"event_name":"Big Fish","floor":3,"gold_loss":0,"cards_obtained":["Regret"]},{"damage_healed":0,"gold_gain":75,"player_choice":"Gather Gold","damage_taken":11,"max_hp_gain":0,"max_hp_loss":0,"event_name":"World of Goop","floor":5,"gold_loss":0},{"damage_healed":0,"gold_gain":0,"cards_transformed":["Zap"],"player_choice":"Transformed","damage_taken":0,"max_hp_gain":0,"max_hp_loss":0,"event_name":"Transmorgrifier","floor":11,"gold_loss":0,"cards_obtained":["Steam Power"]}],"is_beta":false,"boss_relics":[],"items_purged_floors":[],"is_endless":false,"potions_floor_spawned":[2,8],"killed_by":"The Guardian","ascension_level":0}