{"gold_per_floor":[115,65,78,153,17,51,51,65,116,132,207,225,254,271,271,271],"floor_reached":16,"playtime":2249,"items_purged":[],"score":102,"play_id":"9fdbcbe2-a337-4366-91a3-e1147a83e87b","local_time":"20190715094426","is_ascension_mode":false,"campfire_choices":[{"floor":7,"key":"REST"},{"data":"Seeing Red","floor":15,"key":"SMITH"}],"neow_cost":"NONE","seed_source_timestamp":125318911995352,"circlet_count":0,"master_deck":["Strike_R","Strike_R","Strike_R","Strike_R","Strike_R","Defend_R+1","Defend_R","Defend_R","Bash","Purity","Ghostly Armor+1","Battle Trance","Shrug It Off","Hemokinesis","Body Slam","Power Through","Whirlwind","Pommel Strike","Iron Wave","Seeing Red+1","Clash"],"relics":["Burning Blood","PreservedInsect","War Paint","Odd Mushroom"],"potions_floor_usage":[16,16,16],"damage_taken":[{"damage":15,"enemies":"Jaw Worm","floor":1,"turns":4},{"damage":0,"enemies":"Small Slimes","floor":3,"turns":3},{"damage":19,"enemies":"3 Sentries","floor":6,"turns":8},{"damage":0,"enemies":"Cultist","floor":8,"turns":4},{"damage":0,"enemies":"2 Fungi Beasts","floor":10,"turns":4},{"damage":3,"enemies":"Looter","floor":12,"turns":3},{"damage":0,"enemies":"The Mushroom Lair","floor":13,"turns":3},{"damage":15,"enemies":"Blue Slaver","floor":14,"turns":3},{"damage":74,"enemies":"Hexaghost","floor":16,"turns":16}],"seed_played":"-455590074364869212","potions_obtained":[{"floor":3,"key":"LiquidBronze"},{"floor":8,"key":"PowerPotion"},{"floor":10,"key":"EssenceOfSteel"}],"is_trial":false,"path_per_floor":["M","?","M","?","$","E","R","M","T","M","?","M","?","M","R","B"],"character_chosen":"IRONCLAD","items_purchased":["Shrug It Off","Hemokinesis","Body Slam"],"campfire_rested":1,"item_purchase_floors":[5,5,5],"current_hp_per_floor":[71,71,77,66,66,53,77,80,80,80,72,75,80,71,71,0],"gold":271,"neow_bonus":"RANDOM_COLORLESS","is_prod":false,"is_daily":false,"chose_seed":false,"campfire_upgraded":1,"win_rate":0.0,"timestamp":1563201866,"path_taken":["M","?","M","?","$","E","R","M","T","M","?","?","?","M","R","BOSS"],"build_version":"2019-07-05","purchased_purges":0,"victory":false,"max_hp_per_floor":[80,80,80,80,80,80,80,80,80,80,80,80,80,80,80,80],"card_choices":[{"not_picked":["Sever Soul","Inflame"],"picked":"Ghostly Armor","floor":1},{"not_picked":["Fire Breathing","True Grit"],"picked":"Battle Trance","floor":3},{"not_picked":["Entrench","Ghostly Armor"],"picked":"Power Through","floor":6},{"not_picked":["Sword Boomerang","Thunderclap"],"picked":"Whirlwind","floor":8},{"not_picked":["Sword Boomerang","Clash"],"picked":"Pommel Strike","floor":10},{"not_picked":["Thunderclap","Warcry"],"picked":"Iron Wave","floor":12},{"not_picked":["Clothesline","Rage"],"picked":"Seeing Red","floor":13},{"not_picked":["Uppercut","Berserk"],"picked":"Clash","floor":14}],"player_experience":1495,"relics_obtained":[{"floor":6,"key":"PreservedInsect"},{"floor":9,"key":"War Paint"},{"floor":13,"key":"Odd Mushroom"}],"event_choices":[{"cards_removed":["Defend_R"],"damage_healed":0,"gold_gain":0,"player_choice":"Card Removal","damage_taken":0,"max_hp_gain":0,"max_hp_loss":0,"event_name":"The Cleric","floor":2,"gold_loss":50},{"damage_healed":0,"gold_gain":75,"player_choice":"Gather Gold","damage_taken":11,"max_hp_gain":0,"max_hp_loss":0,"event_name":"World of Goop","floor":4,"gold_loss":0},{"damage_healed":0,"gold_gain":75,"player_choice":"Touch","damage_taken":8,"max_hp_gain":0,"max_hp_loss":0,"event_name":"FaceTrader","floor":11,"gold_loss":0},{"damage_healed":0,"gold_gain":0,"player_choice":"Fought Mushrooms","damage_taken":0,"max_hp_gain":0,"max_hp_loss":0,"event_name":"Mushrooms","floor":13,"gold_loss":0}],"is_beta":false,"boss_relics":[],"items_purged_floors":[],"is_endless":false,"potions_floor_spawned":[3,8,10,13],"killed_by":"Hexaghost","ascension_level":0}