{"path_per_floor":["M","M","?","?","$","R","?","R","T","?","M","?","R","M","R","B",null,"M","M","?","$","M","R","E","M","T","M","?","M","R","M","R","B",null,"M","M","?","?","M","R","M","R","T"],"character_chosen":"THE_SILENT","items_purchased":["Footwork","Mercury Hourglass","Trip","Regen Potion"],"gold_per_floor":[118,134,134,134,61,61,61,61,361,361,374,324,324,338,338,414,414,426,436,436,35,47,47,72,89,89,100,100,114,114,134,134,205,205,218,238,238,0,11,11,26,26,26],"floor_reached":44,"campfire_rested":5,"playtime":3694,"current_hp_per_floor":[52,52,70,52,52,52,38,59,59,52,52,52,52,50,50,48,62,53,28,28,28,18,38,14,14,14,11,11,20,40,29,49,11,53,50,31,48,48,34,54,46,46,46],"items_purged":[],"gold":26,"score":611,"play_id":"a3e70420-eeb5-469c-83f5-c401c18b3058","local_time":"20180308101653","is_prod":false,"is_daily":false,"is_ascension_mode":true,"campfire_upgraded":4,"timestamp":1520522213,"path_taken":["M","M","?","?","$","R","?","R","T","?","M","?","R","M","R","BOSS","M","M","?","$","M","R","E","M","T","M","?","?","R","M","R","BOSS","M","M","?","?","M","R","M","R","T","?"],"build_version":"2018-03-01-PROD1","purchased_purges":1,"victory":false,"master_deck":["Survivor","Neutralize+1","Infinite Blades","Deadly Poison+1","Footwork+1","Infinite Blades","Dash+1","Die Die Die","Skewer","Dash+1","Trip+1","Cloak And Dagger","Injury","Quick Slash+1","Writhe","Backstab","PiercingWail","Burst","Dagger Throw","Underhanded Strike","Dodge and Roll","Backflip","Distraction","Outmaneuver","Well Laid Plans","Dagger Spray","Writhe","Noxious Fumes+1","Distraction+1","Regret"],"max_hp_per_floor":[70,70,70,70,70,70,70,70,70,67,67,67,67,67,67,67,67,67,67,67,67,67,67,67,67,67,67,67,67,67,67,67,67,67,67,67,67,67,67,67,67,67,67],"relics":["Ring of the Snake","Shuriken","Old Coin","Cursed Key","Mercury Hourglass","Snake Skull","Gambling Chip","Unceasing Top","Pandora\u0027s Box","Red Mask","Ginger"],"card_choices":[{"not_picked":["Outmaneuver","Acrobatics"],"picked":"Deadly Poison"},{"not_picked":["Quick Slash","Bane"],"picked":"Infinite Blades"},{"not_picked":["Bane","Outmaneuver"],"picked":"Dash"},{"not_picked":["Phantasmal Killer","Corpse Explosion"],"picked":"Die Die Die"},{"not_picked":["Well Laid Plans","Flechettes"],"picked":"Skewer"},{"not_picked":["Flying Knee","Cloak And Dagger"],"picked":"Dash"},{"not_picked":["Dagger Spray","Dash"],"picked":"Cloak And Dagger"},{"not_picked":["Acrobatics","All Out Attack"],"picked":"Quick Slash"},{"not_picked":["Crippling Poison","Deadly Poison"],"picked":"Backstab"},{"not_picked":["Flying Knee","Bane"],"picked":"PiercingWail"},{"not_picked":["Venomology","Glass Knife"],"picked":"Burst"},{"not_picked":["Sucker Punch","Outmaneuver"],"picked":"Noxious Fumes"},{"not_picked":["Acrobatics","Masterful Stab"],"picked":"Distraction"}],"player_experience":942690,"potions_floor_usage":[18,22,24,27,29,29,33,44],"damage_taken":[{"damage":11,"enemies":"Small Slimes","floor":1,"turns":5},{"damage":0,"enemies":"Jaw Worm","floor":2,"turns":4},{"damage":0,"enemies":"Cultist","floor":11,"turns":4},{"damage":2,"enemies":"Blue Slaver","floor":14,"turns":4},{"damage":2,"enemies":"Hexaghost","floor":16,"turns":9},{"damage":9,"enemies":"3 Byrds","floor":18,"turns":4},{"damage":25,"enemies":"2 Thieves","floor":19,"turns":4},{"damage":19,"enemies":"Snake Plant","floor":22,"turns":3},{"damage":24,"enemies":"Book of Stabbing","floor":24,"turns":5},{"damage":0,"enemies":"3 Cultists","floor":25,"turns":4},{"damage":3,"enemies":"Slaver and Parasite","floor":27,"turns":5},{"damage":0,"enemies":"Cultist and Chosen","floor":29,"turns":4},{"damage":11,"enemies":"Snake Plant","floor":31,"turns":4},{"damage":38,"enemies":"Champ","floor":33,"turns":10},{"damage":3,"enemies":"3 Shapes","floor":35,"turns":5},{"damage":19,"enemies":"3 Darklings","floor":36,"turns":6},{"damage":14,"enemies":"Maw","floor":39,"turns":7},{"damage":8,"enemies":"4 Shapes","floor":41,"turns":5},{"damage":49,"enemies":"Mysterious Sphere","floor":44,"turns":3}],"event_choices":[{"event_name":"Big Fish","player_choice":"Banana","floor":3,"damage_taken":0},{"event_name":"Scrap Ooze","player_choice":"success","floor":4,"damage_taken":18},{"event_name":"Shining Light","player_choice":"Entered Light","floor":7,"damage_taken":0},{"event_name":"Golden Wing","player_choice":"Card Removal","floor":10,"damage_taken":0},{"event_name":"The Cleric","player_choice":"Card Removal","floor":12,"damage_taken":0},{"event_name":"Drug Dealer","player_choice":"Ignored","floor":20,"damage_taken":0},{"event_name":"The Mausoleum","player_choice":"Yes","floor":28,"damage_taken":0},{"event_name":"Winding Halls","player_choice":"Writhe","floor":37,"damage_taken":0},{"event_name":"Tomb of Lord Red Mask","player_choice":"Paid","floor":38,"damage_taken":0},{"event_name":"Mysterious Sphere","player_choice":"Fight","floor":44,"damage_taken":0}],"boss_relics":[{"not_picked":["The Specimen","Velvet Choker"],"picked":"Cursed Key"},{"not_picked":["Tiny House","Runic Pyramid"],"picked":"Pandora\u0027s Box"}],"potions_floor_spawned":[1,11,19,25,27,29,36],"seed_played":"-3238489998497214683","killed_by":"Mysterious Sphere","ascension_level":13,"is_trial":false}