{"gold_per_floor":[118,43,43,53,72,97,97,148,148,148,171,171,187,187,187,286,286,300,300,35,50,50,50,84,84,109,134,155,168,10,10],"floor_reached":31,"playtime":1882,"items_purged":["Injury"],"score":485,"play_id":"6d4ecfbb-bdd2-4c97-b7fc-8df21418c61e","local_time":"20190410223923","is_ascension_mode":true,"campfire_choices":[{"floor":7,"key":"REST"},{"data":"Zap","floor":12,"key":"SMITH"},{"floor":15,"key":"REST"},{"data":"Ghostly","floor":23,"key":"SMITH"},{"floor":25,"key":"REST"}],"neow_cost":"NONE","seed_source_timestamp":97317588588969,"circlet_count":0,"master_deck":["AscendersBane","Strike_B+1","Defend_B+1","Defend_B+1","Defend_B+1","Defend_B+1","Zap+1","Dualcast","Darkness+1","Steam","Stack","Hello World","Chaos","Sunder","Blizzard","Genetic Algorithm","FTL","Hyperbeam","Capacitor","Mind Blast","Static Discharge","Ghostly+1","Ghostly+1","Ghostly","Tempest","Capacitor"],"relics":["Cracked Core","FossilizedHelix","Cables","Golden Idol","Busted Crown","Ice Cream","War Paint"],"potions_floor_usage":[6,13,16,21,27,31],"damage_taken":[{"damage":4,"enemies":"Jaw Worm","floor":1,"turns":5},{"damage":9,"enemies":"2 Louse","floor":4,"turns":3},{"damage":9,"enemies":"Cultist","floor":5,"turns":4},{"damage":27,"enemies":"Gremlin Nob","floor":6,"turns":4},{"damage":0,"enemies":"3 Louse","floor":11,"turns":4},{"damage":0,"enemies":"2 Fungi Beasts","floor":13,"turns":3},{"damage":26,"enemies":"Hexaghost","floor":16,"turns":9},{"damage":14,"enemies":"Spheric Guardian","floor":18,"turns":5},{"damage":17,"enemies":"3 Byrds","floor":21,"turns":4},{"damage":35,"enemies":"Slavers","floor":24,"turns":8},{"damage":0,"enemies":"Snake Plant","floor":27,"turns":4},{"damage":4,"enemies":"3 Cultists","floor":28,"turns":5},{"damage":0,"enemies":"Centurion and Healer","floor":29,"turns":6},{"damage":11,"enemies":"Shelled Parasite and Fungi","floor":31,"turns":5}],"seed_played":"-9057703793947262962","potions_obtained":[{"floor":1,"key":"Block Potion"},{"floor":5,"key":"EssenceOfSteel"},{"floor":11,"key":"SpeedPotion"},{"floor":13,"key":"FairyPotion"},{"floor":18,"key":"Explosive Potion"},{"floor":24,"key":"Strength Potion"},{"floor":29,"key":"FearPotion"}],"is_trial":false,"path_per_floor":["M","?","?","M","M","E","R","?","T","?","M","R","M","?","R","B",null,"M","?","$","M","?","R","E","R","T","M","M","M","$","M"],"character_chosen":"DEFECT","items_purchased":["Capacitor","Mind Blast","Tempest","Capacitor"],"campfire_rested":3,"item_purchase_floors":[20,20,30,30],"current_hp_per_floor":[60,60,60,51,42,15,36,36,36,36,36,36,36,36,55,29,55,41,41,41,24,24,24,3,12,12,12,8,8,8,0],"gold":10,"neow_bonus":"TRANSFORM_CARD","is_prod":false,"is_daily":false,"chose_seed":false,"campfire_upgraded":2,"win_rate":0,"timestamp":1554950363,"path_taken":["M","?","?","M","?","E","R","?","T","?","M","R","M","?","R","BOSS","M","?","$","M","?","R","E","R","T","M","M","M","$","M"],"build_version":"2019-01-23","purchased_purges":1,"victory":false,"max_hp_per_floor":[71,71,71,71,71,71,71,71,71,64,64,64,64,64,64,64,64,64,64,64,64,32,32,32,32,32,32,32,32,32,32],"card_choices":[{"not_picked":["Coolheaded","Skim"],"picked":"Steam","floor":1},{"not_picked":["Hologram","Sweeping Beam"],"picked":"Hello World","floor":4},{"not_picked":["Rebound","Heatsinks"],"picked":"Chaos","floor":5},{"not_picked":["Steam Power","Fusion"],"picked":"Sunder","floor":6},{"not_picked":["Streamline","Leap"],"picked":"Blizzard","floor":11},{"not_picked":["Conserve Battery","Hello World"],"picked":"Genetic Algorithm","floor":13},{"not_picked":["Reboot","Machine Learning"],"picked":"Hyperbeam","floor":16},{"not_picked":["Sweeping Beam"],"picked":"SKIP","floor":18},{"not_picked":[],"picked":"Static Discharge","floor":21},{"not_picked":["Rebound"],"picked":"SKIP","floor":24},{"not_picked":["Go for the Eyes"],"picked":"SKIP","floor":27},{"not_picked":["Redo"],"picked":"SKIP","floor":28},{"not_picked":["Redo"],"picked":"SKIP","floor":29}],"player_experience":3347656,"relics_obtained":[{"floor":6,"key":"FossilizedHelix"},{"floor":9,"key":"Cables"},{"floor":24,"key":"Ice Cream"},{"floor":26,"key":"War Paint"}],"event_choices":[{"cards_removed":["Strike_B"],"damage_healed":0,"gold_gain":0,"player_choice":"Card Removal","damage_taken":0,"max_hp_gain":0,"max_hp_loss":0,"event_name":"The Cleric","floor":2,"gold_loss":75},{"damage_healed":0,"gold_gain":0,"player_choice":"2 cards matched","damage_taken":0,"max_hp_gain":0,"max_hp_loss":0,"event_name":"Match and Keep!","floor":3,"gold_loss":0,"cards_obtained":["Stack","Injury"]},{"damage_healed":0,"gold_gain":51,"player_choice":"Gained Gold","damage_taken":0,"max_hp_gain":0,"max_hp_loss":0,"event_name":"Golden Wing","floor":8,"gold_loss":0},{"damage_healed":0,"gold_gain":0,"player_choice":"Lose Max HP","damage_taken":0,"relics_obtained":["Golden Idol"],"max_hp_gain":0,"max_hp_loss":7,"event_name":"Golden Idol","floor":10,"gold_loss":0},{"damage_healed":0,"gold_gain":0,"cards_transformed":["Strike_B"],"player_choice":"Change","damage_taken":0,"max_hp_gain":0,"max_hp_loss":0,"event_name":"Living Wall","floor":14,"gold_loss":0,"cards_obtained":["FTL"]},{"damage_healed":0,"gold_gain":0,"player_choice":"Simplicity","damage_taken":0,"max_hp_gain":0,"max_hp_loss":0,"event_name":"Back to Basics","floor":19,"gold_loss":0,"cards_upgraded":["Strike_B","Defend_B","Defend_B","Defend_B","Defend_B"]},{"damage_healed":0,"gold_gain":0,"player_choice":"Became a Ghost","damage_taken":0,"max_hp_gain":0,"max_hp_loss":32,"event_name":"Ghosts","floor":22,"gold_loss":0,"cards_obtained":["Ghostly","Ghostly","Ghostly"]}],"is_beta":false,"boss_relics":[{"not_picked":["Calling Bell","Philosopher\u0027s Stone"],"picked":"Busted Crown"}],"items_purged_floors":[20],"is_endless":false,"potions_floor_spawned":[1,5,11,13,18,24,29],"killed_by":"Shelled Parasite and Fungi","ascension_level":18}