{"gold_per_floor":[114,133,133,19,19,19,52,52,76,151,170,188,188,217,217,321,321,331,82,82,100,117,117,131,131,131,145,95,95,105,115,115,220,220,233,249,0,75,89,89,104,25,25,43,43,58,58,75,75,75],"floor_reached":51,"playtime":2757,"items_purged":["Strike_G","Strike_G"],"score":661,"play_id":"d8b554fa-7979-4982-a74c-a4346522abc4","local_time":"20190711163008","is_ascension_mode":false,"campfire_choices":[{"data":"Noxious Fumes","floor":6,"key":"SMITH"},{"data":"Deadly Poison","floor":13,"key":"SMITH"},{"data":"Well Laid Plans","floor":15,"key":"SMITH"},{"data":"Footwork","floor":23,"key":"SMITH"},{"data":"Malaise","floor":25,"key":"SMITH"},{"data":"Catalyst","floor":29,"key":"SMITH"},{"floor":32,"key":"REST"},{"data":"Calculated Gamble","floor":40,"key":"SMITH"},{"data":"Adrenaline","floor":45,"key":"SMITH"},{"data":"Blur","floor":47,"key":"SMITH"},{"floor":49,"key":"REST"}],"neow_cost":"NONE","seed_source_timestamp":55763816189346,"circlet_count":0,"master_deck":["Defend_G","Defend_G","Defend_G","Defend_G","Defend_G","Survivor","Neutralize+1","Deadly Poison+1","Well Laid Plans+1","Noxious Fumes+1","Flying Knee","Bullet Time","Malaise+1","Blur+1","Footwork+1","Noxious Fumes+1","Prepared+1","Acrobatics+1","Catalyst+1","Blur+1","After Image","Eviscerate+1","Backstab+1","Night Terror+1","PiercingWail+1","Calculated Gamble+1","Reflex+1","Cloak And Dagger+1","Adrenaline+1","Cloak And Dagger+1","Catalyst+1"],"relics":["Ring of the Snake","PreservedInsect","Art of War","Vajra","Orichalcum","Cursed Key","Happy Flower","Astrolabe","Paper Crane"],"potions_floor_usage":[14,22,24,33,33,50,50,50],"damage_taken":[{"damage":3,"enemies":"Cultist","floor":1,"turns":5},{"damage":0,"enemies":"Small Slimes","floor":2,"turns":5},{"damage":10,"enemies":"Gremlin Nob","floor":7,"turns":4},{"damage":0,"enemies":"Jaw Worm","floor":11,"turns":4},{"damage":5,"enemies":"2 Fungi Beasts","floor":12,"turns":3},{"damage":1,"enemies":"3 Sentries","floor":14,"turns":6},{"damage":8,"enemies":"Hexaghost","floor":16,"turns":9},{"damage":17,"enemies":"2 Thieves","floor":18,"turns":4},{"damage":4,"enemies":"3 Byrds","floor":21,"turns":6},{"damage":8,"enemies":"Cultist and Chosen","floor":22,"turns":5},{"damage":12,"enemies":"Centurion and Healer","floor":24,"turns":6},{"damage":1,"enemies":"Snecko","floor":27,"turns":7},{"damage":8,"enemies":"Shelled Parasite and Fungi","floor":30,"turns":4},{"damage":0,"enemies":"Centurion and Healer","floor":31,"turns":6},{"damage":8,"enemies":"Collector","floor":33,"turns":7},{"damage":2,"enemies":"3 Darklings","floor":35,"turns":6},{"damage":0,"enemies":"3 Shapes","floor":36,"turns":6},{"damage":2,"enemies":"Sphere and 2 Shapes","floor":39,"turns":4},{"damage":0,"enemies":"Maw","floor":41,"turns":7},{"damage":2,"enemies":"Writhing Mass","floor":44,"turns":4},{"damage":17,"enemies":"Jaw Worm Horde","floor":46,"turns":5},{"damage":0,"enemies":"Transient","floor":48,"turns":5},{"damage":31,"enemies":"Time Eater","floor":50,"turns":5}],"seed_played":"2326592517795119394","potions_obtained":[{"floor":7,"key":"AttackPotion"},{"floor":16,"key":"Energy Potion"},{"floor":18,"key":"Weak Potion"},{"floor":24,"key":"Energy Potion"},{"floor":30,"key":"Poison Potion"},{"floor":31,"key":"Swift Potion"},{"floor":35,"key":"Regen Potion"},{"floor":46,"key":"Strength Potion"}],"is_trial":false,"path_per_floor":["M","M","?","$","$","R","E","?","T","?","M","M","R","E","R","B",null,"M","$","?","M","M","R","M","R","T","M","?","R","M","M","R","B",null,"M","M","$","?","M","R","M","$","T","M","R","M","R","M","R","B",null],"character_chosen":"THE_SILENT","items_purchased":["Noxious Fumes","Happy Flower","Paper Crane","Adrenaline"],"campfire_rested":2,"item_purchase_floors":[4,19,37,42],"current_hp_per_floor":[67,67,67,67,67,67,57,62,62,51,51,46,46,45,45,37,75,58,58,58,54,46,46,34,34,34,33,33,33,25,25,47,39,75,73,73,73,66,64,64,64,64,64,62,62,45,45,45,67,51],"gold":75,"neow_bonus":"RANDOM_COMMON_RELIC","is_prod":false,"is_daily":false,"chose_seed":false,"campfire_upgraded":9,"win_rate":0,"timestamp":1562877008,"path_taken":["M","?","?","?","$","R","E","?","T","?","M","M","R","E","R","BOSS","M","$","?","M","M","R","M","R","T","M","?","R","?","M","R","BOSS","M","M","$","?","?","R","M","$","T","M","R","?","R","M","R","BOSS"],"build_version":"2019-07-05","purchased_purges":2,"victory":true,"max_hp_per_floor":[70,70,70,70,70,70,70,75,75,75,75,75,75,75,75,75,75,75,75,75,75,75,75,75,75,75,75,75,75,75,75,75,75,75,75,75,75,75,75,75,75,75,75,75,75,75,75,75,75,75],"card_choices":[{"not_picked":["Acrobatics","Endless Agony"],"picked":"Deadly Poison","floor":1},{"not_picked":["Deadly Poison","PiercingWail"],"picked":"Well Laid Plans","floor":2},{"not_picked":["Reflex","Cloak And Dagger"],"picked":"Flying Knee","floor":7},{"not_picked":["Blade Dance","Poisoned Stab"],"picked":"Bullet Time","floor":11},{"not_picked":["All Out Attack","Prepared","Predator"],"picked":"SKIP","floor":12},{"not_picked":["Riddle With Holes","Distraction","Dagger Throw"],"picked":"SKIP","floor":14},{"not_picked":["Grand Finale","Die Die Die"],"picked":"Malaise","floor":16},{"not_picked":["Dodge and Roll","Heel Hook+1"],"picked":"Blur+1","floor":18},{"not_picked":["Outmaneuver","Poisoned Stab"],"picked":"Noxious Fumes+1","floor":21},{"not_picked":["Crippling Poison","Outmaneuver"],"picked":"Prepared+1","floor":22},{"not_picked":["Endless Agony+1","Distraction+1"],"picked":"Acrobatics+1","floor":24},{"not_picked":["Dagger Spray","Bane"],"picked":"Catalyst","floor":27},{"not_picked":["Acrobatics","Blade Dance","Flying Knee+1"],"picked":"SKIP","floor":30},{"not_picked":["Heel Hook","Slice"],"picked":"Blur","floor":31},{"not_picked":["Unload","Glass Knife"],"picked":"After Image","floor":33},{"not_picked":["Distraction","Slice"],"picked":"PiercingWail+1","floor":35},{"not_picked":["Sucker Punch","Deadly Poison"],"picked":"Calculated Gamble","floor":36},{"not_picked":["Calculated Gamble+1","Underhanded Strike"],"picked":"Reflex+1","floor":39},{"not_picked":["Concentrate+1","Adrenaline"],"picked":"Cloak And Dagger+1","floor":41},{"not_picked":["Underhanded Strike","Dagger Throw","Acrobatics"],"picked":"SKIP","floor":44},{"not_picked":["Dagger Throw+1","Predator+1"],"picked":"Cloak And Dagger+1","floor":46},{"not_picked":["Reflex","Bouncing Flask"],"picked":"Catalyst+1","floor":48}],"player_experience":3936285,"relics_obtained":[{"floor":7,"key":"Art of War"},{"floor":9,"key":"Vajra"},{"floor":14,"key":"Orichalcum"}],"event_choices":[{"damage_healed":0,"gold_gain":0,"player_choice":"Grow","damage_taken":0,"max_hp_gain":0,"max_hp_loss":0,"event_name":"Living Wall","floor":3,"gold_loss":0,"cards_upgraded":["Neutralize"]},{"damage_healed":0,"gold_gain":0,"player_choice":"Donut","damage_taken":0,"max_hp_gain":5,"max_hp_loss":0,"event_name":"Big Fish","floor":8,"gold_loss":0},{"damage_healed":0,"gold_gain":75,"player_choice":"Gather Gold","damage_taken":11,"max_hp_gain":0,"max_hp_loss":0,"event_name":"World of Goop","floor":10,"gold_loss":0},{"damage_healed":0,"gold_gain":0,"player_choice":"Read","damage_taken":0,"max_hp_gain":0,"max_hp_loss":0,"event_name":"The Library","floor":20,"gold_loss":0,"cards_obtained":["Footwork"]},{"damage_healed":0,"gold_gain":0,"player_choice":"Bet on Murderer","damage_taken":0,"max_hp_gain":0,"max_hp_loss":0,"event_name":"The Joust","floor":28,"gold_loss":50},{"damage_healed":0,"gold_gain":75,"player_choice":"Touch","damage_taken":7,"max_hp_gain":0,"max_hp_loss":0,"event_name":"FaceTrader","floor":38,"gold_loss":0}],"is_beta":false,"boss_relics":[{"not_picked":["Runic Dome","Velvet Choker"],"picked":"Cursed Key"},{"not_picked":["Empty Cage","Pandora\u0027s Box"],"picked":"Astrolabe"}],"items_purged_floors":[4,19],"is_endless":false,"potions_floor_spawned":[7,16,18,24,30,31,35,46],"ascension_level":0}