{"gold_per_floor":[113,38,49,49,124,159,159,159,209,229,239,209,219,11,11,84,84,84,84,54,54,54,54,54],"floor_reached":24,"playtime":1580,"items_purged":["Strike_G"],"score":394,"play_id":"b48a8577-b60e-46e5-8d5a-42596ff68cb9","local_time":"20181109162820","is_ascension_mode":true,"campfire_choices":[{"data":"Neutralize","floor":8,"key":"SMITH"},{"floor":15,"key":"REST"},{"floor":23,"key":"REST"}],"neow_cost":"NONE","seed_source_timestamp":425479681988051,"circlet_count":0,"master_deck":["AscendersBane","Defend_G+1","Defend_G+1","Defend_G+1","Defend_G+1","Defend_G+1","Strike_G+1","Strike_G+1","Strike_G+1","Survivor","Neutralize+1","Grand Finale","Backflip","Sucker Punch","Deflect","Corpse Explosion","Expertise","Quick Slash","Flying Knee","Malaise","Quick Slash","Outmaneuver+1","Distraction"],"relics":["Ring of the Snake","Omamori","Smiling Mask","Odd Mushroom","Bag of Marbles","Ectoplasm"],"potions_floor_usage":[6,11,16,16,20,24],"damage_taken":[{"damage":0,"enemies":"Small Slimes","floor":1,"turns":6},{"damage":0,"enemies":"2 Louse","floor":3,"turns":4},{"damage":23,"enemies":"Lagavulin","floor":6,"turns":8},{"damage":28,"enemies":"The Mushroom Lair","floor":10,"turns":7},{"damage":0,"enemies":"Jaw Worm","floor":11,"turns":4},{"damage":0,"enemies":"Looter","floor":12,"turns":4},{"damage":0,"enemies":"Large Slime","floor":13,"turns":5},{"damage":12,"enemies":"Slime Boss","floor":16,"turns":7},{"damage":8,"enemies":"Shell Parasite","floor":18,"turns":10},{"damage":11,"enemies":"2 Thieves","floor":20,"turns":2},{"damage":6,"enemies":"Centurion and Healer","floor":22,"turns":6},{"damage":62,"enemies":"Slavers","floor":24,"turns":7}],"seed_played":"-7584243413986897649","potions_obtained":[{"floor":3,"key":"GamblersBrew"},{"floor":10,"key":"Regen Potion"},{"floor":11,"key":"Fire Potion"},{"floor":13,"key":"Strength Potion"},{"floor":18,"key":"Poison Potion"},{"floor":20,"key":"Block Potion"}],"is_trial":false,"path_per_floor":["M","?","M","$","?","E","?","R","T","?","M","M","M","$","R","B",null,"M","?","M","?","M","R","E"],"character_chosen":"THE_SILENT","items_purchased":["Bag of Marbles"],"campfire_rested":2,"item_purchase_floors":[14],"current_hp_per_floor":[59,59,59,59,48,25,47,47,47,19,33,33,33,33,52,40,60,52,52,41,41,35,54,0],"gold":54,"neow_bonus":"ONE_RANDOM_RARE_CARD","is_prod":false,"is_daily":false,"chose_seed":false,"campfire_upgraded":1,"win_rate":0,"timestamp":1541798900,"path_taken":["M","?","M","$","?","E","?","R","T","?","M","?","M","$","R","BOSS","M","?","M","?","M","R","E"],"build_version":"2018-11-08","purchased_purges":1,"victory":false,"max_hp_per_floor":[66,66,66,66,66,66,66,66,66,66,66,66,66,66,66,66,66,66,66,66,66,66,66,66],"card_choices":[{"not_picked":["Dagger Throw","Leg Sweep"],"picked":"Backflip","floor":1},{"not_picked":["PiercingWail","Acrobatics"],"picked":"Sucker Punch","floor":3},{"not_picked":["Concentrate","Catalyst"],"picked":"Deflect","floor":6},{"not_picked":["Sucker Punch","Well Laid Plans"],"picked":"Corpse Explosion","floor":10},{"not_picked":["Sucker Punch","Finisher"],"picked":"Expertise","floor":11},{"not_picked":["Outmaneuver","Dodge and Roll"],"picked":"Quick Slash","floor":12},{"not_picked":["Underhanded Strike","Blade Dance"],"picked":"Flying Knee","floor":13},{"not_picked":["Night Terror","Envenom"],"picked":"Malaise","floor":16},{"not_picked":["Cloak And Dagger","Deadly Poison"],"picked":"Quick Slash","floor":18},{"not_picked":["Cloak And Dagger","Infinite Blades"],"picked":"Outmaneuver+1","floor":20},{"not_picked":["Deflect","Leg Sweep"],"picked":"Distraction","floor":22}],"player_experience":2157364,"relics_obtained":[{"floor":6,"key":"Omamori"},{"floor":9,"key":"Smiling Mask"},{"floor":10,"key":"Odd Mushroom"}],"event_choices":[{"cards_removed":["Strike_G"],"damage_healed":0,"gold_gain":0,"player_choice":"Card Removal","damage_taken":0,"max_hp_gain":0,"max_hp_loss":0,"event_name":"The Cleric","floor":2,"gold_loss":75},{"damage_healed":0,"gold_gain":75,"player_choice":"Gather Gold","damage_taken":11,"max_hp_gain":0,"max_hp_loss":0,"event_name":"World of Goop","floor":5,"gold_loss":0},{"damage_healed":22,"gold_gain":0,"player_choice":"Banana","damage_taken":0,"max_hp_gain":0,"max_hp_loss":0,"event_name":"Big Fish","floor":7,"gold_loss":0},{"damage_healed":0,"gold_gain":0,"player_choice":"Fought Mushrooms","damage_taken":0,"max_hp_gain":0,"max_hp_loss":0,"event_name":"Mushrooms","floor":10,"gold_loss":0},{"damage_healed":0,"gold_gain":0,"player_choice":"Simplicity","damage_taken":0,"max_hp_gain":0,"max_hp_loss":0,"event_name":"Back to Basics","floor":19,"gold_loss":0,"cards_upgraded":["Defend_G","Defend_G","Defend_G","Defend_G","Defend_G","Strike_G","Strike_G","Strike_G"]},{"damage_healed":0,"gold_gain":0,"player_choice":"Ignored","damage_taken":0,"max_hp_gain":0,"max_hp_loss":0,"event_name":"Vampires","floor":21,"gold_loss":0}],"is_beta":false,"boss_relics":[{"not_picked":["Calling Bell","White Beast Statue"],"picked":"Ectoplasm"}],"items_purged_floors":[14],"is_endless":false,"potions_floor_spawned":[3,10,11,13,18,20],"killed_by":"Slavers","ascension_level":16}