{"gold_per_floor":[112,126,126,142,142,142,173,138,161,161,181,205,205,205,205,328,328,323,323,348,372,388,432,432,455,478,517,792,808,848,862,862,993,993,1007,1030,787,806,806,806],"floor_reached":40,"playtime":4539,"items_purged":["Pain"],"score":522,"play_id":"5d7de9f1-e253-4797-b877-801f73426de9","local_time":"20190715223534","is_ascension_mode":true,"campfire_choices":[{"floor":6,"key":"REST"},{"floor":13,"key":"RECALL"},{"data":"Conserve Battery","floor":15,"key":"SMITH"},{"data":"Dualcast","floor":24,"key":"SMITH"},{"data":"Double Energy","floor":32,"key":"SMITH"}],"neow_cost":"PERCENT_DAMAGE","seed_source_timestamp":10630778927309,"circlet_count":0,"master_deck":["Strike_B","Strike_B","Defend_B+1","Defend_B","Defend_B","Defend_B","Zap+1","Dualcast+1","Blind+1","Trip","Conserve Battery+1","Gash","Self Repair","Self Repair","Sweeping Beam+1","Loop","All For One","Hologram+1","White Noise+1","Double Energy+1","Ball Lightning+1","Chill","Recycle","Meteor Strike","Coolheaded+1","White Noise","Double Energy+1","Buffer","Rainbow+1","Double Energy+1","White Noise","Compile Driver+1","Conserve Battery+1","Ball Lightning+1"],"relics":["Cracked Core","Golden Idol","Smiling Mask","PreservedInsect","Runic Pyramid","Mango","Turnip","Regal Pillow","Astrolabe","Strange Spoon"],"potions_floor_usage":[16,22,27,30,40],"damage_taken":[{"damage":0,"enemies":"2 Louse","floor":1,"turns":3},{"damage":2,"enemies":"Jaw Worm","floor":2,"turns":3},{"damage":0,"enemies":"Cultist","floor":4,"turns":3},{"damage":35,"enemies":"3 Sentries","floor":7,"turns":8},{"damage":6,"enemies":"2 Fungi Beasts","floor":11,"turns":4},{"damage":10,"enemies":"Lots of Slimes","floor":12,"turns":4},{"damage":26,"enemies":"The Guardian","floor":16,"turns":12},{"damage":16,"enemies":"2 Thieves","floor":18,"turns":4},{"damage":1,"enemies":"Chosen","floor":20,"turns":4},{"damage":39,"enemies":"Snecko","floor":21,"turns":8},{"damage":28,"enemies":"Sentry and Sphere","floor":22,"turns":6},{"damage":18,"enemies":"Gremlin Leader","floor":23,"turns":5},{"damage":2,"enemies":"Cultist and Chosen","floor":25,"turns":7},{"damage":13,"enemies":"Slavers","floor":27,"turns":5},{"damage":14,"enemies":"Snecko","floor":29,"turns":4},{"damage":14,"enemies":"Gremlin Leader","floor":30,"turns":5},{"damage":23,"enemies":"Shelled Parasite and Fungi","floor":31,"turns":6},{"damage":47,"enemies":"Automaton","floor":33,"turns":9},{"damage":14,"enemies":"3 Shapes","floor":35,"turns":4},{"damage":4,"enemies":"Orb Walker","floor":36,"turns":4},{"damage":18,"enemies":"Maw","floor":38,"turns":8},{"damage":43,"enemies":"Spire Growth","floor":39,"turns":6},{"damage":59,"enemies":"Nemesis","floor":40,"turns":3}],"seed_played":"-1413544763377455522","potions_obtained":[{"floor":2,"key":"LiquidBronze"},{"floor":11,"key":"Weak Potion"},{"floor":12,"key":"SpeedPotion"},{"floor":18,"key":"Energy Potion"},{"floor":23,"key":"Swift Potion"},{"floor":27,"key":"FearPotion"},{"floor":31,"key":"Energy Potion"}],"is_trial":false,"path_per_floor":["M","M","?","M","?","R","E","?","T","?","M","M","R","$","R","B",null,"M","?","M","M","M","E","R","M","T","E","?","M","E","M","R","B",null,"M","M","$","M","M","E"],"character_chosen":"DEFECT","items_purchased":["Strange Spoon"],"campfire_rested":1,"item_purchase_floors":[37],"current_hp_per_floor":[54,52,34,34,19,41,13,31,31,31,39,43,43,43,43,31,75,73,73,75,50,36,46,46,58,58,59,59,52,52,50,50,10,89,89,89,89,85,56,0],"gold":806,"neow_bonus":"RANDOM_COLORLESS_2","is_prod":false,"is_daily":false,"chose_seed":false,"campfire_upgraded":3,"win_rate":0,"timestamp":1563222934,"path_taken":["M","M","?","M","?","R","E","?","T","?","M","?","R","$","R","BOSS","M","?","?","M","M","E","R","M","T","E","?","M","E","M","R","BOSS","M","M","$","M","M","E"],"build_version":"2019-07-05","purchased_purges":1,"victory":false,"max_hp_per_floor":[75,75,75,75,75,75,75,75,75,75,75,75,75,75,75,75,75,75,75,75,75,75,89,89,89,89,89,89,89,89,89,89,89,89,89,89,89,89,89,89],"card_choices":[{"not_picked":["Sunder","Steam Power"],"picked":"Conserve Battery","floor":1},{"not_picked":["Steam","Conserve Battery"],"picked":"Gash","floor":2},{"not_picked":["Streamline","Compile Driver"],"picked":"Self Repair","floor":4},{"not_picked":["Machine Learning","Leap"],"picked":"Self Repair","floor":7},{"not_picked":["Leap","Compile Driver"],"picked":"Sweeping Beam","floor":11},{"not_picked":["Streamline","Glacier"],"picked":"Loop","floor":12},{"not_picked":["Core Surge","Multi-Cast"],"picked":"All For One","floor":16},{"not_picked":["Stack","Coolheaded"],"picked":"Hologram+1","floor":18},{"not_picked":["Turbo","Compile Driver"],"picked":"White Noise+1","floor":20},{"not_picked":["Coolheaded","Hologram"],"picked":"Double Energy+1","floor":21},{"not_picked":["Cold Snap","Genetic Algorithm"],"picked":"Ball Lightning+1","floor":22},{"not_picked":["Sweeping Beam","Barrage+1"],"picked":"Chill","floor":23},{"not_picked":["Turbo","Leap+1"],"picked":"Recycle","floor":25},{"not_picked":["Rebound","Heatsinks"],"picked":"Meteor Strike","floor":27},{"not_picked":["Ball Lightning","Hologram"],"picked":"Coolheaded+1","floor":29},{"not_picked":["Scrape","Sweeping Beam+1"],"picked":"White Noise","floor":30},{"not_picked":["Sweeping Beam","Sunder"],"picked":"Double Energy","floor":31},{"not_picked":["Rainbow","Fission"],"picked":"Buffer","floor":33},{"not_picked":["Ball Lightning","Self Repair+1"],"picked":"White Noise","floor":35},{"not_picked":["Beam Cell+1","Steam"],"picked":"Compile Driver+1","floor":36},{"not_picked":["Darkness","Leap"],"picked":"Conserve Battery+1","floor":38},{"not_picked":["Stack+1","Sunder+1"],"picked":"Ball Lightning+1","floor":39}],"player_experience":125589,"relics_obtained":[{"floor":7,"key":"Smiling Mask"},{"floor":9,"key":"PreservedInsect"},{"floor":23,"key":"Mango"},{"floor":27,"key":"Turnip"},{"floor":30,"key":"Regal Pillow"}],"event_choices":[{"damage_healed":0,"gold_gain":0,"player_choice":"Take Damage","damage_taken":18,"relics_obtained":["Golden Idol"],"max_hp_gain":0,"max_hp_loss":0,"event_name":"Golden Idol","floor":3,"gold_loss":0},{"damage_healed":0,"gold_gain":0,"player_choice":"Entered Light","damage_taken":15,"max_hp_gain":0,"max_hp_loss":0,"event_name":"Shining Light","floor":5,"gold_loss":0,"cards_upgraded":["Blind","Defend_B"]},{"damage_healed":18,"gold_gain":0,"player_choice":"Healed","damage_taken":0,"max_hp_gain":0,"max_hp_loss":0,"event_name":"The Cleric","floor":8,"gold_loss":35},{"damage_healed":0,"gold_gain":0,"player_choice":"Upgraded","damage_taken":0,"max_hp_gain":0,"max_hp_loss":0,"event_name":"Upgrade Shrine","floor":10,"gold_loss":0,"cards_upgraded":["Zap"]},{"damage_healed":0,"gold_gain":0,"player_choice":"Upgraded","damage_taken":0,"max_hp_gain":0,"max_hp_loss":0,"event_name":"Upgrade Shrine","floor":19,"gold_loss":0,"cards_upgraded":["Sweeping Beam"]},{"damage_healed":0,"gold_gain":275,"player_choice":"Desecrate","damage_taken":0,"max_hp_gain":0,"max_hp_loss":0,"event_name":"Golden Shrine","floor":28,"gold_loss":0,"cards_obtained":["Regret"]}],"is_beta":false,"boss_relics":[{"not_picked":["Runic Dome","Lizard Tail"],"picked":"Runic Pyramid"},{"not_picked":["FrozenCore","White Beast Statue"],"picked":"Astrolabe"}],"items_purged_floors":[37],"is_endless":false,"potions_floor_spawned":[2,11,12,18,23,27,31,38],"killed_by":"Nemesis","ascension_level":2}