{"gold_per_floor":[216,16,16,29,3,28,28,47,47,47],"floor_reached":10,"playtime":514,"items_purged":["Strike_G"],"score":132,"play_id":"27e95d69-b686-4f83-87c5-80d7c41989bf","local_time":"20190424101947","is_ascension_mode":true,"campfire_choices":[{"floor":7,"key":"REST"}],"neow_cost":"NONE","seed_source_timestamp":1263912047025292,"circlet_count":0,"master_deck":["AscendersBane","Defend_G","Defend_G","Defend_G","Defend_G","Defend_G","Strike_G","Strike_G","Strike_G","Strike_G","Survivor","Neutralize","Outmaneuver","Footwork","Poisoned Stab","Writhe","Deadly Poison","Footwork","Deadly Poison","Cloak And Dagger"],"relics":["Ring of the Snake","Girya","Gambling Chip"],"potions_floor_usage":[6,10],"damage_taken":[{"damage":3,"enemies":"Cultist","floor":1,"turns":4},{"damage":3,"enemies":"Small Slimes","floor":4,"turns":4},{"damage":48,"enemies":"3 Sentries","floor":6,"turns":14},{"damage":0,"enemies":"Jaw Worm","floor":8,"turns":6},{"damage":25,"enemies":"Gremlin Gang","floor":10,"turns":2}],"seed_played":"-3123938257727997124","potions_obtained":[{"floor":1,"key":"Explosive Potion"},{"floor":4,"key":"Ancient Potion"}],"is_trial":false,"path_per_floor":["M","$","?","M","$","E","R","M","T","M"],"character_chosen":"THE_SILENT","items_purchased":["Footwork","Poisoned Stab","Deadly Poison"],"campfire_rested":1,"item_purchase_floors":[2,2,5],"current_hp_per_floor":[56,56,56,53,53,5,24,24,24,0],"gold":47,"neow_bonus":"HUNDRED_GOLD","is_prod":false,"is_daily":false,"chose_seed":false,"campfire_upgraded":0,"win_rate":0,"timestamp":1556115587,"path_taken":["M","$","?","?","$","E","R","M","T","M"],"build_version":"2019-01-23","purchased_purges":1,"victory":false,"max_hp_per_floor":[66,66,66,66,66,66,66,66,66,66],"card_choices":[{"not_picked":["Concentrate","Reflex"],"picked":"Outmaneuver","floor":1},{"not_picked":["Accuracy","Endless Agony"],"picked":"Footwork","floor":4},{"not_picked":["Reflex","Burst"],"picked":"Cloak And Dagger","floor":6},{"not_picked":["Expertise","Blade Dance","Outmaneuver"],"picked":"SKIP","floor":8}],"player_experience":3485395,"relics_obtained":[{"floor":6,"key":"Girya"},{"floor":9,"key":"Gambling Chip"}],"event_choices":[{"damage_healed":0,"gold_gain":0,"player_choice":"2 cards matched","damage_taken":0,"max_hp_gain":0,"max_hp_loss":0,"event_name":"Match and Keep!","floor":3,"gold_loss":0,"cards_obtained":["Writhe","Deadly Poison"]}],"is_beta":false,"boss_relics":[],"items_purged_floors":[2],"is_endless":false,"potions_floor_spawned":[1,4],"killed_by":"Gremlin Gang","ascension_level":20}