{"gold_per_floor":[114,114,114,33,49,8,36,36,36,65,30,64,64,64,64,143,143,158,71,81,93,111,111,30,45,127,137,137,137,157,157,157,157],"floor_reached":33,"playtime":1544,"items_purged":[],"score":576,"play_id":"e6200d0d-e4f9-4a21-8dce-0aca29f2f47a","local_time":"20190511161329","is_ascension_mode":true,"campfire_choices":[{"data":"Clothesline","floor":8,"key":"SMITH"},{"floor":13,"key":"REST"},{"data":"Pommel Strike","floor":15,"key":"SMITH"},{"floor":23,"key":"REST"},{"floor":28,"key":"REST"},{"floor":32,"key":"REST"}],"neow_cost":"NONE","seed_source_timestamp":2752905836606289,"circlet_count":0,"master_deck":["AscendersBane","Bash+1","Pommel Strike+1","Warcry+1","Flex+1","Sentinel+1","Bloodletting+1","Clothesline+1","Offering+1","Corruption","Pummel","Exhume+1","Offering+1","Wild Strike","Heavy Blade","Headbutt","Seeing Red+1","Flame Barrier+1","Iron Wave","Inflame","Disarm+1","Flame Barrier+1","Evolve","Feel No Pain"],"relics":["Burning Blood","NeowsBlessing","Toxic Egg 2","Whetstone","Blue Candle","Kunai","Unceasing Top","StoneCalendar","Pandora\u0027s Box","Mercury Hourglass"],"potions_floor_usage":[12,18,20,33,33],"damage_taken":[{"damage":0,"enemies":"Jaw Worm","floor":1,"turns":1},{"damage":0,"enemies":"Small Slimes","floor":5,"turns":1},{"damage":0,"enemies":"3 Sentries","floor":7,"turns":2},{"damage":40,"enemies":"Gremlin Nob","floor":10,"turns":5},{"damage":25,"enemies":"Lagavulin","floor":12,"turns":6},{"damage":47,"enemies":"The Guardian","floor":16,"turns":10},{"damage":21,"enemies":"Shell Parasite","floor":18,"turns":3},{"damage":6,"enemies":"3 Byrds","floor":20,"turns":3},{"damage":24,"enemies":"Snake Plant","floor":21,"turns":3},{"damage":27,"enemies":"3 Cultists","floor":22,"turns":5},{"damage":12,"enemies":"Sentry and Sphere","floor":25,"turns":3},{"damage":6,"enemies":"Centurion and Healer","floor":27,"turns":5},{"damage":28,"enemies":"Snake Plant","floor":30,"turns":4},{"damage":33,"enemies":"Champ","floor":33,"turns":9}],"seed_played":"-311465999986631688","potions_obtained":[{"floor":10,"key":"Strength Potion"},{"floor":16,"key":"Block Potion"},{"floor":18,"key":"PowerPotion"},{"floor":20,"key":"Fruit Juice"},{"floor":25,"key":"Strength Potion"}],"is_trial":false,"path_per_floor":["M","?","?","$","M","$","E","R","T","E","?","E","R","T","R","B",null,"M","$","M","M","M","R","$","M","T","M","R","?","M","?","R","B"],"character_chosen":"IRONCLAD","items_purchased":["Warcry+1","Flex+1","Bloodletting+1","Flame Barrier+1","Inflame"],"campfire_rested":4,"item_purchase_floors":[4,4,6,19,24],"current_hp_per_floor":[74,74,56,56,62,62,68,68,68,34,52,33,55,55,55,14,60,45,45,50,32,11,35,35,29,29,29,53,30,8,8,33,0],"gold":157,"neow_bonus":"THREE_ENEMY_KILL","is_prod":false,"is_daily":false,"chose_seed":false,"campfire_upgraded":2,"win_rate":0,"timestamp":1557605609,"path_taken":["M","?","?","$","M","$","E","R","T","E","?","E","R","?","R","BOSS","M","$","M","M","M","R","$","M","T","M","R","?","M","?","R","BOSS"],"build_version":"2019-01-23","purchased_purges":0,"victory":false,"max_hp_per_floor":[75,75,75,75,75,75,75,75,75,75,75,75,75,75,75,75,75,75,75,80,80,80,80,80,80,80,80,80,85,85,85,85,85],"card_choices":[{"not_picked":["Perfected Strike","Iron Wave"],"picked":"Pommel Strike","floor":1},{"not_picked":["Clash","Iron Wave"],"picked":"Sentinel+1","floor":5},{"not_picked":["Burning Pact+1","Body Slam"],"picked":"Clothesline","floor":7},{"not_picked":["Carnage","Heavy Blade","Pommel Strike"],"picked":"SKIP","floor":10},{"not_picked":["Carnage","Heavy Blade","Pommel Strike"],"picked":"SKIP","floor":10},{"not_picked":["Warcry+1","Clash","Twin Strike"],"picked":"SKIP","floor":12},{"not_picked":["Reaper","Fiend Fire"],"picked":"Offering+1","floor":16},{"not_picked":["Blood for Blood","Thunderclap"],"picked":"Seeing Red+1","floor":18},{"not_picked":["Cleave","Clash"],"picked":"Iron Wave","floor":20},{"not_picked":["Hemokinesis","Dropkick","Twin Strike"],"picked":"SKIP","floor":21},{"not_picked":["Havoc+1","Pommel Strike","Heavy Blade+1"],"picked":"SKIP","floor":22},{"not_picked":["Pommel Strike","Second Wind+1"],"picked":"Disarm+1","floor":25},{"not_picked":["Uppercut","Corruption","Sword Boomerang"],"picked":"SKIP","floor":27},{"not_picked":["Combust","Body Slam"],"picked":"Flame Barrier+1","floor":30}],"player_experience":3650586,"relics_obtained":[{"floor":7,"key":"Whetstone"},{"floor":9,"key":"Blue Candle"},{"floor":10,"key":"Kunai"},{"floor":12,"key":"Unceasing Top"},{"floor":14,"key":"StoneCalendar"},{"floor":26,"key":"Mercury Hourglass"}],"event_choices":[{"damage_healed":0,"gold_gain":0,"player_choice":"Grow","damage_taken":0,"max_hp_gain":0,"max_hp_loss":0,"event_name":"Living Wall","floor":2,"gold_loss":0,"cards_upgraded":["Bash"]},{"damage_healed":0,"gold_gain":0,"player_choice":"Success","damage_taken":18,"relics_obtained":["Toxic Egg 2"],"max_hp_gain":0,"max_hp_loss":0,"event_name":"Scrap Ooze","floor":3,"gold_loss":0},{"damage_healed":18,"gold_gain":0,"player_choice":"Healed","damage_taken":0,"max_hp_gain":0,"max_hp_loss":0,"event_name":"The Cleric","floor":11,"gold_loss":35},{"damage_healed":0,"gold_gain":0,"player_choice":"Shed Blood","damage_taken":28,"max_hp_gain":5,"max_hp_loss":0,"event_name":"Forgotten Altar","floor":29,"gold_loss":0},{"damage_healed":0,"gold_gain":0,"cards_transformed":["Reckless Charge","Body Slam"],"player_choice":"Became Test Subject","damage_taken":0,"max_hp_gain":0,"max_hp_loss":0,"event_name":"Drug Dealer","floor":31,"gold_loss":0,"cards_obtained":["Evolve","Feel No Pain"]}],"is_beta":false,"boss_relics":[{"not_picked":["Empty Cage","Sozu"],"picked":"Pandora\u0027s Box"}],"items_purged_floors":[],"is_endless":false,"potions_floor_spawned":[10,16,18,20,25,27],"killed_by":"Champ","ascension_level":20}