{"gold_per_floor":[117,133,144,144,159,159,184,197,245,32,42,42,70,84,84,187,187,202,202,221,235,335,335,348,348,374,402,421,437,453,471,471,566,566,582,602,278,293,4,4,14,26,26,26,41,41,41,41,41,41],"floor_reached":51,"playtime":2948,"items_purged":["Strike_B"],"score":712,"play_id":"509241a8-b91a-4fec-ab7d-9d85b28b5da3","local_time":"20190524164506","is_ascension_mode":false,"campfire_choices":[{"data":"Zap","floor":6,"key":"SMITH"},{"data":"Sunder","floor":12,"key":"SMITH"},{"data":"Conserve Battery","floor":15,"key":"SMITH"},{"floor":23,"key":"REST"},{"floor":25,"key":"REST"},{"floor":32,"key":"REST"},{"floor":40,"key":"REST"},{"floor":44,"key":"REST"},{"floor":46,"key":"RECALL"},{"floor":49,"key":"REST"}],"neow_cost":"NONE","seed_source_timestamp":857886020498989,"circlet_count":0,"master_deck":["Strike_B","Strike_B","Defend_B","Defend_B","Defend_B","Defend_B","Zap+1","Dualcast","Leap","Capacitor","Sunder+1","Gash","Steam Power","Turbo","Gash","Cold Snap","Static Discharge","Genetic Algorithm","Gash","Conserve Battery+1","All For One","Beam Cell","BootSequence","Loop","Sweeping Beam+1","Steam","Coolheaded","Go for the Eyes+1","Darkness+1","Cold Snap+1","Creative AI","Stack","Undo+1","Meteor Strike","Echo Form","Consume+1","Hologram+1"],"relics":["Cracked Core","Strawberry","Orichalcum","Ornamental Fan","Fusion Hammer","Vajra","Ancient Tea Set","Thread and Needle","Snecko Eye","Toxic Egg 2","Pear"],"potions_floor_usage":[5,7,14,27,33,33,50,50],"damage_taken":[{"damage":1,"enemies":"Cultist","floor":1,"turns":3},{"damage":0,"enemies":"Small Slimes","floor":2,"turns":2},{"damage":2,"enemies":"2 Louse","floor":3,"turns":2},{"damage":13,"enemies":"Gremlin Gang","floor":5,"turns":3},{"damage":24,"enemies":"Gremlin Nob","floor":7,"turns":4},{"damage":1,"enemies":"Lots of Slimes","floor":8,"turns":4},{"damage":0,"enemies":"Looter","floor":11,"turns":2},{"damage":7,"enemies":"Lagavulin","floor":13,"turns":6},{"damage":7,"enemies":"Gremlin Gang","floor":14,"turns":3},{"damage":29,"enemies":"The Guardian","floor":16,"turns":10},{"damage":0,"enemies":"Shell Parasite","floor":18,"turns":4},{"damage":13,"enemies":"3 Byrds","floor":20,"turns":4},{"damage":3,"enemies":"Centurion and Healer","floor":21,"turns":6},{"damage":10,"enemies":"Snake Plant","floor":24,"turns":3},{"damage":7,"enemies":"Book of Stabbing","floor":27,"turns":4},{"damage":2,"enemies":"Sentry and Sphere","floor":28,"turns":5},{"damage":0,"enemies":"Chosen and Byrds","floor":29,"turns":6},{"damage":0,"enemies":"Shelled Parasite and Fungi","floor":30,"turns":6},{"damage":0,"enemies":"Snake Plant","floor":31,"turns":4},{"damage":40,"enemies":"Champ","floor":33,"turns":11},{"damage":23,"enemies":"3 Darklings","floor":35,"turns":6},{"damage":0,"enemies":"Orb Walker","floor":36,"turns":3},{"damage":5,"enemies":"Transient","floor":38,"turns":5},{"damage":1,"enemies":"Spire Growth","floor":41,"turns":4},{"damage":8,"enemies":"4 Shapes","floor":42,"turns":7},{"damage":0,"enemies":"Sphere and 2 Shapes","floor":45,"turns":4},{"damage":7,"enemies":"Time Eater","floor":50,"turns":11}],"seed_played":"-7846456774303806158","potions_obtained":[{"floor":2,"key":"Swift Potion"},{"floor":3,"key":"FearPotion"},{"floor":11,"key":"Swift Potion"},{"floor":16,"key":"AttackPotion"},{"floor":21,"key":"Swift Potion"},{"floor":27,"key":"SkillPotion"},{"floor":30,"key":"Dexterity Potion"},{"floor":31,"key":"AttackPotion"},{"floor":35,"key":"Explosive Potion"},{"floor":38,"key":"Ancient Potion"},{"floor":42,"key":"Weak Potion"}],"is_trial":false,"path_per_floor":["M","M","M","?","M","R","E","M","T","$","M","R","E","M","R","B",null,"M","?","M","M","?","R","M","R","T","E","M","M","M","M","R","B",null,"M","M","$","M","$","R","M","M","T","R","M","R","$","?","R","B",null],"character_chosen":"DEFECT","items_purchased":["Gash","Cold Snap","Static Discharge","Toxic Egg 2","Undo+1","Echo Form","Consume+1","Hologram+1"],"campfire_rested":6,"item_purchase_floors":[10,10,10,37,37,39,39,39],"current_hp_per_floor":[81,81,79,79,66,66,49,48,48,48,48,48,41,34,34,5,89,89,89,76,73,73,89,79,89,89,82,80,80,80,80,89,49,89,66,66,66,61,61,87,86,78,88,99,99,99,99,99,99,92],"gold":41,"neow_bonus":"TEN_PERCENT_HP_BONUS","is_prod":false,"is_daily":false,"chose_seed":false,"campfire_upgraded":3,"win_rate":0,"timestamp":1558730706,"path_taken":["M","?","M","?","M","R","E","?","T","$","M","R","E","M","R","BOSS","M","?","?","?","?","R","?","R","T","E","M","M","M","M","R","BOSS","M","M","$","M","$","R","M","M","T","R","M","R","$","?","R","BOSS"],"build_version":"2019-01-23","purchased_purges":1,"victory":true,"max_hp_per_floor":[82,82,82,82,82,82,89,89,89,89,89,89,89,89,89,89,89,89,89,89,89,89,89,89,89,89,89,89,89,89,89,89,89,89,89,89,89,89,89,89,89,89,99,99,99,99,99,99,99,99],"card_choices":[{"not_picked":["Coolheaded","Steam Power"],"picked":"Leap","floor":1},{"not_picked":["Conserve Battery","Ball Lightning"],"picked":"Capacitor","floor":2},{"not_picked":["Darkness","Cold Snap"],"picked":"Sunder","floor":3},{"not_picked":["Steam","Leap"],"picked":"Gash","floor":5},{"not_picked":["Tempest","Fission"],"picked":"Steam Power","floor":7},{"not_picked":["Leap","Sweeping Beam"],"picked":"Turbo","floor":8},{"not_picked":["Tempest","Aggregate"],"picked":"Genetic Algorithm","floor":11},{"not_picked":["Recycle","Double Energy"],"picked":"Gash","floor":13},{"not_picked":["Cold Snap","Barrage"],"picked":"Conserve Battery","floor":14},{"not_picked":["Fission","Thunder Strike"],"picked":"All For One","floor":16},{"not_picked":["Fusion","Hello World"],"picked":"Beam Cell","floor":18},{"not_picked":["Leap","Loop"],"picked":"BootSequence","floor":20},{"not_picked":["Cold Snap","Tempest"],"picked":"Loop","floor":21},{"not_picked":["Steam Power+1","Barrage"],"picked":"Sweeping Beam+1","floor":24},{"not_picked":["Compile Driver","Streamline"],"picked":"Steam","floor":27},{"not_picked":["Beam Cell","Loop"],"picked":"Coolheaded","floor":28},{"not_picked":["Tempest+1","Cold Snap"],"picked":"Go for the Eyes+1","floor":29},{"not_picked":["Amplify","Stack+1"],"picked":"Darkness+1","floor":30},{"not_picked":["Streamline","Barrage+1"],"picked":"Cold Snap+1","floor":31},{"not_picked":["Fission","Seek"],"picked":"Creative AI","floor":33},{"not_picked":["Cold Snap","Storm+1","Sunder+1"],"picked":"SKIP","floor":35},{"not_picked":["Streamline","Sweeping Beam"],"picked":"Stack","floor":36},{"not_picked":["Cold Snap+1","Lockon+1"],"picked":"Meteor Strike","floor":38},{"not_picked":["Skim+1","Coolheaded+1"],"picked":"Conserve Battery+1","floor":41},{"not_picked":["Heatsinks","Turbo+1","Redo+1"],"picked":"SKIP","floor":42},{"not_picked":["Compile Driver","Hello World","Steam+1"],"picked":"SKIP","floor":45}],"player_experience":3710068,"relics_obtained":[{"floor":7,"key":"Strawberry"},{"floor":9,"key":"Orichalcum"},{"floor":13,"key":"Ornamental Fan"},{"floor":26,"key":"Ancient Tea Set"},{"floor":27,"key":"Thread and Needle"},{"floor":43,"key":"Pear"}],"event_choices":[{"cards_removed":["Strike_B"],"damage_healed":0,"gold_gain":0,"player_choice":"Offered Basic","damage_taken":0,"max_hp_gain":0,"max_hp_loss":0,"event_name":"Bonfire Elementals","floor":4,"gold_loss":0},{"damage_healed":0,"gold_gain":0,"player_choice":"Gave Potion","damage_taken":0,"relics_obtained":["Vajra"],"max_hp_gain":0,"max_hp_loss":0,"event_name":"WeMeetAgain","floor":19,"gold_loss":0},{"damage_healed":0,"gold_gain":100,"player_choice":"Pray","damage_taken":0,"max_hp_gain":0,"max_hp_loss":0,"event_name":"Golden Shrine","floor":22,"gold_loss":0},{"cards_removed":["Conserve Battery"],"damage_healed":0,"gold_gain":0,"player_choice":"Removed Skill","damage_taken":0,"max_hp_gain":0,"max_hp_loss":0,"event_name":"Falling","floor":48,"gold_loss":0}],"is_beta":false,"boss_relics":[{"not_picked":["Busted Crown","Ectoplasm"],"picked":"Fusion Hammer"},{"not_picked":["Orrery","Runic Dome"],"picked":"Snecko Eye"}],"items_purged_floors":[10],"is_endless":false,"potions_floor_spawned":[2,3,11,16,21,27,30,31,35,38,42,45],"ascension_level":0}