{"gold_per_floor":[124,147,159,189,4,4,38,38,38,56,56,11,25,60,60,156,156,168,168,168,137,154,154,210,210,210,220,220,27,39,54,54,153,153,171,171,171,189,202,202,216,216,270,270,280,280,292,311,311,311],"floor_reached":51,"playtime":3946,"items_purged":["Strike_G"],"score":656,"play_id":"5e6c502e-77cc-4d62-9166-3d7755d0c3d1","local_time":"20190711134531","is_ascension_mode":false,"campfire_choices":[{"data":"Noxious Fumes","floor":6,"key":"SMITH"},{"data":"Flechettes","floor":8,"key":"SMITH"},{"data":"Neutralize","floor":15,"key":"SMITH"},{"data":"Setup","floor":25,"key":"SMITH"},{"floor":28,"key":"REST"},{"floor":32,"key":"REST"},{"floor":40,"key":"REST"},{"floor":44,"key":"REST"},{"data":"Terror","floor":46,"key":"SMITH"},{"floor":49,"key":"REST"}],"neow_cost":"NONE","seed_source_timestamp":44699554661472,"circlet_count":0,"master_deck":["Strike_G","Defend_G","Defend_G","Defend_G","Defend_G","Defend_G","Survivor","Neutralize+1","Backstab","Flechettes+1","Leg Sweep","Noxious Fumes+1","PiercingWail","PiercingWail","Backflip","Well Laid Plans+1","Grand Finale","Acrobatics","Setup+1","Escape Plan","Footwork+1","Night Terror","Calculated Gamble","Phantasmal Killer","Well Laid Plans+1","Cloak And Dagger+1","Phantasmal Killer+1","Finesse","Panache+1","Footwork+1","Tactician+1","Terror+1","Prepared","Backflip"],"relics":["Ring of the Snake","MawBank","Frozen Egg 2","Omamori","Lantern","Sozu","Tiny Chest","Sundial","Astrolabe","PreservedInsect","Regal Pillow"],"potions_floor_usage":[16,47,47],"damage_taken":[{"damage":0,"enemies":"2 Louse","floor":1,"turns":3},{"damage":0,"enemies":"Cultist","floor":2,"turns":4},{"damage":0,"enemies":"Small Slimes","floor":4,"turns":2},{"damage":9,"enemies":"3 Sentries","floor":7,"turns":7},{"damage":0,"enemies":"2 Fungi Beasts","floor":10,"turns":4},{"damage":3,"enemies":"Exordium Thugs","floor":13,"turns":4},{"damage":7,"enemies":"Gremlin Nob","floor":14,"turns":4},{"damage":1,"enemies":"Hexaghost","floor":16,"turns":10},{"damage":4,"enemies":"Shell Parasite","floor":18,"turns":6},{"damage":11,"enemies":"2 Thieves","floor":21,"turns":5},{"damage":3,"enemies":"Snake Plant","floor":22,"turns":4},{"damage":14,"enemies":"Gremlin Leader","floor":24,"turns":6},{"damage":13,"enemies":"Snecko","floor":27,"turns":6},{"damage":13,"enemies":"Centurion and Healer","floor":30,"turns":7},{"damage":22,"enemies":"3 Cultists","floor":31,"turns":4},{"damage":3,"enemies":"Collector","floor":33,"turns":9},{"damage":13,"enemies":"Orb Walker","floor":35,"turns":6},{"damage":5,"enemies":"3 Darklings","floor":38,"turns":7},{"damage":35,"enemies":"Sphere and 2 Shapes","floor":39,"turns":8},{"damage":0,"enemies":"4 Shapes","floor":41,"turns":4},{"damage":24,"enemies":"Jaw Worm Horde","floor":45,"turns":5},{"damage":18,"enemies":"Transient","floor":47,"turns":5},{"damage":28,"enemies":"Sphere and 2 Shapes","floor":48,"turns":7},{"damage":10,"enemies":"Donu and Deca","floor":50,"turns":10}],"seed_played":"6119516539926575051","potions_obtained":[{"floor":1,"key":"Dexterity Potion"},{"floor":3,"key":"Fire Potion"},{"floor":3,"key":"Weak Potion"},{"floor":4,"key":"Fire Potion"}],"is_trial":false,"path_per_floor":["M","M","?","M","$","R","E","R","T","M","$","$","M","E","R","B",null,"M","?","?","M","M","?","E","R","T","M","R","$","M","M","R","B",null,"M","?","?","M","M","R","M","T","T","R","M","R","M","M","R","B",null],"character_chosen":"THE_SILENT","items_purchased":["Noxious Fumes","PiercingWail","Backflip","Footwork+1","Night Terror"],"campfire_rested":5,"item_purchase_floors":[5,5,12,29,29],"current_hp_per_floor":[70,70,70,70,70,70,61,61,61,61,61,61,58,51,51,50,70,66,53,75,64,61,61,47,47,47,34,56,56,43,21,43,40,75,62,52,52,47,12,34,34,34,34,71,47,47,29,1,38,28],"gold":311,"neow_bonus":"RANDOM_COMMON_RELIC","is_prod":false,"is_daily":false,"chose_seed":false,"campfire_upgraded":5,"win_rate":0,"timestamp":1562867131,"path_taken":["M","M","?","M","$","R","E","R","T","?","?","$","M","E","R","BOSS","M","?","?","M","M","?","E","R","T","M","R","$","?","M","R","BOSS","M","?","?","M","M","R","M","?","T","R","M","R","?","M","R","BOSS"],"build_version":"2019-07-05","purchased_purges":1,"victory":true,"max_hp_per_floor":[70,70,70,70,70,70,70,70,70,70,70,70,70,70,70,70,70,70,75,75,75,75,75,75,75,75,75,75,75,75,75,75,75,75,75,75,75,75,75,75,75,75,75,75,75,75,75,75,75,75],"card_choices":[{"not_picked":["Prepared","Heel Hook"],"picked":"Backstab","floor":1},{"not_picked":["Calculated Gamble","Choke"],"picked":"Flechettes","floor":2},{"not_picked":["Infinite Blades","Poisoned Stab"],"picked":"Leg Sweep","floor":4},{"not_picked":["Accuracy","Underhanded Strike","Distraction"],"picked":"SKIP","floor":7},{"not_picked":["Cloak And Dagger","Endless Agony"],"picked":"PiercingWail","floor":10},{"not_picked":["Noxious Fumes+1","Slice"],"picked":"Well Laid Plans+1","floor":13},{"not_picked":["Distraction","Tactician","Deflect"],"picked":"SKIP","floor":14},{"not_picked":["Unload","Night Terror"],"picked":"Grand Finale","floor":16},{"not_picked":["Finisher","Choke"],"picked":"Acrobatics","floor":18},{"not_picked":["Distraction","Reflex","Eviscerate"],"picked":"SKIP","floor":21},{"not_picked":["Deadly Poison","Acrobatics"],"picked":"Setup","floor":22},{"not_picked":["Concentrate","Eviscerate","Dagger Spray"],"picked":"SKIP","floor":24},{"not_picked":["Deflect+1","Dodge and Roll"],"picked":"Escape Plan","floor":27},{"not_picked":["Flying Knee+1","Accuracy+1","Underhanded Strike"],"picked":"SKIP","floor":30},{"not_picked":["Infinite Blades+1","Reflex"],"picked":"Calculated Gamble","floor":31},{"not_picked":["Venomology","Night Terror"],"picked":"Phantasmal Killer","floor":33},{"not_picked":["Outmaneuver","Underhanded Strike+1","Blade Dance+1"],"picked":"SKIP","floor":35},{"not_picked":["Impatience","Dramatic Entrance"],"picked":"Finesse","floor":36},{"not_picked":["Swift Strike","Metamorphosis"],"picked":"Panache+1","floor":36},{"not_picked":["Expertise","Blade Dance+1","Dagger Spray"],"picked":"SKIP","floor":38},{"not_picked":["Flying Knee+1","Deadly Poison"],"picked":"Footwork+1","floor":39},{"not_picked":["Deadly Poison+1","Acrobatics"],"picked":"Tactician+1","floor":41},{"not_picked":["Blade Dance","Underhanded Strike+1"],"picked":"Terror","floor":45},{"not_picked":["Crippling Poison","Bane+1"],"picked":"Prepared","floor":47},{"not_picked":["Deadly Poison+1","Dagger Throw+1"],"picked":"Backflip","floor":48}],"player_experience":3932339,"relics_obtained":[{"floor":7,"key":"Frozen Egg 2"},{"floor":9,"key":"Omamori"},{"floor":14,"key":"Lantern"},{"floor":24,"key":"Tiny Chest"},{"floor":26,"key":"Sundial"},{"floor":42,"key":"PreservedInsect"},{"floor":43,"key":"Regal Pillow"}],"event_choices":[{"damage_healed":0,"gold_gain":0,"player_choice":"Got Potions","damage_taken":0,"max_hp_gain":0,"max_hp_loss":0,"event_name":"Lab","floor":3,"gold_loss":0},{"damage_healed":0,"gold_gain":0,"player_choice":"Shed Blood","damage_taken":18,"max_hp_gain":5,"max_hp_loss":0,"event_name":"Forgotten Altar","floor":19,"gold_loss":0},{"damage_healed":25,"gold_gain":0,"player_choice":"Heal","damage_taken":0,"max_hp_gain":0,"max_hp_loss":0,"event_name":"The Library","floor":20,"gold_loss":0},{"damage_healed":0,"gold_gain":0,"player_choice":"Ignored","damage_taken":0,"max_hp_gain":0,"max_hp_loss":0,"event_name":"Ghosts","floor":23,"gold_loss":0},{"damage_healed":0,"gold_gain":0,"player_choice":"Memory 3","damage_taken":10,"max_hp_gain":0,"max_hp_loss":0,"event_name":"SensoryStone","floor":36,"gold_loss":0},{"damage_healed":0,"gold_gain":0,"player_choice":"Ignored","damage_taken":0,"max_hp_gain":0,"max_hp_loss":0,"event_name":"Mysterious Sphere","floor":37,"gold_loss":0}],"is_beta":false,"boss_relics":[{"not_picked":["White Beast Statue","Runic Pyramid"],"picked":"Sozu"},{"not_picked":["Black Star","Snecko Eye"],"picked":"Astrolabe"}],"items_purged_floors":[5],"is_endless":false,"potions_floor_spawned":[1,4,18,21,27,35,47,48],"ascension_level":0}