{"gold_per_floor":[110,110,126,126,147,185,210,210,210,225,269,287,318,343,343,466,466,482,500,775,788,335,335,371,371,371,371,414,513,527,527],"floor_reached":31,"playtime":3731,"items_purged":["Regret"],"score":429,"play_id":"48a0c10b-e51a-45bd-ab7d-579acc6cd295","local_time":"20190717234003","is_ascension_mode":true,"campfire_choices":[{"data":"Flex","floor":8.0,"key":"SMITH"},{"floor":15.0,"key":"REST"},{"data":"Corruption","floor":23.0,"key":"SMITH"}],"neow_cost":"NONE","seed_source_timestamp":0,"circlet_count":0,"master_deck":["Defend_R","Defend_R","Defend_R","Defend_R","Bash","Flex+1","Pommel Strike","Headbutt","Carnage+1","Flame Barrier","Anger+1","Iron Wave+1","Cleave+1","Feel No Pain","Corruption+1","Demon Form","Bludgeon+1","Exhume+1","Ghostly Armor+1","True Grit+1","Dual Wield","Spot Weakness","Bite+1","Bite+1","Bite+1","Bite+1","Bite+1"],"special_seed":0,"relics":["Burning Blood","Golden Idol","Molten Egg 2","Paper Frog","Sundial","Letter Opener","Astrolabe","Bronze Scales","Toolbox","Prayer Wheel","Kunai","Singing Bowl"],"potions_floor_usage":[31],"damage_taken":[{"damage":15.0,"enemies":"Jaw Worm","floor":1.0,"turns":5.0},{"damage":9.0,"enemies":"2 Louse","floor":3.0,"turns":4.0},{"damage":2.0,"enemies":"Small Slimes","floor":5.0,"turns":4.0},{"damage":16.0,"enemies":"Gremlin Nob","floor":6.0,"turns":3.0},{"damage":0.0,"enemies":"Gremlin Gang","floor":7.0,"turns":3.0},{"damage":24.0,"enemies":"Large Slime","floor":10.0,"turns":5.0},{"damage":20.0,"enemies":"3 Sentries","floor":11.0,"turns":7.0},{"damage":2.0,"enemies":"2 Fungi Beasts","floor":12.0,"turns":3.0},{"damage":18.0,"enemies":"Lagavulin","floor":13.0,"turns":7.0},{"damage":10.0,"enemies":"Exordium Thugs","floor":14.0,"turns":4.0},{"damage":7.0,"enemies":"Slime Boss","floor":16.0,"turns":5.0},{"damage":7.0,"enemies":"Shell Parasite","floor":18.0,"turns":4.0},{"damage":0.0,"enemies":"Spheric Guardian","floor":19.0,"turns":3.0},{"damage":20.0,"enemies":"3 Cultists","floor":21.0,"turns":5.0},{"damage":49.0,"enemies":"Book of Stabbing","floor":24.0,"turns":4.0},{"damage":0.0,"enemies":"Snecko","floor":27.0,"turns":3.0},{"damage":34.0,"enemies":"Gremlin Leader","floor":28.0,"turns":7.0},{"damage":35.0,"enemies":"Cultist and Chosen","floor":30.0,"turns":6.0},{"damage":36,"enemies":"Shelled Parasite and Fungi","floor":31,"turns":6}],"seed_played":"-7540199394858463106","potions_obtained":[{"floor":3.0,"key":"Ancient Potion"},{"floor":6.0,"key":"Explosive Potion"},{"floor":10.0,"key":"Regen Potion"},{"floor":12.0,"key":"SmokeBomb"},{"floor":14.0,"key":"SteroidPotion"},{"floor":18.0,"key":"Explosive Potion"},{"floor":21.0,"key":"Fire Potion"},{"floor":30.0,"key":"GamblersBrew"}],"is_trial":false,"path_per_floor":["M","?","M","?","M","E","M","R","T","M","E","M","E","M","R","B",null,"M","M","?","M","$","R","E","?","T","M","E","?","M","M"],"character_chosen":"IRONCLAD","items_purchased":["Bronze Scales","Spot Weakness","Toolbox"],"campfire_rested":1,"item_purchase_floors":[22,22,22],"current_hp_per_floor":[71,71,68,52,56,46,52,52,52,34,35,39,27,23,47,46,72,71,77,77,63,63,63,20,20,20,32,21,21,11,0],"gold":527,"neow_bonus":"TEN_PERCENT_HP_BONUS","is_prod":false,"is_daily":false,"chose_seed":false,"campfire_upgraded":2,"win_rate":0,"timestamp":1563432003,"path_taken":["M","?","M","?","M","E","M","R","T","M","E","M","E","M","R","BOSS","M","M","?","?","$","R","E","?","T","M","E","?","M","M"],"build_version":"2019-07-17","purchased_purges":1,"victory":false,"max_hp_per_floor":[88,81,81,81,81,81,81,81,81,81,81,81,81,81,81,81,81,81,81,81,81,81,81,81,56,56,56,58,58,62,62],"card_choices":[{"not_picked":["True Grit","Armaments"],"picked":"Flex","floor":1.0},{"not_picked":["Sword Boomerang","Warcry"],"picked":"Pommel Strike","floor":3.0},{"not_picked":["Disarm","Pommel Strike"],"picked":"Headbutt","floor":5.0},{"not_picked":["Headbutt","Sword Boomerang"],"picked":"Carnage","floor":6.0},{"not_picked":["Juggernaut","Power Through"],"picked":"Flame Barrier","floor":7.0},{"not_picked":["Bloodletting","Hemokinesis+1"],"picked":"Anger+1","floor":10.0},{"not_picked":["Clash+1","Sword Boomerang+1"],"picked":"Iron Wave+1","floor":11.0},{"not_picked":["Dropkick+1","Headbutt+1"],"picked":"Cleave+1","floor":12.0},{"not_picked":["Infernal Blade","Shrug It Off"],"picked":"Feel No Pain","floor":13.0},{"not_picked":["Clothesline+1","Anger+1"],"picked":"Corruption","floor":14.0},{"not_picked":["Berserk","Feed+1"],"picked":"Demon Form","floor":16.0},{"not_picked":["Havoc","Iron Wave+1"],"picked":"True Grit+1","floor":18.0},{"not_picked":["True Grit","Clash+1","Reckless Charge+1"],"picked":"SKIP","floor":19.0},{"not_picked":["Clothesline+1","Clash+1"],"picked":"Dual Wield","floor":21.0},{"not_picked":["Perfected Strike+1","Searing Blow+1","Seeing Red"],"picked":"SKIP","floor":24.0},{"not_picked":["Clothesline+1","True Grit","Iron Wave+1"],"picked":"Singing Bowl","floor":28.0},{"not_picked":["Sentinel","Warcry","Shrug It Off"],"picked":"Singing Bowl","floor":30.0},{"not_picked":["Anger+1","Fiend Fire+1","Sword Boomerang+1"],"picked":"Singing Bowl","floor":30.0}],"player_experience":317034,"relics_obtained":[{"floor":6.0,"key":"Molten Egg 2"},{"floor":9.0,"key":"Paper Frog"},{"floor":11.0,"key":"Sundial"},{"floor":13.0,"key":"Letter Opener"},{"floor":24.0,"key":"Prayer Wheel"},{"floor":26.0,"key":"Kunai"},{"floor":28.0,"key":"Singing Bowl"}],"event_choices":[{"damage_healed":0.0,"max_hp_gain":0.0,"max_hp_loss":7.0,"gold_gain":0.0,"event_name":"Golden Idol","player_choice":"Lose Max HP","floor":2.0,"gold_loss":0.0,"damage_taken":0.0,"relics_obtained":["Golden Idol"]},{"damage_healed":0.0,"max_hp_gain":0.0,"max_hp_loss":0.0,"gold_gain":0.0,"event_name":"Shining Light","player_choice":"Entered Light","floor":4.0,"gold_loss":0.0,"damage_taken":16.0,"cards_upgraded":["Strike_R","Strike_R"]},{"damage_healed":0.0,"max_hp_gain":0.0,"max_hp_loss":0.0,"gold_gain":275.0,"event_name":"Golden Shrine","player_choice":"Desecrate","floor":20.0,"gold_loss":0.0,"damage_taken":0.0,"cards_obtained":["Regret"]},{"damage_healed":0.0,"max_hp_gain":0.0,"max_hp_loss":25.0,"gold_gain":0.0,"event_name":"Vampires","player_choice":"Became a vampire","floor":25.0,"gold_loss":0.0,"damage_taken":0.0,"cards_obtained":["Bite","Bite","Bite","Bite","Bite"]},{"damage_healed":0.0,"max_hp_gain":0.0,"max_hp_loss":0.0,"gold_gain":99.0,"event_name":"Nest","player_choice":"Stole From Cult","floor":29.0,"gold_loss":0.0,"damage_taken":0.0}],"is_beta":false,"boss_relics":[{"not_picked":["Lizard Tail","Black Blood"],"picked":"Astrolabe"}],"items_purged_floors":[22],"is_endless":false,"potions_floor_spawned":[3,6,10,12,14,18,21,30],"killed_by":"Shelled Parasite and Fungi","ascension_level":7}