{"gold_per_floor":[110,35,49,49,49,49,76,76,103,117,134,205,205,27,27,104,104,115,115,37,37,49,49,61,61,61,76,76,1,1,1,1,75,75,85,5,105,105],"floor_reached":38,"playtime":2489,"items_purged":[],"score":718,"play_id":"1e1a6b2f-2160-4888-8d6a-96d35d36d1be","local_time":"20181113163613","is_ascension_mode":true,"campfire_choices":[{"data":"Dagger Spray","floor":6,"key":"SMITH"},{"floor":8,"key":"REST"},{"floor":15,"key":"REST"},{"data":"Noxious Fumes","floor":23,"key":"SMITH"},{"floor":25,"key":"REST"},{"data":"Bullet Time","floor":28,"key":"SMITH"},{"data":"Crippling Poison","floor":30,"key":"SMITH"},{"data":"Burst","floor":32,"key":"SMITH"}],"neow_cost":"NONE","seed_source_timestamp":770643263442594,"circlet_count":0,"master_deck":["AscendersBane","Defend_G","Defend_G","Defend_G","Survivor","Neutralize","Dagger Spray+1","Blur","Burst+1","Blur","Dash","Quick Slash","Glass Knife+1","Bullet Time+1","Crippling Poison+1","Deadly Poison","Dodge and Roll","Quick Slash+1","PiercingWail","Outmaneuver","Noxious Fumes+1","Ghostly","Ghostly","Ghostly","Well Laid Plans+1","Unload+1","Bullet Time+1","Dash","Crippling Poison"],"relics":["Ring of the Snake","Bronze Scales","FossilizedHelix","Pocketwatch","Centennial Puzzle","Orrery","Whetstone","Astrolabe","Tough Bandages"],"potions_floor_usage":[16,24,33,33],"damage_taken":[{"damage":4,"enemies":"Small Slimes","floor":1,"turns":4},{"damage":0,"enemies":"2 Louse","floor":3,"turns":3},{"damage":41,"enemies":"Gremlin Nob","floor":7,"turns":5},{"damage":0,"enemies":"Cultist","floor":10,"turns":4},{"damage":2,"enemies":"2 Fungi Beasts","floor":11,"turns":4},{"damage":12,"enemies":"The Guardian","floor":16,"turns":14},{"damage":34,"enemies":"Chosen","floor":18,"turns":6},{"damage":8,"enemies":"Spheric Guardian","floor":22,"turns":4},{"damage":10,"enemies":"Snecko","floor":24,"turns":6},{"damage":17,"enemies":"Cultist and Chosen","floor":27,"turns":5},{"damage":21,"enemies":"Automaton","floor":33,"turns":12},{"damage":1,"enemies":"3 Shapes","floor":35,"turns":4},{"damage":1,"enemies":"Mind Bloom Boss Battle","floor":37,"turns":7},{"damage":27,"enemies":"2 Orb Walkers","floor":38,"turns":5}],"seed_played":"-7327116241913781378","potions_obtained":[{"floor":3,"key":"Regen Potion"},{"floor":11,"key":"Fire Potion"},{"floor":16,"key":"SteroidPotion"},{"floor":22,"key":"Weak Potion"},{"floor":24,"key":"AttackPotion"}],"is_trial":false,"path_per_floor":["M","?","M","?","?","R","E","R","T","M","M","?","?","$","R","B",null,"M","?","$","?","M","R","M","R","T","M","R","?","R","?","R","B",null,"M","$","?","?"],"character_chosen":"THE_SILENT","items_purchased":["Glass Knife","Noxious Fumes","Dash"],"campfire_rested":3,"item_purchase_floors":[14,20,36],"current_hp_per_floor":[55,55,55,60,60,60,19,40,40,40,38,38,38,38,59,47,65,31,31,31,45,37,37,27,48,48,31,31,31,31,31,31,10,29,28,28,27,0],"gold":105,"neow_bonus":"RANDOM_COMMON_RELIC","is_prod":false,"is_daily":false,"chose_seed":false,"campfire_upgraded":5,"win_rate":0,"timestamp":1542144973,"path_taken":["M","?","M","?","?","R","E","R","T","M","?","?","?","$","R","BOSS","M","?","$","?","M","R","M","R","T","M","R","?","R","?","R","BOSS","M","$","?","?"],"build_version":"2018-11-08","purchased_purges":0,"victory":false,"max_hp_per_floor":[66,66,66,71,71,71,71,71,71,71,71,71,71,71,71,71,71,71,71,71,71,71,71,71,71,71,71,71,71,71,35,35,35,35,35,35,35,35],"card_choices":[{"not_picked":["Deflect","Accuracy"],"picked":"Dagger Spray","floor":1},{"not_picked":["Dodge and Roll","Flying Knee"],"picked":"Blur","floor":3},{"not_picked":["Reflex","Outmaneuver"],"picked":"Burst","floor":7},{"not_picked":["Cloak And Dagger","Slice"],"picked":"Blur","floor":10},{"not_picked":["Heel Hook","Sucker Punch"],"picked":"Dash","floor":11},{"not_picked":["A Thousand Cuts","Doppelganger"],"picked":"Bullet Time","floor":16},{"not_picked":["Dodge and Roll","Quick Slash"],"picked":"Crippling Poison","floor":17},{"not_picked":["Flying Knee","Prepared"],"picked":"Deadly Poison","floor":17},{"not_picked":["Acrobatics","Distraction"],"picked":"Dodge and Roll","floor":17},{"not_picked":["Distraction","Skewer"],"picked":"Quick Slash","floor":17},{"not_picked":["Choke","Bane"],"picked":"PiercingWail","floor":18},{"not_picked":["Concentrate","Acrobatics","Wraith Form v2"],"picked":"SKIP","floor":22},{"not_picked":["Bane","Sucker Punch","Blade Dance"],"picked":"SKIP","floor":24},{"not_picked":["Dagger Throw","Slice","Underhanded Strike"],"picked":"SKIP","floor":27},{"not_picked":["Deadly Poison","Heel Hook+1","Deflect"],"picked":"SKIP","floor":35},{"not_picked":["Dodge and Roll","Cloak And Dagger+1"],"picked":"Crippling Poison","floor":37}],"player_experience":2270673,"relics_obtained":[{"floor":7,"key":"Pocketwatch"},{"floor":9,"key":"Centennial Puzzle"},{"floor":26,"key":"Whetstone"},{"floor":37,"key":"Tough Bandages"}],"event_choices":[{"cards_removed":["Strike_G"],"damage_healed":0,"gold_gain":0,"player_choice":"Card Removal","damage_taken":0,"max_hp_gain":0,"max_hp_loss":0,"event_name":"The Cleric","floor":2,"gold_loss":75},{"damage_healed":0,"gold_gain":0,"player_choice":"Donut","damage_taken":0,"max_hp_gain":5,"max_hp_loss":0,"event_name":"Big Fish","floor":4,"gold_loss":0},{"damage_healed":0,"gold_gain":0,"player_choice":"Gave Potion","damage_taken":0,"relics_obtained":["FossilizedHelix"],"max_hp_gain":0,"max_hp_loss":0,"event_name":"WeMeetAgain","floor":5,"gold_loss":0},{"damage_healed":0,"gold_gain":71,"player_choice":"Gained Gold","damage_taken":0,"max_hp_gain":0,"max_hp_loss":0,"event_name":"Golden Wing","floor":12,"gold_loss":0},{"damage_healed":0,"gold_gain":0,"cards_transformed":["Strike_G"],"player_choice":"Change","damage_taken":0,"max_hp_gain":0,"max_hp_loss":0,"event_name":"Living Wall","floor":13,"gold_loss":0,"cards_obtained":["Quick Slash"]},{"damage_healed":0,"gold_gain":0,"cards_transformed":["Strike_G","Strike_G"],"player_choice":"Became Test Subject","damage_taken":0,"max_hp_gain":0,"max_hp_loss":0,"event_name":"Drug Dealer","floor":19,"gold_loss":0,"cards_obtained":["Outmaneuver","Tactician"]},{"damage_healed":14,"gold_gain":0,"player_choice":"Heal","damage_taken":0,"max_hp_gain":0,"max_hp_loss":0,"event_name":"The Library","floor":21,"gold_loss":0},{"cards_removed":["Strike_G"],"damage_healed":0,"gold_gain":0,"player_choice":"Gave Gold","damage_taken":0,"max_hp_gain":0,"max_hp_loss":0,"event_name":"Beggar","floor":29,"gold_loss":75},{"damage_healed":0,"gold_gain":0,"player_choice":"Became a Ghost","damage_taken":0,"max_hp_gain":0,"max_hp_loss":36,"event_name":"Ghosts","floor":31,"gold_loss":0,"cards_obtained":["Ghostly","Ghostly","Ghostly"]},{"damage_healed":0,"gold_gain":0,"player_choice":"Fight","damage_taken":0,"max_hp_gain":0,"max_hp_loss":0,"event_name":"MindBloom","floor":37,"gold_loss":0},{"damage_healed":0,"gold_gain":0,"player_choice":"Fight","damage_taken":0,"max_hp_gain":0,"max_hp_loss":0,"event_name":"Mysterious Sphere","floor":38,"gold_loss":0}],"is_beta":false,"boss_relics":[{"not_picked":["White Beast Statue","Tiny House"],"picked":"Orrery"},{"not_picked":["Snecko Eye","Calling Bell"],"picked":"Astrolabe"}],"items_purged_floors":[],"is_endless":false,"potions_floor_spawned":[3,11,16,22,24],"killed_by":"2 Orb Walkers","ascension_level":19}