{"gold_per_floor":[116,136,136,136,152,152,182,206,206,206,221,251,251,265,265,369,369,380,390,1,13,13,13,33,49,49,49,66,78,78,93,93,190,190,204,216,227,227,227,239,5,5,5,23,23,41,41,56,56,56],"floor_reached":51,"playtime":3276,"items_purged":["Strike_G"],"score":890,"play_id":"4b0e8221-9dc8-4f18-9939-af79ee3c9b18","local_time":"20190704221112","is_ascension_mode":false,"campfire_choices":[{"data":"Neutralize","floor":6,"key":"SMITH"},{"data":"Bouncing Flask","floor":10,"key":"SMITH"},{"data":"Noxious Fumes","floor":13,"key":"SMITH"},{"data":"Catalyst","floor":15,"key":"SMITH"},{"data":"Burst","floor":23,"key":"SMITH"},{"data":"Leg Sweep","floor":30,"key":"SMITH"},{"data":"Catalyst","floor":32,"key":"SMITH"},{"data":"Malaise","floor":42,"key":"SMITH"},{"data":"Catalyst","floor":47,"key":"SMITH"},{"floor":49,"key":"REST"}],"neow_cost":"NONE","seed_source_timestamp":1890663474640627,"circlet_count":0,"master_deck":["Strike_G","Defend_G","Defend_G","Defend_G+1","Defend_G+1","Defend_G","Survivor","Neutralize+1","Dash","Bouncing Flask+1","Catalyst+1","Backflip","Catalyst+1","Noxious Fumes+1","Blur","Burst+1","Cloak And Dagger+1","Catalyst+1","Flechettes","Leg Sweep+1","Backflip","Backflip","Concentrate","Malaise+1","Well Laid Plans+1","Crippling Poison+1","Calculated Gamble+1"],"relics":["Ring of the Snake","Lantern","Anchor","Happy Flower","Pear","PreservedInsect","Runic Pyramid","Ice Cream","Frozen Egg 2","Busted Crown","Snake Skull","War Paint"],"potions_floor_usage":[7,24,28,37,50,50],"damage_taken":[{"damage":5,"enemies":"Jaw Worm","floor":1,"turns":5},{"damage":0,"enemies":"2 Louse","floor":2,"turns":2},{"damage":0,"enemies":"Cultist","floor":5,"turns":3},{"damage":6,"enemies":"Lagavulin","floor":7,"turns":6},{"damage":0,"enemies":"Looter","floor":11,"turns":3},{"damage":0,"enemies":"Gremlin Nob","floor":12,"turns":3},{"damage":0,"enemies":"Exordium Wildlife","floor":14,"turns":3},{"damage":0,"enemies":"Slime Boss","floor":16,"turns":3},{"damage":0,"enemies":"Chosen","floor":18,"turns":3},{"damage":10,"enemies":"2 Thieves","floor":19,"turns":4},{"damage":0,"enemies":"Cultist and Chosen","floor":21,"turns":3},{"damage":0,"enemies":"Shelled Parasite and Fungi","floor":24,"turns":4},{"damage":0,"enemies":"Centurion and Healer","floor":25,"turns":4},{"damage":1,"enemies":"3 Cultists","floor":28,"turns":5},{"damage":0,"enemies":"Cultist and Chosen","floor":29,"turns":5},{"damage":1,"enemies":"Snake Plant","floor":31,"turns":3},{"damage":0,"enemies":"Champ","floor":33,"turns":5},{"damage":0,"enemies":"3 Shapes","floor":35,"turns":3},{"damage":0,"enemies":"3 Darklings","floor":36,"turns":3},{"damage":0,"enemies":"Sphere and 2 Shapes","floor":37,"turns":6},{"damage":18,"enemies":"Spire Growth","floor":40,"turns":5},{"damage":0,"enemies":"Transient","floor":44,"turns":5},{"damage":3,"enemies":"Jaw Worm Horde","floor":46,"turns":5},{"damage":0,"enemies":"Writhing Mass","floor":48,"turns":5},{"damage":0,"enemies":"Donu and Deca","floor":50,"turns":6}],"seed_played":"-2961497493080718019","potions_obtained":[{"floor":1,"key":"Weak Potion"},{"floor":5,"key":"Swift Potion"},{"floor":12,"key":"Energy Potion"},{"floor":19,"key":"Regen Potion"},{"floor":21,"key":"Swift Potion"},{"floor":24,"key":"SneckoOil"},{"floor":29,"key":"EssenceOfSteel"},{"floor":33,"key":"Swift Potion"},{"floor":35,"key":"AttackPotion"},{"floor":37,"key":"EssenceOfSteel"},{"floor":40,"key":"Poison Potion"}],"is_trial":false,"path_per_floor":["M","M","?","?","M","R","E","T","T","R","M","E","R","M","R","B",null,"M","M","$","M","?","R","M","M","T","$","M","M","R","M","R","B",null,"M","M","M","?","?","M","$","R","T","M","?","M","R","M","R","B",null],"character_chosen":"THE_SILENT","items_purchased":["Ice Cream","Snake Skull","Well Laid Plans+1","Dexterity Potion"],"campfire_rested":1,"item_purchase_floors":[20,41,41,41],"current_hp_per_floor":[65,65,65,58,58,58,52,52,62,62,62,62,62,62,62,62,80,80,70,70,70,70,70,70,70,70,70,69,69,69,68,68,68,80,80,80,80,76,76,58,58,58,58,58,58,55,55,55,76,76],"gold":56,"neow_bonus":"RANDOM_COMMON_RELIC","is_prod":false,"is_daily":false,"chose_seed":false,"campfire_upgraded":9,"win_rate":0,"timestamp":1562292672,"path_taken":["M","M","?","?","M","R","E","?","T","R","M","E","R","M","R","BOSS","M","M","$","M","?","R","M","M","T","$","?","M","R","M","R","BOSS","M","M","M","?","?","M","$","R","T","M","?","M","R","M","R","BOSS"],"build_version":"2019-07-01","purchased_purges":1,"victory":true,"max_hp_per_floor":[70,70,70,70,70,70,70,70,80,80,80,80,80,80,80,80,80,80,80,80,80,80,80,80,80,80,80,80,80,80,80,80,80,80,80,80,80,76,76,76,76,76,76,76,76,76,76,76,76,76],"card_choices":[{"not_picked":["Eviscerate","Outmaneuver"],"picked":"Dash","floor":1},{"not_picked":["Choke","Deadly Poison"],"picked":"Bouncing Flask","floor":2},{"not_picked":["Poisoned Stab","Quick Slash"],"picked":"Catalyst","floor":5},{"not_picked":["PiercingWail","Acrobatics"],"picked":"Backflip","floor":7},{"not_picked":["Heel Hook","Concentrate"],"picked":"Catalyst","floor":11},{"not_picked":["Reflex","Bane"],"picked":"Noxious Fumes","floor":12},{"not_picked":["Heel Hook","Caltrops"],"picked":"Blur","floor":14},{"not_picked":["Venomology","Envenom"],"picked":"Burst","floor":16},{"not_picked":["Quick Slash+1","Underhanded Strike"],"picked":"Cloak And Dagger+1","floor":18},{"not_picked":["Bouncing Flask","Flying Knee"],"picked":"Catalyst","floor":19},{"not_picked":["Doppelganger","Poisoned Stab"],"picked":"Flechettes","floor":21},{"not_picked":["Cloak And Dagger","Deadly Poison"],"picked":"Leg Sweep","floor":24},{"not_picked":["Dagger Spray","Cloak And Dagger+1","Slice"],"picked":"SKIP","floor":25},{"not_picked":["Underhanded Strike+1","PiercingWail"],"picked":"Backflip","floor":28},{"not_picked":["Dash","Choke"],"picked":"Backflip","floor":29},{"not_picked":["Deadly Poison+1","Poisoned Stab+1"],"picked":"Concentrate","floor":31},{"not_picked":["Bullet Time","Die Die Die"],"picked":"Malaise","floor":33},{"not_picked":["Expertise+1"],"picked":"SKIP","floor":35},{"not_picked":["Deadly Poison"],"picked":"SKIP","floor":36},{"not_picked":["Choke+1"],"picked":"SKIP","floor":37},{"not_picked":["Setup+1"],"picked":"SKIP","floor":40},{"not_picked":[],"picked":"Crippling Poison+1","floor":44},{"not_picked":[],"picked":"Calculated Gamble+1","floor":46},{"not_picked":["Caltrops+1"],"picked":"SKIP","floor":48}],"player_experience":3894362,"relics_obtained":[{"floor":7,"key":"Anchor"},{"floor":8,"key":"Happy Flower"},{"floor":9,"key":"Pear"},{"floor":12,"key":"PreservedInsect"},{"floor":26,"key":"Frozen Egg 2"},{"floor":43,"key":"War Paint"}],"event_choices":[{"cards_removed":["Strike_G"],"damage_healed":0,"gold_gain":0,"player_choice":"Forget","damage_taken":0,"max_hp_gain":0,"max_hp_loss":0,"event_name":"Living Wall","floor":3,"gold_loss":0},{"cards_removed":["Strike_G"],"damage_healed":0,"gold_gain":0,"player_choice":"Card Removal","damage_taken":7,"max_hp_gain":0,"max_hp_loss":0,"event_name":"Golden Wing","floor":4,"gold_loss":0},{"cards_removed":["Strike_G"],"damage_healed":0,"gold_gain":0,"player_choice":"Offered Basic","damage_taken":0,"max_hp_gain":0,"max_hp_loss":0,"event_name":"Bonfire Elementals","floor":22,"gold_loss":0},{"damage_healed":0,"gold_gain":0,"player_choice":"Max HP","damage_taken":0,"max_hp_gain":0,"max_hp_loss":4,"event_name":"Winding Halls","floor":38,"gold_loss":0},{"damage_healed":0,"gold_gain":0,"player_choice":"Ignored","damage_taken":0,"max_hp_gain":0,"max_hp_loss":0,"event_name":"Tomb of Lord Red Mask","floor":39,"gold_loss":0},{"damage_healed":0,"gold_gain":0,"player_choice":"Ignored","damage_taken":0,"max_hp_gain":0,"max_hp_loss":0,"event_name":"Mysterious Sphere","floor":45,"gold_loss":0}],"is_beta":false,"boss_relics":[{"not_picked":["Philosopher\u0027s Stone","Ectoplasm"],"picked":"Runic Pyramid"},{"not_picked":["Coffee Dripper","Ring of the Serpent"],"picked":"Busted Crown"}],"items_purged_floors":[20],"is_endless":false,"potions_floor_spawned":[1,5,12,19,21,24,29,33,35,37,40,46],"ascension_level":0}