{"path_per_floor":["M","$","M","M","?","R","?","R","T","M","R","?","E","M","R","B",null,"M","M","T"],"character_chosen":"THE_SILENT","items_purchased":["Slice"],"gold_per_floor":[116,17,28,40,115,115,290,290,320,334,334,434,460,477,477,552,552,492,506,533],"floor_reached":21,"campfire_rested":2,"playtime":1979,"current_hp_per_floor":[52,52,46,46,35,55,55,55,55,46,46,46,37,22,42,17,55,43,32,32],"items_purged":["Parasite"],"gold":533,"score":292,"play_id":"ce39ffe4-6447-4392-8488-75958506d17e","local_time":"20180309183519","is_prod":false,"is_daily":false,"is_ascension_mode":true,"campfire_upgraded":2,"timestamp":1520638519,"path_taken":["M","$","M","M","?","R","?","R","T","M","R","?","E","M","R","BOSS","M","M","?","M"],"build_version":"2018-03-09","purchased_purges":1,"victory":false,"master_deck":["Defend_G","Defend_G","Defend_G","Defend_G","Defend_G","Strike_G","Strike_G","Strike_G","Strike_G","Survivor","Neutralize","Corpse Explosion","Blade Dance","Slice","PiercingWail","Noxious Fumes+1","Doubt","Sucker Punch+1","Flying Knee","Backflip","Envenom","Infinite Blades"],"max_hp_per_floor":[70,67,67,67,67,67,67,67,67,67,67,67,67,67,67,67,67,67,67,67],"relics":["Ring of the Snake","Tiny Chest","Blood Vial","Sozu","Lantern"],"card_choices":[{"not_picked":["Skewer","Prepared"],"picked":"Blade Dance"},{"not_picked":["Underhanded Strike","Acrobatics"],"picked":"PiercingWail"},{"not_picked":["PiercingWail","Deadly Poison"],"picked":"Noxious Fumes"},{"not_picked":["Doppelganger","Dash"],"picked":"Sucker Punch"},{"not_picked":["Dash","Setup"],"picked":"Flying Knee"},{"not_picked":["Heel Hook","All Out Attack"],"picked":"Backflip"},{"not_picked":["Corpse Explosion","Wraith Form"],"picked":"Envenom"},{"not_picked":["Slice","Blur"],"picked":"Infinite Blades"}],"player_experience":949930,"potions_floor_usage":[13,13,13,14],"damage_taken":[{"damage":11,"enemies":"Jaw Worm","floor":1,"turns":6},{"damage":6,"enemies":"Cultist","floor":3,"turns":5},{"damage":0,"enemies":"Small Slimes","floor":4,"turns":5},{"damage":9,"enemies":"3 Louse","floor":10,"turns":3},{"damage":9,"enemies":"Gremlin Nob","floor":13,"turns":4},{"damage":29,"enemies":"Exordium Thugs","floor":14,"turns":9},{"damage":27,"enemies":"The Guardian","floor":16,"turns":15},{"damage":14,"enemies":"2 Thieves","floor":18,"turns":4},{"damage":13,"enemies":"3 Byrds","floor":19,"turns":5},{"damage":45,"enemies":"Slaver and Parasite","floor":21,"turns":3}],"event_choices":[{"event_name":"World of Goop","player_choice":"Gather Gold","floor":5,"damage_taken":0},{"event_name":"Liars Game","player_choice":"agreed","floor":7,"damage_taken":0},{"event_name":"Golden Shrine","player_choice":"Pray","floor":12,"damage_taken":0}],"boss_relics":[{"not_picked":["Cursed Key","Black Star"],"picked":"Sozu"}],"potions_floor_spawned":[1,3,10,13],"seed_played":"3640451136254083189","killed_by":"Slaver and Parasite","ascension_level":13,"is_trial":false}