{"gold_per_floor":[14,0,14,24,24,51,51,76,76,76,1,29,45,79,79,174,174,184,184,184,184,28,62,62],"floor_reached":24,"playtime":1326,"items_purged":[],"score":336,"play_id":"c612ea12-1c66-4c3f-a6ac-39cd545e16d9","local_time":"20181205235130","is_ascension_mode":true,"campfire_choices":[{"data":"Zap","floor":7,"key":"SMITH"},{"floor":10,"key":"REST"},{"data":"Loop","floor":15,"key":"SMITH"}],"neow_cost":"NO_GOLD","seed_source_timestamp":1905287689348111,"circlet_count":0,"master_deck":["Zap+1","Dualcast","Thunder Strike","Undo","Ball Lightning","Auto Shields","Ball Lightning","Loop+1","Streamline","Self Repair","Leap","Amplify","Cold Snap","Compile Driver","Compile Driver","Blizzard","Beam Cell","Streamline","Recycle+1"],"relics":["Cracked Core","Turnip","Bottled Tornado","Pantograph","Peace Pipe","Incense Burner","Pandora\u0027s Box","PreservedInsect","The Courier"],"potions_floor_usage":[6,12,12],"damage_taken":[{"damage":1,"enemies":"2 Louse","floor":1,"turns":2},{"damage":3,"enemies":"Jaw Worm","floor":3,"turns":5},{"damage":0,"enemies":"Cultist","floor":4,"turns":4},{"damage":16,"enemies":"3 Sentries","floor":6,"turns":7},{"damage":20,"enemies":"Lagavulin","floor":8,"turns":6},{"damage":8,"enemies":"Gremlin Nob","floor":12,"turns":3},{"damage":9,"enemies":"Red Slaver","floor":13,"turns":4},{"damage":16,"enemies":"Lagavulin","floor":14,"turns":7},{"damage":35,"enemies":"Hexaghost","floor":16,"turns":9},{"damage":1,"enemies":"Chosen","floor":18,"turns":4},{"damage":24,"enemies":"Colosseum Slavers","floor":20,"turns":5},{"damage":46,"enemies":"Book of Stabbing","floor":23,"turns":5},{"damage":24,"enemies":"3 Byrds","floor":24,"turns":2}],"seed_played":"-7517402947325974552","potions_obtained":[{"floor":3,"key":"PowerPotion"},{"floor":4,"key":"PowerPotion"},{"floor":8,"key":"Regen Potion"},{"floor":13,"key":"Strength Potion"},{"floor":18,"key":"GamblersBrew"}],"is_trial":false,"path_per_floor":["M","?","M","M","$","E","R","E","T","R","$","E","M","E","R","B",null,"M","?","?","?","$","E","M"],"character_chosen":"DEFECT","items_purchased":["Self Repair","PreservedInsect"],"campfire_rested":1,"item_purchase_floors":[11,22],"current_hp_per_floor":[67,67,64,64,64,48,48,28,28,50,50,65,63,54,54,47,68,74,74,57,57,57,18,0],"gold":62,"neow_bonus":"TRANSFORM_TWO_CARDS","is_prod":false,"is_daily":false,"chose_seed":false,"campfire_upgraded":2,"win_rate":0,"timestamp":1544071890,"path_taken":["M","?","M","M","?","E","R","E","T","R","$","E","?","E","R","BOSS","M","?","?","?","$","E","?"],"build_version":"2018-11-15","purchased_purges":0,"victory":false,"max_hp_per_floor":[75,75,75,75,75,75,75,75,75,75,75,75,75,75,75,75,75,75,75,75,75,75,75,75],"card_choices":[{"not_picked":["Turbo","Leap"],"picked":"Ball Lightning","floor":1},{"not_picked":["Gash","Force Field"],"picked":"Auto Shields","floor":3},{"not_picked":["Blizzard","Turbo"],"picked":"Ball Lightning","floor":4},{"not_picked":["Lockon","Streamline"],"picked":"Loop","floor":6},{"not_picked":["Fission","Compile Driver"],"picked":"Streamline","floor":8},{"not_picked":["Cold Snap","Compile Driver"],"picked":"Leap","floor":12},{"not_picked":["Scrape","Turbo","Rebound"],"picked":"SKIP","floor":13},{"not_picked":["Hyperbeam","Reinforced Body","Gash"],"picked":"SKIP","floor":14},{"not_picked":["Multi-Cast","Biased Cognition"],"picked":"Amplify","floor":16},{"not_picked":["Rebound","Ball Lightning","Reprogram"],"picked":"SKIP","floor":18},{"not_picked":["Leap","Sunder"],"picked":"Recycle+1","floor":23}],"player_experience":2682069,"relics_obtained":[{"floor":6,"key":"Turnip"},{"floor":8,"key":"Bottled Tornado"},{"floor":9,"key":"Pantograph"},{"floor":12,"key":"Peace Pipe"},{"floor":14,"key":"Incense Burner"},{"floor":23,"key":"The Courier"}],"event_choices":[{"damage_healed":0,"gold_gain":0,"player_choice":"Left Gold","damage_taken":0,"max_hp_gain":0,"max_hp_loss":0,"event_name":"World of Goop","floor":2,"gold_loss":14},{"damage_healed":0,"gold_gain":0,"player_choice":"Ignored","damage_taken":0,"max_hp_gain":0,"max_hp_loss":0,"event_name":"Ghosts","floor":19,"gold_loss":0},{"damage_healed":0,"gold_gain":0,"player_choice":"Fight","damage_taken":0,"max_hp_gain":0,"max_hp_loss":0,"event_name":"Colosseum","floor":20,"gold_loss":0},{"damage_healed":0,"gold_gain":0,"player_choice":"Fled From Nobs","damage_taken":0,"max_hp_gain":0,"max_hp_loss":0,"event_name":"Colosseum","floor":20,"gold_loss":0},{"damage_healed":0,"gold_gain":0,"player_choice":"Ignored","damage_taken":0,"max_hp_gain":0,"max_hp_loss":0,"event_name":"Cursed Tome","floor":21,"gold_loss":0}],"is_beta":false,"boss_relics":[{"not_picked":["Inserter","Eternal Feather"],"picked":"Pandora\u0027s Box"}],"items_purged_floors":[],"is_endless":false,"potions_floor_spawned":[3,4,8,13,18,20],"killed_by":"3 Byrds","ascension_level":8}