{"path_per_floor":["M","?","?","M","$","R","M","M","T","M","R","?","?","$","R","B",null,"M","?","?","M","?","$","R","E","T","M","R","M","R","M","R","B",null,"M","?","M","?","M","R","$","M","T","M","M","R","T","?","R","B"],"character_chosen":"THE_SILENT","items_purchased":["Toxic Egg 2","PiercingWail","Noxious Fumes","Prepared","Dexterity Potion","Flying Knee"],"gold_per_floor":[214,164,414,427,75,75,91,105,105,124,124,151,226,19,19,115,115,133,133,133,145,145,20,20,52,52,70,70,87,87,98,98,193,193,203,203,219,219,233,233,7,25,25,44,61,61,111,111,111,111],"floor_reached":51,"campfire_rested":3,"playtime":5707,"current_hp_per_floor":[69,69,69,65,65,65,65,60,60,46,46,34,23,23,44,39,70,70,54,54,51,51,51,51,61,61,61,61,56,56,45,45,45,80,74,74,74,74,72,72,72,72,72,66,11,50,50,50,80,67],"items_purged":["Regret","Strike_G","Writhe","Strike_G"],"gold":111,"score":582,"play_id":"6df3af4c-f78b-46d7-98ec-8de0ee42b85b","is_prod":false,"is_daily":false,"is_ascension_mode":false,"campfire_upgraded":3,"path_taken":["M","?","?","M","$","R","M","M","T","?","R","?","?","$","R","BOSS","M","?","?","?","?","?","R","E","T","?","R","M","R","M","R","BOSS","M","?","M","?","?","R","$","M","T","M","?","R","?","?","R","BOSS"],"build_version":"2018-02-15-PROD1","purchased_purges":4,"victory":true,"master_deck":["Defend_G","Defend_G","Defend_G","Defend_G+1","Defend_G","Strike_G","Survivor+1","Neutralize+1","Blur","Bouncing Flask+1","PiercingWail+1","Leg Sweep+1","Backflip+1","Blur+1","Noxious Fumes+1","Prepared+1","Venomology+1","Backflip+1","Outmaneuver+1","Acrobatics+1","Prepared+1","Prepared+1","A Thousand Cuts","Backstab+1","Distraction+1","Flying Knee+1","Bouncing Flask+1","Dagger Throw+1"],"max_hp_per_floor":[70,70,70,70,70,70,70,70,70,70,70,70,70,70,70,70,70,70,70,70,70,70,70,70,80,80,80,80,80,80,80,80,80,80,80,80,80,80,80,80,80,80,80,80,80,80,80,80,80,80],"relics":["Ring of the Snake","Toxic Egg 2","Ice Cream","Odd Mushroom","Nilry\u0027s Codex","Molten Egg 2","Pear","Shovel","Regal Pillow","Lantern","Calipers","The Specimen","Oddly Smooth Stone","Torii","War Paint"],"card_choices":[{"not_picked":["Prepared","Reflex"],"picked":"Blur"},{"not_picked":["Poisoned Stab","Dodge and Roll"],"picked":"Bouncing Flask"},{"not_picked":["Crippling Poison","Riddle With Holes"],"picked":"Leg Sweep"},{"not_picked":["Escape Plan","Poisoned Stab"],"picked":"Backflip"},{"not_picked":["Poisoned Stab","Acrobatics"],"picked":"Blur"},{"not_picked":["A Thousand Cuts","Corpse Explosion"],"picked":"Venomology"},{"not_picked":["Outmaneuver","Escape Plan"],"picked":"Backflip"},{"not_picked":["Riddle With Holes","Caltrops"],"picked":"Outmaneuver"},{"not_picked":["Predator","Glass Knife"],"picked":"Acrobatics"},{"not_picked":["Flying Knee","Sucker Punch"],"picked":"Prepared"},{"not_picked":["Envenom","Slice"],"picked":"Prepared"},{"not_picked":["Wraith Form","Unload"],"picked":"A Thousand Cuts"},{"not_picked":["Flying Knee","Outmaneuver"],"picked":"Backstab"},{"not_picked":["Slice","Poisoned Stab"],"picked":"Distraction"},{"not_picked":["Cloak And Dagger","Flying Knee"],"picked":"Backstab"},{"not_picked":["Acrobatics","Quick Slash"],"picked":"Bouncing Flask"},{"not_picked":["Distraction","Dagger Spray"],"picked":"Dagger Throw"}],"player_experience":827785,"potions_floor_usage":[8,10,25,27,29,29,31,33,33,33,35,35,39,39,42,42,44,45,50,50,50,50],"damage_taken":[{"damage":1,"enemies":"Jaw Worm","floor":1,"turns":6},{"damage":4,"enemies":"Small Slimes","floor":4,"turns":5},{"damage":0,"enemies":"Cultist","floor":7,"turns":3},{"damage":5,"enemies":"Large Slime","floor":8,"turns":5},{"damage":14,"enemies":"Exordium Wildlife","floor":10,"turns":7},{"damage":12,"enemies":"The Mushroom Lair","floor":12,"turns":7},{"damage":5,"enemies":"Hexaghost","floor":16,"turns":14},{"damage":0,"enemies":"Shell Parasite","floor":18,"turns":5},{"damage":3,"enemies":"Chosen","floor":21,"turns":8},{"damage":0,"enemies":"Book of Stabbing","floor":25,"turns":10},{"damage":0,"enemies":"Snake Plant","floor":27,"turns":5},{"damage":5,"enemies":"Sentry and Sphere","floor":29,"turns":7},{"damage":11,"enemies":"3 Cultists","floor":31,"turns":6},{"damage":0,"enemies":"Champ","floor":33,"turns":12},{"damage":6,"enemies":"Orb Walker","floor":35,"turns":6},{"damage":0,"enemies":"3 Darklings","floor":37,"turns":6},{"damage":14,"enemies":"Sphere and 2 Shapes","floor":39,"turns":6},{"damage":0,"enemies":"4 Shapes","floor":42,"turns":7},{"damage":6,"enemies":"Maw","floor":44,"turns":9},{"damage":55,"enemies":"Sphere and 2 Shapes","floor":45,"turns":7},{"damage":28,"enemies":"Time Eater","floor":50,"turns":14}],"event_choices":[{"event_name":"The Cleric","player_choice":"Card Removal","floor":2,"damage_taken":0},{"event_name":"Golden Shrine","player_choice":"Desecrate","floor":3,"damage_taken":0},{"event_name":"Mushrooms","player_choice":"Fought Mushrooms","floor":12,"damage_taken":0},{"event_name":"World of Goop","player_choice":"Gather Gold","floor":13,"damage_taken":0},{"event_name":"Cursed Tome","player_choice":"Obtained Book","floor":19,"damage_taken":0},{"event_name":"The Mausoleum","player_choice":"Yes","floor":20,"damage_taken":0},{"event_name":"Drug Dealer","player_choice":"Ignored","floor":22,"damage_taken":0},{"event_name":"Bonfire Elementals","player_choice":"BASIC","floor":36,"damage_taken":0},{"event_name":"Tomb of Lord Red Mask","player_choice":"Ignored","floor":38,"damage_taken":0}],"boss_relics":[{"not_picked":["Runic Dome","Snecko Eye","Philosopher\u0027s Stone"]},{"not_picked":["Astrolabe","Runic Pyramid"],"picked":"The Specimen"}],"potions_floor_spawned":[1,8,12,25,29,33,37,42,44,45],"seed_played":"-6611160695400299040","ascension_level":0,"is_trial":false}