{"gold_per_floor":[113,213,65,77,96,96,124,124,175,175,175,175,190,204,204,204],"floor_reached":16,"playtime":2232,"items_purged":[],"score":100,"play_id":"47540ddd-a995-4004-9e22-ff78f99e4aab","local_time":"20190715233132","is_ascension_mode":false,"campfire_choices":[{"data":"Armaments","floor":6,"key":"SMITH"},{"data":"Double Tap","floor":8,"key":"SMITH"},{"floor":15,"key":"REST"}],"neow_cost":"NONE","seed_source_timestamp":174961348763153,"circlet_count":0,"master_deck":["Strike_R","Strike_R","Strike_R","Strike_R","Strike_R+1","Defend_R+1","Defend_R","Defend_R","Defend_R+1","Bash","Cleave","Double Tap+1","Rampage+1","Armaments+1","Uppercut","Ghostly Armor","Battle Trance","Disarm"],"relics":["Burning Blood","War Paint","Happy Flower","Whetstone"],"potions_floor_usage":[],"damage_taken":[{"damage":11,"enemies":"Jaw Worm","floor":1,"turns":4},{"damage":4,"enemies":"Cultist","floor":4,"turns":4},{"damage":0,"enemies":"Small Slimes","floor":5,"turns":3},{"damage":29,"enemies":"Gremlin Nob","floor":7,"turns":4},{"damage":0,"enemies":"3 Louse","floor":13,"turns":3},{"damage":4,"enemies":"Blue Slaver","floor":14,"turns":3},{"damage":82,"enemies":"Slime Boss","floor":16,"turns":11}],"seed_played":"-515747648943299635","potions_obtained":[{"floor":0,"key":"Dexterity Potion"},{"floor":0,"key":"Block Potion"},{"floor":0,"key":"PowerPotion"},{"floor":4,"key":"Fire Potion"}],"is_trial":false,"path_per_floor":["M","?","$","M","M","R","E","R","T","?","?","T","M","M","R","B"],"character_chosen":"IRONCLAD","items_purchased":["Double Tap","Rampage"],"campfire_rested":1,"item_purchase_floors":[3,3],"current_hp_per_floor":[75,75,75,77,80,80,57,57,57,57,57,57,63,65,80,0],"gold":204,"neow_bonus":"THREE_SMALL_POTIONS","is_prod":false,"is_daily":false,"chose_seed":false,"campfire_upgraded":2,"win_rate":0.0,"timestamp":1563251492,"path_taken":["M","?","$","M","?","R","E","R","T","?","?","?","M","M","R","BOSS"],"build_version":"2019-07-05","purchased_purges":0,"victory":false,"max_hp_per_floor":[80,80,80,80,80,80,80,80,80,80,80,80,80,80,80,80],"card_choices":[{"not_picked":["Bloodletting","Twin Strike"],"picked":"Cleave","floor":1},{"not_picked":["Burning Pact","Sword Boomerang"],"picked":"Armaments","floor":4},{"not_picked":["Pummel","Dual Wield"],"picked":"Uppercut","floor":5},{"not_picked":["Hemokinesis","Headbutt"],"picked":"Ghostly Armor","floor":7},{"not_picked":["Shrug It Off","Hemokinesis"],"picked":"Battle Trance","floor":13},{"not_picked":["True Grit","Twin Strike"],"picked":"Disarm","floor":14}],"player_experience":10816,"relics_obtained":[{"floor":7,"key":"War Paint"},{"floor":9,"key":"Happy Flower"},{"floor":12,"key":"Whetstone"}],"event_choices":[{"damage_healed":0,"gold_gain":100,"player_choice":"Pray","damage_taken":0,"max_hp_gain":0,"max_hp_loss":0,"event_name":"Golden Shrine","floor":2,"gold_loss":0},{"damage_healed":0,"gold_gain":0,"player_choice":"Ignored","damage_taken":0,"max_hp_gain":0,"max_hp_loss":0,"event_name":"Shining Light","floor":10,"gold_loss":0},{"damage_healed":0,"gold_gain":0,"player_choice":"Ignored","damage_taken":0,"max_hp_gain":0,"max_hp_loss":0,"event_name":"Liars Game","floor":11,"gold_loss":0}],"is_beta":false,"boss_relics":[],"items_purged_floors":[],"is_endless":false,"potions_floor_spawned":[4,5],"killed_by":"Slime Boss","ascension_level":0}