{"path_per_floor":["M","M","M","?","$","E","R","M","T","M","M","R","M","?","R","B",null,"M","?","$","M","M","R"],"character_chosen":"THE_SILENT","items_purchased":["Choke","Cloak And Dagger","Noxious Fumes","Sadistic Nature"],"gold_per_floor":[114,128,143,143,41,73,73,92,92,107,120,120,138,213,213,317,317,334,259,27,43,59,59],"floor_reached":24,"campfire_rested":3,"playtime":6621,"current_hp_per_floor":[63,55,55,41,41,29,50,42,42,42,26,47,48,37,58,46,64,64,64,64,52,32,32],"items_purged":[],"gold":59,"score":300,"play_id":"2f5139c1-84b3-436d-9a1f-71ba9f0af827","is_prod":false,"is_daily":false,"is_ascension_mode":true,"campfire_upgraded":1,"path_taken":["M","M","M","?","$","E","R","M","T","M","M","R","M","?","R","BOSS","M","?","$","M","M","R","M"],"build_version":"2018-02-08-PROD1","purchased_purges":0,"victory":false,"master_deck":["Defend_G","Defend_G","Defend_G","Defend_G","Defend_G","Strike_G","Strike_G","Strike_G","Strike_G","Strike_G","Survivor+1","Neutralize","Caltrops","Poisoned Stab+1","Choke","Cloak And Dagger","Leg Sweep","Flying Knee+1","Dagger Spray+1","Skewer+1","Prepared","Footwork","Underhanded Strike+1","Glass Knife+1","Leg Sweep+1","Noxious Fumes","Sadistic Nature","Terror+1","PiercingWail+1"],"max_hp_per_floor":[70,70,70,70,70,70,70,70,70,70,70,70,70,70,70,70,70,70,67,67,67,67,67],"relics":["Ring of the Snake","Dream Catcher","Molten Egg 2","Oddly Smooth Stone","Sozu"],"card_choices":[{"not_picked":["Sucker Punch","Skewer"],"picked":"Caltrops"},{"not_picked":["PiercingWail","Dodge and Roll"],"picked":"Poisoned Stab"},{"not_picked":["Quick Slash","Accuracy"],"picked":"Leg Sweep"},{"not_picked":["Poisoned Stab","Choke"],"picked":"Flying Knee"},{"not_picked":["Outmaneuver","Bouncing Flask"],"picked":"Dagger Spray"},{"not_picked":["Sucker Punch","Dagger Spray"],"picked":"Skewer"},{"not_picked":["Deadly Poison","Accuracy"],"picked":"Prepared"},{"not_picked":["Dodge and Roll","Underhanded Strike"],"picked":"Footwork"},{"not_picked":["Slice","Dagger Throw"],"picked":"Underhanded Strike"},{"not_picked":["Corpse Explosion","Venomology"],"picked":"Glass Knife"},{"not_picked":["Predator","Crippling Poison"],"picked":"Leg Sweep"},{"not_picked":["Predator","Caltrops"],"picked":"Terror"},{"not_picked":["Deflect","Flechettes"],"picked":"PiercingWail"}],"player_experience":679846,"potions_floor_usage":[6,6,13,16],"damage_taken":[{"damage":0,"enemies":"Small Slimes","floor":1,"turns":3},{"damage":8,"enemies":"Blue Slaver","floor":2,"turns":5},{"damage":0,"enemies":"Jaw Worm","floor":3,"turns":6},{"damage":12,"enemies":"3 Sentries","floor":6,"turns":9},{"damage":8,"enemies":"Large Slime","floor":8,"turns":8},{"damage":0,"enemies":"3 Louse","floor":10,"turns":4},{"damage":16,"enemies":"Exordium Thugs","floor":11,"turns":6},{"damage":5,"enemies":"Looter","floor":13,"turns":3},{"damage":12,"enemies":"The Guardian","floor":16,"turns":12},{"damage":0,"enemies":"Chosen","floor":18,"turns":4},{"damage":12,"enemies":"Spheric Guardian","floor":21,"turns":4},{"damage":20,"enemies":"Snake Plant","floor":22,"turns":3},{"damage":39,"enemies":"Cultist and Chosen","floor":24,"turns":5}],"event_choices":[{"event_name":"Shining Light","player_choice":"Entered Light","floor":4,"damage_taken":0},{"event_name":"World of Goop","player_choice":"Gather Gold","floor":14,"damage_taken":0},{"event_name":"Beggar","player_choice":"Gave Gold","floor":19,"damage_taken":0}],"boss_relics":[{"not_picked":["Black Star","Pandora\u0027s Box"],"picked":"Sozu"}],"potions_floor_spawned":[1,3,11,13,22],"seed_played":"204940407782896838","killed_by":"Cultist and Chosen","ascension_level":10,"is_trial":false}