{"gold_per_floor":[113,113,124,124,124,158,158,174,174,189,216,216,18,38,38,114,114,130,142,157,9,9,9,22,22,75,104,115,126,126,160,172,184],"floor_reached":33,"playtime":2709,"items_purged":["Strike_B"],"score":547,"play_id":"5c630e76-9ddc-4b8c-83e0-2ecc70eb7ad5","local_time":"20190326112841","is_ascension_mode":true,"campfire_choices":[{"data":"Glacier","floor":7,"key":"SMITH"},{"data":"Capacitor","floor":15,"key":"SMITH"},{"data":"Loop","floor":23,"key":"SMITH"},{"data":"Electrodynamics","floor":25,"key":"SMITH"},{"data":"Glacier","floor":30,"key":"SMITH"},{"data":"Zap","floor":32,"key":"SMITH"}],"neow_cost":"NONE","seed_source_timestamp":1168699364173150,"circlet_count":0,"master_deck":["AscendersBane","Strike_B","Strike_B","Strike_B","Defend_B+1","Defend_B","Defend_B","Defend_B+1","Zap+1","Dualcast","Sweeping Beam","Self Repair","Glacier+1","Capacitor+1","Aggregate","Echo Form","Hologram","Electrodynamics+1","Stack+1","Leap","Loop+1","Glacier+1","Double Energy+1","Glacier","Double Energy"],"relics":["Cracked Core","NeowsBlessing","Bronze Scales","Pantograph","Centennial Puzzle","Strawberry","Blue Candle","FaceOfCleric","Lantern","Runic Pyramid","Blood Vial","FossilizedHelix","MawBank"],"potions_floor_usage":[11,16,16,31,33,33,33],"damage_taken":[{"damage":0,"enemies":"2 Louse","floor":1,"turns":1},{"damage":0,"enemies":"Jaw Worm","floor":3,"turns":1},{"damage":0,"enemies":"3 Sentries","floor":6,"turns":1},{"damage":0,"enemies":"Cultist","floor":8,"turns":4},{"damage":0,"enemies":"3 Louse","floor":10,"turns":6},{"damage":51,"enemies":"Lagavulin","floor":11,"turns":8},{"damage":1,"enemies":"2 Fungi Beasts","floor":14,"turns":5},{"damage":1,"enemies":"Hexaghost","floor":16,"turns":10},{"damage":18,"enemies":"3 Byrds","floor":18,"turns":3},{"damage":4,"enemies":"Chosen","floor":19,"turns":7},{"damage":16,"enemies":"Centurion and Healer","floor":20,"turns":11},{"damage":18,"enemies":"Sentry and Sphere","floor":24,"turns":10},{"damage":25,"enemies":"Book of Stabbing","floor":27,"turns":9},{"damage":27,"enemies":"Shelled Parasite and Fungi","floor":28,"turns":11},{"damage":0,"enemies":"Centurion and Healer","floor":29,"turns":9},{"damage":12,"enemies":"Gremlin Leader","floor":31,"turns":7},{"damage":106,"enemies":"Automaton","floor":33,"turns":18}],"seed_played":"5017928763752511634","potions_obtained":[{"floor":3,"key":"AttackPotion"},{"floor":11,"key":"Strength Potion"},{"floor":14,"key":"Poison Potion"},{"floor":16,"key":"Fire Potion"},{"floor":18,"key":"GamblersBrew"},{"floor":29,"key":"PowerPotion"},{"floor":31,"key":"EntropicBrew"}],"is_trial":false,"path_per_floor":["M","?","M","?","T","E","R","M","T","M","E","?","$","M","R","B",null,"M","M","M","$","?","R","M","R","T","E","M","M","R","E","R","B"],"character_chosen":"DEFECT","items_purchased":["Lantern","PowerPotion","Loop"],"campfire_rested":0,"item_purchase_floors":[13,13,21],"current_hp_per_floor":[64,57,57,43,43,43,43,50,57,64,20,20,20,34,34,73,78,68,79,78,78,78,78,75,75,75,67,57,74,74,79,79,0],"gold":184,"neow_bonus":"THREE_ENEMY_KILL","is_prod":false,"is_daily":false,"chose_seed":false,"campfire_upgraded":6,"win_rate":0,"timestamp":1553614121,"path_taken":["M","?","M","?","?","E","R","M","T","M","E","?","$","M","R","BOSS","M","M","?","$","?","R","M","R","T","E","M","M","R","E","R","BOSS"],"build_version":"2019-01-23","purchased_purges":1,"victory":false,"max_hp_per_floor":[71,71,71,71,71,71,71,71,78,78,78,78,78,79,79,80,80,81,82,83,83,83,83,84,84,84,85,86,87,87,88,88,88],"card_choices":[{"not_picked":["Redo","Beam Cell"],"picked":"Sweeping Beam","floor":1},{"not_picked":["Compile Driver","Beam Cell"],"picked":"Self Repair","floor":3},{"not_picked":["Reprogram","Conserve Battery"],"picked":"Glacier","floor":6},{"not_picked":["Force Field","Sweeping Beam"],"picked":"Capacitor","floor":8},{"not_picked":["Sweeping Beam","Coolheaded"],"picked":"Aggregate","floor":10},{"not_picked":["Glacier","Sweeping Beam"],"picked":"Echo Form","floor":11},{"not_picked":["Lockon","Sweeping Beam"],"picked":"Hologram","floor":14},{"not_picked":["Meteor Strike","All For One"],"picked":"Electrodynamics","floor":16},{"not_picked":["Skim","Heatsinks"],"picked":"Stack+1","floor":18},{"not_picked":["Go for the Eyes","Blizzard"],"picked":"Leap","floor":19},{"not_picked":["Beam Cell","Auto Shields","Compile Driver"],"picked":"SKIP","floor":20},{"not_picked":["Multi-Cast","FTL"],"picked":"Double Energy+1","floor":24},{"not_picked":["Sweeping Beam","Cold Snap+1"],"picked":"Glacier","floor":27},{"not_picked":["Auto Shields","Steam"],"picked":"Double Energy","floor":28},{"not_picked":["Turbo","Redo","Compile Driver"],"picked":"SKIP","floor":29},{"not_picked":["Compile Driver","Hologram","Leap"],"picked":"SKIP","floor":31}],"player_experience":3247626,"relics_obtained":[{"floor":5,"key":"Pantograph"},{"floor":6,"key":"Centennial Puzzle"},{"floor":9,"key":"Strawberry"},{"floor":11,"key":"Blue Candle"},{"floor":26,"key":"Blood Vial"},{"floor":27,"key":"FossilizedHelix"},{"floor":31,"key":"MawBank"}],"event_choices":[{"damage_healed":0,"gold_gain":0,"player_choice":"Success","damage_taken":7,"relics_obtained":["Bronze Scales"],"max_hp_gain":0,"max_hp_loss":0,"event_name":"Scrap Ooze","floor":2,"gold_loss":0},{"damage_healed":0,"gold_gain":0,"player_choice":"Entered Light","damage_taken":14,"max_hp_gain":0,"max_hp_loss":0,"event_name":"Shining Light","floor":4,"gold_loss":0,"cards_upgraded":["Defend_B","Defend_B"]},{"damage_healed":0,"gold_gain":0,"player_choice":"Trade","damage_taken":0,"relics_obtained":["FaceOfCleric"],"max_hp_gain":0,"max_hp_loss":0,"event_name":"FaceTrader","floor":12,"gold_loss":0},{"damage_healed":0,"gold_gain":0,"player_choice":"Read","damage_taken":0,"max_hp_gain":0,"max_hp_loss":0,"event_name":"The Library","floor":22,"gold_loss":0,"cards_obtained":["Glacier"]}],"is_beta":false,"boss_relics":[{"not_picked":["Busted Crown","White Beast Statue"],"picked":"Runic Pyramid"}],"items_purged_floors":[21],"is_endless":false,"potions_floor_spawned":[3,11,14,16,18,29,31],"killed_by":"Automaton","ascension_level":14}