{"gold_per_floor":[112,112,112,26,41,41,74,94,165,132,146,146,173,184,184,255,255,267,217,217,227,227,227,227],"floor_reached":24,"playtime":1388,"items_purged":[],"score":371,"play_id":"6686d3fc-da82-41e3-8df6-57084f93c6c1","local_time":"20190427020129","is_ascension_mode":true,"campfire_choices":[{"data":"Neutralize","floor":6.0,"key":"SMITH"},{"data":"Envenom","floor":12,"key":"SMITH"},{"floor":15,"key":"REST"},{"floor":23,"key":"REST"}],"neow_cost":"NONE","seed_source_timestamp":0,"circlet_count":0,"master_deck":["AscendersBane","Survivor","Neutralize+1","Underhanded Strike","Cloak And Dagger","Envenom+1","Acrobatics","Skewer","Backflip","Accuracy","PiercingWail","Dash","Tools of the Trade","Bullet Time","Dagger Throw","Quick Slash","Tactician","Glass Knife","Venomology","Skewer","Bouncing Flask","Wraith Form v2","Noxious Fumes","Dash+1","Decay"],"special_seed":0,"relics":["Ring of the Snake","Boot","Ice Cream","Dodecahedron","Smiling Mask","Pandora\u0027s Box"],"potions_floor_usage":[7,11,13,16,18,24],"damage_taken":[{"damage":0.0,"enemies":"Jaw Worm","floor":1.0,"turns":4.0},{"damage":0.0,"enemies":"Cultist","floor":5.0,"turns":5.0},{"damage":6,"enemies":"3 Sentries","floor":7,"turns":12},{"damage":0,"enemies":"2 Louse","floor":8,"turns":2},{"damage":9,"enemies":"Exordium Thugs","floor":10,"turns":5},{"damage":0,"enemies":"Blue Slaver","floor":11,"turns":5},{"damage":26,"enemies":"Gremlin Nob","floor":13,"turns":5},{"damage":7,"enemies":"3 Louse","floor":14,"turns":4},{"damage":43,"enemies":"The Guardian","floor":16,"turns":18},{"damage":16,"enemies":"Shell Parasite","floor":18,"turns":5},{"damage":27,"enemies":"3 Byrds","floor":21,"turns":5},{"damage":26,"enemies":"Book of Stabbing","floor":24,"turns":4}],"seed_played":"757933751333932399","potions_obtained":[{"floor":1.0,"key":"Explosive Potion"},{"floor":5.0,"key":"Swift Potion"},{"floor":10,"key":"Energy Potion"},{"floor":11,"key":"Regen Potion"},{"floor":16,"key":"SteroidPotion"}],"is_trial":false,"path_per_floor":["M","?","?","$","M","R","E","M","T","M","M","R","E","M","R","B",null,"M","?","$","M","?","R","E"],"character_chosen":"THE_SILENT","items_purchased":["Envenom"],"campfire_rested":2,"item_purchase_floors":[4],"current_hp_per_floor":[59,59,59,59,59,59,53,53,53,44,44,44,33,26,45,2,50,34,34,34,7,7,26,0],"gold":227,"neow_bonus":"TRANSFORM_CARD","is_prod":false,"is_daily":false,"chose_seed":false,"campfire_upgraded":2,"win_rate":0,"timestamp":1556352089,"path_taken":["M","?","?","?","M","R","E","M","T","M","?","R","E","M","R","BOSS","M","?","?","?","?","R","E"],"build_version":"2019-04-23","purchased_purges":0,"victory":false,"max_hp_per_floor":[66,66,66,66,66,66,66,66,66,66,66,66,66,66,66,66,66,66,66,66,66,66,66,66],"card_choices":[{"not_picked":["Terror","Outmaneuver"],"picked":"Cloak And Dagger","floor":1.0},{"not_picked":["Choke","Poisoned Stab"],"picked":"Acrobatics","floor":5.0},{"not_picked":["Finisher","Deflect"],"picked":"Skewer","floor":7},{"not_picked":["Dodge and Roll","Flying Knee"],"picked":"Backflip","floor":8},{"not_picked":["Quick Slash","Cloak And Dagger"],"picked":"Accuracy","floor":10},{"not_picked":["Outmaneuver","Dagger Spray"],"picked":"PiercingWail","floor":11},{"not_picked":["Flechettes","Deadly Poison"],"picked":"Dash","floor":13},{"not_picked":["Leg Sweep","Escape Plan","Reflex"],"picked":"SKIP","floor":14},{"not_picked":["Adrenaline","Unload"],"picked":"Tools of the Trade","floor":16},{"not_picked":["PiercingWail","Masterful Stab"],"picked":"Noxious Fumes","floor":18},{"not_picked":["Outmaneuver+1","Slice"],"picked":"Dash+1","floor":21}],"player_experience":920735,"relics_obtained":[{"floor":7,"key":"Ice Cream"},{"floor":9,"key":"Dodecahedron"},{"floor":13,"key":"Smiling Mask"}],"event_choices":[{"damage_healed":0.0,"max_hp_gain":0.0,"max_hp_loss":0.0,"gold_gain":0.0,"event_name":"Big Fish","player_choice":"Box","floor":2.0,"gold_loss":0.0,"damage_taken":0.0,"relics_obtained":["Boot"],"cards_obtained":["Regret"]},{"cards_removed":["Regret"],"damage_healed":0.0,"max_hp_gain":0.0,"max_hp_loss":0.0,"gold_gain":0.0,"event_name":"Living Wall","player_choice":"Forget","floor":3.0,"gold_loss":0.0,"damage_taken":0.0},{"damage_healed":0,"gold_gain":0,"player_choice":"Bet on Murderer","damage_taken":0,"max_hp_gain":0,"max_hp_loss":0,"event_name":"The Joust","floor":19,"gold_loss":50},{"damage_healed":0,"gold_gain":0,"player_choice":"Smashed Altar","damage_taken":0,"max_hp_gain":0,"max_hp_loss":0,"event_name":"Forgotten Altar","floor":22,"gold_loss":0,"cards_obtained":["Decay"]}],"is_beta":true,"boss_relics":[{"not_picked":["Ectoplasm","Sozu"],"picked":"Pandora\u0027s Box"}],"items_purged_floors":[],"is_endless":false,"potions_floor_spawned":[1,5,10,11,16],"killed_by":"Book of Stabbing","ascension_level":16}