{"gold_per_floor":[117,117,117,133,48,74,74,107,107,107,107,122,122,139,139,139],"floor_reached":16,"playtime":820,"items_purged":[],"score":211,"play_id":"40546b3e-f46e-44ab-93ba-ffc58812568c","local_time":"20190412171010","is_ascension_mode":true,"campfire_choices":[{"floor":7,"key":"REST"},{"floor":10,"key":"REST"},{"floor":11,"key":"REST"},{"floor":13,"key":"REST"},{"data":"Multi-Cast","floor":15,"key":"SMITH"}],"neow_cost":"TEN_PERCENT_HP_LOSS","seed_source_timestamp":251427169181754,"circlet_count":0,"master_deck":["AscendersBane","Strike_B","Strike_B","Strike_B","Defend_B","Defend_B","Defend_B","Defend_B","Zap","Dualcast","Secret Weapon","Thinking Ahead","Skim","Turbo","Defragment","Electrodynamics","Multi-Cast+1","Steam","Sweeping Beam"],"relics":["Cracked Core","Calipers","Oddly Smooth Stone","WingedGreaves"],"potions_floor_usage":[6,8,16],"damage_taken":[{"damage":1,"enemies":"Cultist","floor":1,"turns":3},{"damage":4,"enemies":"Small Slimes","floor":4,"turns":4},{"damage":36,"enemies":"Gremlin Nob","floor":6,"turns":4},{"damage":34,"enemies":"Lagavulin","floor":8,"turns":7},{"damage":11,"enemies":"Jaw Worm","floor":12,"turns":4},{"damage":12,"enemies":"Large Slime","floor":14,"turns":4},{"damage":42,"enemies":"The Guardian","floor":16,"turns":14}],"seed_played":"6995014382944384086","potions_obtained":[{"floor":4,"key":"PowerPotion"},{"floor":6,"key":"Strength Potion"},{"floor":14,"key":"Fire Potion"}],"is_trial":false,"path_per_floor":["M","?","?","M","$","E","R","E","T","R","R","M","R","M","R","B"],"character_chosen":"DEFECT","items_purchased":["Defragment"],"campfire_rested":4,"item_purchase_floors":[5],"current_hp_per_floor":[63,63,63,59,59,23,42,8,8,27,46,35,54,42,42,0],"gold":139,"neow_bonus":"RANDOM_COLORLESS_2","is_prod":false,"is_daily":false,"chose_seed":false,"campfire_upgraded":1,"win_rate":0,"timestamp":1555103410,"path_taken":["M","?","?","M","$","E","R","E","T","R","R","?","R","M","R","BOSS"],"build_version":"2019-01-23","purchased_purges":0,"victory":false,"max_hp_per_floor":[64,64,64,64,64,64,64,64,64,64,64,64,64,64,64,64],"card_choices":[{"not_picked":["Beam Cell","Stack"],"picked":"Skim","floor":1},{"not_picked":["Sweeping Beam","Coolheaded"],"picked":"Turbo","floor":4},{"not_picked":["Stack","Loop"],"picked":"Electrodynamics","floor":6},{"not_picked":["Scrape","Cold Snap"],"picked":"Multi-Cast","floor":8},{"not_picked":["Barrage","Sweeping Beam"],"picked":"Steam","floor":12},{"not_picked":["Stack","Ball Lightning"],"picked":"Sweeping Beam","floor":14}],"player_experience":3374367,"relics_obtained":[{"floor":6,"key":"Calipers"},{"floor":8,"key":"Oddly Smooth Stone"},{"floor":9,"key":"WingedGreaves"}],"event_choices":[{"damage_healed":0,"gold_gain":0,"player_choice":"Ignored","damage_taken":0,"max_hp_gain":0,"max_hp_loss":0,"event_name":"Shining Light","floor":2,"gold_loss":0},{"cards_removed":["Strike_B"],"damage_healed":0,"gold_gain":0,"player_choice":"Purged","damage_taken":0,"max_hp_gain":0,"max_hp_loss":0,"event_name":"Purifier","floor":3,"gold_loss":0}],"is_beta":false,"boss_relics":[],"items_purged_floors":[],"is_endless":false,"potions_floor_spawned":[4,6,14],"killed_by":"The Guardian","ascension_level":19}