{"gold_per_floor":[113,113,113,3,19,50,50,79,102,102,131,131,194,214,214,309,309,325,341,358,377,223,223,239,253,253,253,280,292,9,21,21,21],"floor_reached":33,"playtime":2959,"items_purged":["Strike_R"],"score":334,"play_id":"d410f3ed-70f3-4d5a-8ac3-5086de7305ab","local_time":"20181204150210","is_ascension_mode":true,"campfire_choices":[{"floor":7,"key":"REST"},{"floor":12,"key":"REST"},{"data":"True Grit","floor":15,"key":"SMITH"},{"floor":23,"key":"REST"},{"floor":27,"key":"REST"},{"floor":32,"key":"REST"}],"neow_cost":"NONE","seed_source_timestamp":1785493294665025,"circlet_count":0,"master_deck":["Strike_R+1","Defend_R+1","Defend_R","Defend_R","Defend_R","Bash+1","Burning Pact","Feel No Pain","Cleave","True Grit+1","Seeing Red","Shrug It Off","Fiend Fire","Impervious+1","Sentinel+1","Juggernaut+1","Body Slam","Reckless Charge","Corruption","Spot Weakness+1","Limit Break","True Grit","Power Through+1","Carnage+1","Pummel+1","True Grit","Uppercut+1"],"relics":["Burning Blood","Orichalcum","Gambling Chip","Paper Frog","Potion Belt","Odd Mushroom","Tiny Chest","Astrolabe","Molten Egg 2","Red Mask","Bottled Lightning"],"potions_floor_usage":[8,16,24,24,28,31],"damage_taken":[{"damage":9,"enemies":"Jaw Worm","floor":1,"turns":3},{"damage":1,"enemies":"2 Louse","floor":5,"turns":4},{"damage":57,"enemies":"Lagavulin","floor":6,"turns":7},{"damage":31,"enemies":"3 Sentries","floor":8,"turns":11},{"damage":12,"enemies":"The Mushroom Lair","floor":11,"turns":4},{"damage":30,"enemies":"Gremlin Nob","floor":13,"turns":5},{"damage":0,"enemies":"Small Slimes","floor":14,"turns":3},{"damage":31,"enemies":"The Guardian","floor":16,"turns":12},{"damage":0,"enemies":"Spheric Guardian","floor":18,"turns":3},{"damage":20,"enemies":"3 Byrds","floor":19,"turns":5},{"damage":19,"enemies":"Shelled Parasite and Fungi","floor":20,"turns":6},{"damage":21,"enemies":"Centurion and Healer","floor":21,"turns":12},{"damage":14,"enemies":"Snecko","floor":24,"turns":5},{"damage":12,"enemies":"Snake Plant","floor":25,"turns":4},{"damage":22,"enemies":"Masked Bandits","floor":28,"turns":6},{"damage":28,"enemies":"Chosen and Byrds","floor":29,"turns":6},{"damage":8,"enemies":"Snecko","floor":31,"turns":5},{"damage":47,"enemies":"Collector","floor":33,"turns":5}],"seed_played":"7384359069520708707","potions_obtained":[{"floor":1,"key":"GamblersBrew"},{"floor":13,"key":"Explosive Potion"},{"floor":14,"key":"PowerPotion"},{"floor":18,"key":"Ancient Potion"},{"floor":21,"key":"Poison Potion"},{"floor":29,"key":"AttackPotion"}],"is_trial":false,"path_per_floor":["M","?","?","$","M","E","R","E","T","?","?","R","E","M","R","B",null,"M","M","M","M","$","R","M","M","T","R","?","M","$","M","R","B"],"character_chosen":"IRONCLAD","items_purchased":["Feel No Pain","Limit Break","Bottled Lightning","True Grit"],"campfire_rested":5,"item_purchase_floors":[4,22,30,30],"current_hp_per_floor":[77,61,58,58,63,12,36,11,11,37,31,55,31,37,37,12,63,69,55,42,27,27,51,43,37,37,61,45,23,23,21,45,0],"gold":21,"neow_bonus":"UPGRADE_CARD","is_prod":false,"is_daily":false,"chose_seed":false,"campfire_upgraded":1,"win_rate":0,"timestamp":1543953730,"path_taken":["M","?","?","$","M","E","R","E","T","?","?","R","E","M","R","BOSS","M","M","M","M","$","R","M","M","T","R","?","M","$","M","R","BOSS"],"build_version":"2018-11-15","purchased_purges":1,"victory":false,"max_hp_per_floor":[80,80,80,80,80,80,80,80,80,80,80,80,80,80,80,80,80,80,80,80,80,80,80,80,80,80,80,80,80,80,80,80,80],"card_choices":[{"not_picked":["Heavy Blade","Evolve"],"picked":"Burning Pact","floor":1},{"not_picked":["Clash","Flex","Feel No Pain"],"picked":"SKIP","floor":5},{"not_picked":["Sword Boomerang","Second Wind"],"picked":"Cleave","floor":6},{"not_picked":["Rage","Iron Wave"],"picked":"True Grit","floor":8},{"not_picked":["Iron Wave","Shrug It Off"],"picked":"Seeing Red","floor":11},{"not_picked":["Sentinel","Warcry","Heavy Blade"],"picked":"SKIP","floor":13},{"not_picked":["Warcry","Intimidate"],"picked":"Shrug It Off","floor":14},{"not_picked":["Bludgeon","Dark Embrace"],"picked":"Fiend Fire","floor":16},{"not_picked":["Disarm","Sentinel"],"picked":"Body Slam","floor":18},{"not_picked":["Flex","Dropkick"],"picked":"Reckless Charge","floor":19},{"not_picked":["Twin Strike+1","Perfected Strike"],"picked":"Corruption","floor":20},{"not_picked":["Clothesline+1","Wild Strike"],"picked":"Spot Weakness+1","floor":21},{"not_picked":["Iron Wave","Rupture"],"picked":"True Grit","floor":24},{"not_picked":["Iron Wave","Blood for Blood"],"picked":"Power Through+1","floor":25},{"not_picked":["Entrench","Sever Soul+1"],"picked":"Carnage+1","floor":28},{"not_picked":["Headbutt+1","Carnage+1"],"picked":"Pummel+1","floor":29},{"not_picked":["Berserk","Carnage+1"],"picked":"Uppercut+1","floor":31}],"player_experience":2639813,"relics_obtained":[{"floor":6,"key":"Gambling Chip"},{"floor":8,"key":"Paper Frog"},{"floor":9,"key":"Potion Belt"},{"floor":11,"key":"Odd Mushroom"},{"floor":13,"key":"Tiny Chest"},{"floor":26,"key":"Molten Egg 2"},{"floor":28,"key":"Red Mask"}],"event_choices":[{"damage_healed":0,"gold_gain":0,"player_choice":"Entered Light","damage_taken":16,"max_hp_gain":0,"max_hp_loss":0,"event_name":"Shining Light","floor":2,"gold_loss":0,"cards_upgraded":["Defend_R","Strike_R"]},{"damage_healed":0,"gold_gain":0,"player_choice":"Success","damage_taken":3,"relics_obtained":["Orichalcum"],"max_hp_gain":0,"max_hp_loss":0,"event_name":"Scrap Ooze","floor":3,"gold_loss":0},{"damage_healed":26,"gold_gain":0,"player_choice":"Banana","damage_taken":0,"max_hp_gain":0,"max_hp_loss":0,"event_name":"Big Fish","floor":10,"gold_loss":0},{"damage_healed":0,"gold_gain":0,"player_choice":"Fought Mushrooms","damage_taken":0,"max_hp_gain":0,"max_hp_loss":0,"event_name":"Mushrooms","floor":11,"gold_loss":0},{"damage_healed":0,"gold_gain":0,"player_choice":"Fought Bandits","damage_taken":0,"max_hp_gain":0,"max_hp_loss":0,"event_name":"Masked Bandits","floor":28,"gold_loss":0}],"is_beta":false,"boss_relics":[{"not_picked":["Sozu","Runic Cube"],"picked":"Astrolabe"}],"items_purged_floors":[4],"is_endless":false,"potions_floor_spawned":[1,13,14,18,21,29],"killed_by":"Collector","ascension_level":5}