{"path_per_floor":["M","M","?","$","M","R","E","R","T","$","?","M","$","M","R","B",null,"M","?","$","?","T","?","M","M","T","R","$","R","M"],"character_chosen":"THE_SILENT","items_purchased":["Noxious Fumes","Footwork","Acrobatics","Mind Blast","Prepared"],"gold_per_floor":[109,129,129,49,72,72,113,113,168,93,168,187,20,43,43,169,169,184,184,139,139,139,139,153,172,172,172,37,37,55],"floor_reached":31,"campfire_rested":2,"playtime":3276,"current_hp_per_floor":[68,68,51,51,48,48,16,37,37,37,26,23,23,23,44,34,70,70,70,70,70,70,70,54,32,32,38,38,46,40],"items_purged":["Strike_G","Strike_G"],"gold":55,"play_id":"39932021-7f52-4f42-9ff7-000003247d9c","is_prod":false,"is_daily":false,"campfire_rituals":0,"campfire_upgraded":3,"is_hardmode":false,"path_taken":["M","?","?","$","M","R","E","R","T","$","?","M","$","M","R","BOSS","M","?","$","?","?","?","?","M","T","R","$","R","M","M"],"build_version":"2018-01-11-PROD2","purchased_purges":2,"victory":false,"master_deck":["Defend_G","Defend_G","Defend_G","Defend_G","Defend_G","Strike_G","Strike_G","Survivor","Neutralize","Poisoned Stab","Acrobatics","Noxious Fumes","Calculated Gamble","Escape Plan","Footwork","After Image","Acrobatics","Noxious Fumes","Underhanded Strike","Mind Blast","Prepared","Leg Sweep"],"max_hp_per_floor":[70,70,70,70,70,70,70,70,70,70,70,70,70,70,70,70,70,70,70,70,70,70,70,70,70,70,70,70,70,70],"relics":["Ring of the Snake","Bloody Idol","Ginger","Ancient Tea Set","Eternal Feather","Omamori","Unceasing Top"],"campfire_meditates":0,"card_choices":[{"not_picked":["Dodge and Roll","Predator"],"picked":"Poisoned Stab"},{"not_picked":["Deflect","Outmaneuver"],"picked":"Acrobatics"},{"not_picked":["Bane","Quick Slash"],"picked":"Calculated Gamble"},{"not_picked":["Endless Agony","Bouncing Flask"],"picked":"Escape Plan"},{"not_picked":["Envenom","A Thousand Cuts"],"picked":"After Image"},{"not_picked":["Poisoned Stab","Sucker Punch"],"picked":"Underhanded Strike"},{"not_picked":["Deadly Poison","Choke"],"picked":"Leg Sweep"}],"player_experience":51766,"potions_floor_usage":[18,18,24],"damage_taken":[{"damage":2,"enemies":"Blue Slaver","floor":1,"turns":5},{"damage":0,"enemies":"Cultist","floor":2,"turns":5},{"damage":3,"enemies":"2 Louse","floor":5,"turns":3},{"damage":32,"enemies":"Lagavulin","floor":7,"turns":8},{"damage":3,"enemies":"2 Fungi Beasts","floor":12,"turns":4},{"damage":0,"enemies":"Exordium Wildlife","floor":14,"turns":6},{"damage":10,"enemies":"Hexaghost","floor":16,"turns":10},{"damage":0,"enemies":"3 Byrds","floor":18,"turns":5},{"damage":26,"enemies":"2 Thieves","floor":24,"turns":5},{"damage":27,"enemies":"Sentry and Sphere","floor":25,"turns":8},{"damage":11,"enemies":"Centurion and Healer","floor":30,"turns":6},{"damage":40,"enemies":"Chosen and Byrds","floor":31,"turns":4}],"event_choices":[{"event_name":"Golden Idol","player_choice":"Take Damage","floor":3,"damage_taken":0},{"event_name":"World of Goop","player_choice":"Gather Gold","floor":11,"damage_taken":0},{"event_name":"Forgotten Altar","player_choice":"Gave Idol","floor":19,"damage_taken":0},{"event_name":"Purifier","player_choice":"One Purge","floor":21,"damage_taken":0},{"event_name":"Duplicator","player_choice":"One dupe","floor":23,"damage_taken":0}],"boss_relics":[{"not_picked":["Cursed Key","Velvet Choker"],"picked":"Eternal Feather"}],"potions_floor_spawned":[2,7,18],"seed_played":"-4749025924164415669","killed_by":"Chosen and Byrds","is_trial":false}