{"gold_per_floor":[118,15,90,90,105,138,158,158,208,237,237,237,237,249,249,325,325,337,337,262,40,57,57,71,101,101,101,130,130,55,35,35,108,108,128,128,147,167,167,167],"floor_reached":40,"playtime":2461,"items_purged":["Strike_G"],"score":960,"play_id":"1c3c24b4-4746-4909-9c29-e4f80984d9dd","local_time":"20190423130319","is_ascension_mode":true,"campfire_choices":[{"data":"Neutralize","floor":8,"key":"SMITH"},{"data":"Noxious Fumes","floor":12,"key":"SMITH"},{"floor":15,"key":"REST"},{"floor":23,"key":"REST"},{"floor":27,"key":"REST"},{"data":"Night Terror","floor":29,"key":"SMITH"},{"data":"Dash","floor":32,"key":"SMITH"}],"neow_cost":"NONE","seed_source_timestamp":1185376355209794,"circlet_count":0,"master_deck":["AscendersBane","Defend_G","Defend_G","Defend_G","Defend_G","Defend_G","Strike_G","Survivor","Neutralize+1","Dagger Throw","Noxious Fumes+1","Deadly Poison","Backstab","Adrenaline","Noxious Fumes+1","Night Terror+1","Adrenaline","Backflip","Escape Plan","Dash+1","Bullet Time","Parasite","Catalyst+1"],"relics":["Ring of the Serpent","NeowsBlessing","Boot","Juzu Bracelet","Snake Skull","Mummified Hand","Empty Cage","PreservedInsect","Art of War","Letter Opener","Ornamental Fan","Singing Bowl"],"potions_floor_usage":[10,24,28,33,40,40],"damage_taken":[{"damage":0,"enemies":"2 Louse","floor":1,"turns":1},{"damage":0,"enemies":"Cultist","floor":5,"turns":1},{"damage":0,"enemies":"Lagavulin","floor":6,"turns":1},{"damage":2,"enemies":"Jaw Worm","floor":7,"turns":3},{"damage":10,"enemies":"3 Sentries","floor":10,"turns":6},{"damage":16,"enemies":"Exordium Thugs","floor":14,"turns":4},{"damage":13,"enemies":"Hexaghost","floor":16,"turns":7},{"damage":18,"enemies":"3 Byrds","floor":18,"turns":4},{"damage":7,"enemies":"Spheric Guardian","floor":22,"turns":5},{"damage":0,"enemies":"Snecko","floor":24,"turns":5},{"damage":9,"enemies":"Slavers","floor":25,"turns":4},{"damage":9,"enemies":"Gremlin Leader","floor":28,"turns":4},{"damage":17,"enemies":"Champ","floor":33,"turns":11},{"damage":2,"enemies":"Orb Walker","floor":35,"turns":4},{"damage":14,"enemies":"3 Darklings","floor":37,"turns":4},{"damage":33,"enemies":"Writhing Mass","floor":38,"turns":5},{"damage":17,"enemies":"Nemesis","floor":40,"turns":5}],"seed_played":"122984567774314008","potions_obtained":[{"floor":5,"key":"AttackPotion"},{"floor":14,"key":"Strength Potion"},{"floor":18,"key":"SteroidPotion"},{"floor":22,"key":"SkillPotion"},{"floor":25,"key":"GhostInAJar"},{"floor":31,"key":"SmokeBomb"},{"floor":33,"key":"Poison Potion"},{"floor":35,"key":"Explosive Potion"}],"is_trial":false,"path_per_floor":["M","$","?","?","M","E","M","R","T","E","?","R","T","M","R","B",null,"M","?","?","$","M","R","M","E","T","R","E","R","$","?","R","B",null,"M","?","M","M","?","E"],"character_chosen":"THE_SILENT","items_purchased":["Noxious Fumes","Deadly Poison","Art of War","Backflip"],"campfire_rested":3,"item_purchase_floors":[2,2,21,21],"current_hp_per_floor":[59,59,48,48,48,48,46,46,46,36,29,29,29,13,32,19,54,36,36,36,36,29,48,48,39,39,58,51,51,51,51,51,34,60,60,60,48,15,15,0],"gold":167,"neow_bonus":"THREE_ENEMY_KILL","is_prod":false,"is_daily":false,"chose_seed":false,"campfire_upgraded":4,"win_rate":0,"timestamp":1556038999,"path_taken":["M","$","?","?","M","E","?","R","T","E","?","R","?","M","R","BOSS","M","?","?","$","M","R","M","E","T","R","E","R","$","?","R","BOSS","M","?","M","M","?","E"],"build_version":"2019-01-23","purchased_purges":1,"victory":false,"max_hp_per_floor":[66,66,66,66,66,66,66,66,66,66,66,66,66,66,66,66,66,66,66,66,66,66,66,66,66,66,66,68,68,68,68,68,68,68,70,70,72,72,72,72],"card_choices":[{"not_picked":["Blade Dance","Prepared"],"picked":"Dagger Throw","floor":1},{"not_picked":["Finisher","Blade Dance"],"picked":"Backstab","floor":5},{"not_picked":["Skewer","Calculated Gamble"],"picked":"Adrenaline","floor":6},{"not_picked":["Bane","Quick Slash"],"picked":"Noxious Fumes","floor":7},{"not_picked":["Bouncing Flask","Slice"],"picked":"Night Terror","floor":10},{"not_picked":["Slice","Dodge and Roll","Choke"],"picked":"SKIP","floor":14},{"not_picked":["Tools of the Trade","Phantasmal Killer"],"picked":"Adrenaline","floor":16},{"not_picked":["Bouncing Flask","Dagger Spray","Sucker Punch"],"picked":"SKIP","floor":18},{"not_picked":["Bane","Blade Dance"],"picked":"Escape Plan","floor":22},{"not_picked":["Dagger Throw+1","Eviscerate"],"picked":"Dash","floor":24},{"not_picked":["Deflect","Eviscerate","All Out Attack"],"picked":"SKIP","floor":25},{"not_picked":["Glass Knife","All Out Attack+1","Riddle With Holes"],"picked":"Singing Bowl","floor":28},{"not_picked":["Unload","Night Terror"],"picked":"Bullet Time","floor":33},{"not_picked":["Acrobatics","Setup","Blade Dance"],"picked":"Singing Bowl","floor":35},{"not_picked":["Finisher","Bane+1","Dagger Throw+1"],"picked":"Singing Bowl","floor":37},{"not_picked":["Slice","Night Terror"],"picked":"Catalyst+1","floor":38}],"player_experience":3474989,"relics_obtained":[{"floor":6,"key":"Boot"},{"floor":9,"key":"Juzu Bracelet"},{"floor":10,"key":"Snake Skull"},{"floor":13,"key":"Mummified Hand"},{"floor":25,"key":"Letter Opener"},{"floor":26,"key":"Ornamental Fan"},{"floor":28,"key":"Singing Bowl"}],"event_choices":[{"damage_healed":0,"gold_gain":75,"player_choice":"Gather Gold","damage_taken":11,"max_hp_gain":0,"max_hp_loss":0,"event_name":"World of Goop","floor":3,"gold_loss":0},{"damage_healed":0,"gold_gain":0,"player_choice":"Forge","damage_taken":0,"max_hp_gain":0,"max_hp_loss":0,"event_name":"Accursed Blacksmith","floor":4,"gold_loss":0,"cards_upgraded":["Noxious Fumes"]},{"cards_removed":["Strike_G"],"damage_healed":0,"gold_gain":0,"player_choice":"Card Removal","damage_taken":7,"max_hp_gain":0,"max_hp_loss":0,"event_name":"Golden Wing","floor":11,"gold_loss":0},{"damage_healed":0,"gold_gain":0,"player_choice":"Opened","damage_taken":0,"relics_obtained":["PreservedInsect"],"max_hp_gain":0,"max_hp_loss":0,"event_name":"The Mausoleum","floor":19,"gold_loss":0,"cards_obtained":["Writhe"]},{"cards_removed":["Writhe"],"damage_healed":0,"gold_gain":0,"player_choice":"Gave Gold","damage_taken":0,"max_hp_gain":0,"max_hp_loss":0,"event_name":"Beggar","floor":20,"gold_loss":75},{"damage_healed":0,"gold_gain":0,"player_choice":"Bought 1 Potion","damage_taken":0,"max_hp_gain":0,"max_hp_loss":0,"event_name":"The Woman in Blue","floor":31,"gold_loss":0},{"damage_healed":0,"gold_gain":0,"player_choice":"Ignored","damage_taken":0,"max_hp_gain":0,"max_hp_loss":0,"event_name":"Tomb of Lord Red Mask","floor":36,"gold_loss":0},{"damage_healed":0,"gold_gain":0,"player_choice":"Ignored","damage_taken":0,"max_hp_gain":0,"max_hp_loss":0,"event_name":"Mysterious Sphere","floor":39,"gold_loss":0}],"is_beta":false,"boss_relics":[{"not_picked":["Black Star","White Beast Statue"],"picked":"Empty Cage"},{"not_picked":["Coffee Dripper","Calling Bell"],"picked":"Ring of the Serpent"}],"items_purged_floors":[30],"is_endless":false,"potions_floor_spawned":[5,14,18,22,25,33,35],"killed_by":"Nemesis","ascension_level":20}