{"gold_per_floor":[112,130,140,140,150,150,210,210,210,225,241,273,327,355,355,455,455,469,481,25,25,25,25,45,77,77,105,117,129,141,166,178,288,300,322,346,0,100,111,111,48,80,80,80,100,100,25,50,50,50],"floor_reached":51,"playtime":4294,"items_purged":["Defend_B","Strike_B","Strike_B"],"score":1038,"play_id":"2d8df667-a99b-42f2-bee2-03842f152a4d","local_time":"20190425215139","is_ascension_mode":true,"campfire_choices":[{"data":"Dualcast","floor":6.0,"key":"SMITH"},{"floor":8.0,"key":"REST"},{"floor":15.0,"key":"REST"},{"data":"Defragment","floor":23.0,"key":"SMITH"},{"floor":28.0,"key":"REST"},{"data":"Sunder","floor":30.0,"key":"SMITH"},{"data":"Double Energy","floor":32,"key":"SMITH"},{"data":"Panacea","floor":40,"key":"SMITH"},{"data":"Seek","floor":44,"key":"SMITH"},{"floor":46,"key":"REST"},{"data":"Blizzard","floor":49,"key":"SMITH"}],"neow_cost":"NONE","seed_source_timestamp":0,"circlet_count":0,"master_deck":["Zap+1","Dualcast+1","FTL","Glacier","Defragment+1","Sunder+1","BootSequence","Double Energy+1","Core Surge","Melter","Consume+1","Panacea+1","Blizzard+1","Self Repair","Biased Cognition","Beam Cell+1","Core Surge","Chaos+1","Seek+1","Double Energy+1","Chaos+1","Compile Driver+1","Beam Cell+1","Defragment+1","Chaos+1","Chaos+1","Glacier","Conserve Battery+1","FTL+1","Scrape+1","Coolheaded+1","Blizzard+1"],"special_seed":0,"relics":["Cracked Core","Tiny Chest","Pear","Peace Pipe","Lantern","Dead Branch","Empty Cage","Prayer Wheel","Oddly Smooth Stone","Letter Opener","MawBank","Astrolabe","Membership Card","PreservedInsect","StoneCalendar","Molten Egg 2","Gremlin Horn","Pen Nib","Anchor"],"potions_floor_usage":[33,38,50,50],"damage_taken":[{"damage":7.0,"enemies":"Jaw Worm","floor":1.0,"turns":3.0},{"damage":5.0,"enemies":"Small Slimes","floor":2.0,"turns":2.0},{"damage":1.0,"enemies":"Cultist","floor":3.0,"turns":3.0},{"damage":17.0,"enemies":"Large Slime","floor":5.0,"turns":6.0},{"damage":20.0,"enemies":"Lagavulin","floor":7.0,"turns":6.0},{"damage":4.0,"enemies":"Exordium Thugs","floor":10.0,"turns":6.0},{"damage":1.0,"enemies":"2 Fungi Beasts","floor":11.0,"turns":3.0},{"damage":6.0,"enemies":"3 Sentries","floor":12.0,"turns":9.0},{"damage":0.0,"enemies":"Gremlin Nob","floor":14.0,"turns":3.0},{"damage":59.0,"enemies":"Slime Boss","floor":16.0,"turns":12.0},{"damage":7.0,"enemies":"Chosen","floor":18.0,"turns":5.0},{"damage":0.0,"enemies":"Spheric Guardian","floor":19.0,"turns":1.0},{"damage":0.0,"enemies":"Snake Plant","floor":22.0,"turns":1.0},{"damage":5.0,"enemies":"Chosen and Byrds","floor":24.0,"turns":5.0},{"damage":40.0,"enemies":"Slavers","floor":25.0,"turns":8.0},{"damage":24.0,"enemies":"Gremlin Leader","floor":27.0,"turns":4.0},{"damage":0.0,"enemies":"Centurion and Healer","floor":31.0,"turns":5.0},{"damage":27,"enemies":"Collector","floor":33,"turns":9},{"damage":38,"enemies":"3 Darklings","floor":35,"turns":6},{"damage":0,"enemies":"3 Shapes","floor":36,"turns":3},{"damage":12,"enemies":"Mind Bloom Boss Battle","floor":38,"turns":5},{"damage":0,"enemies":"Spire Growth","floor":39,"turns":3},{"damage":0,"enemies":"Nemesis","floor":42,"turns":5},{"damage":30,"enemies":"Maw","floor":45,"turns":4},{"damage":0,"enemies":"Reptomancer","floor":48,"turns":3},{"damage":14,"enemies":"Time Eater","floor":50,"turns":11}],"seed_played":"2934881985442023528","potions_obtained":[{"floor":2.0,"key":"Poison Potion"},{"floor":5.0,"key":"GamblersBrew"},{"floor":7.0,"key":"Block Potion"},{"floor":10.0,"key":"SmokeBomb"},{"floor":16.0,"key":"Regen Potion"},{"floor":19.0,"key":"AttackPotion"},{"floor":24.0,"key":"FearPotion"},{"floor":27.0,"key":"EssenceOfSteel"},{"floor":33,"key":"FocusPotion"},{"floor":38,"key":"SteroidPotion"},{"floor":39,"key":"LiquidBronze"}],"is_trial":false,"path_per_floor":["M","M","M","?","M","R","E","R","T","M","M","E","T","E","R","B",null,"M","M","$","?","M","R","M","E","T","E","R","?","R","M","R","B",null,"M","M","$","?","M","R","$","E","T","R","M","R","$","E","R","B",null],"character_chosen":"DEFECT","items_purchased":["Prayer Wheel","Panacea","Membership Card","PreservedInsect","Regen Potion","Pen Nib"],"campfire_rested":4,"item_purchase_floors":[20,20,37,37,37,47],"current_hp_per_floor":[68,63,62,67,50,50,30,54,64,60,59,53,53,53,80,21,73,66,66,66,66,66,66,61,43,43,26,53,53,53,60,60,40,78,47,47,47,56,63,63,63,70,70,70,47,74,74,81,81,74],"gold":50,"neow_bonus":"UPGRADE_CARD","is_prod":false,"is_daily":false,"chose_seed":false,"campfire_upgraded":7,"win_rate":0,"timestamp":1556243499,"path_taken":["M","M","M","?","M","R","E","R","T","M","M","E","?","E","R","BOSS","M","M","$","?","M","R","M","E","T","E","R","?","R","M","R","BOSS","M","?","$","?","M","R","?","E","T","R","M","R","$","E","R","BOSS"],"build_version":"2019-01-23","purchased_purges":3,"victory":true,"max_hp_per_floor":[75,75,75,80,80,80,80,80,90,90,90,90,90,90,90,90,90,90,90,90,90,90,90,90,90,90,90,90,90,90,90,90,90,90,90,90,90,90,90,90,90,90,90,90,90,90,90,90,90,90],"card_choices":[{"not_picked":["Redo","Cold Snap","Hologram"],"picked":"SKIP","floor":1.0},{"not_picked":["Capacitor","Stack"],"picked":"FTL","floor":2.0},{"not_picked":["Stack","Ball Lightning","Storm"],"picked":"SKIP","floor":3.0},{"not_picked":["Undo","Static Discharge","Hello World"],"picked":"SKIP","floor":5.0},{"not_picked":["Turbo","Beam Cell"],"picked":"Glacier","floor":7.0},{"not_picked":["Chill","Redo"],"picked":"Defragment","floor":10.0},{"not_picked":["Barrage","Steam Power"],"picked":"Sunder","floor":11.0},{"not_picked":["Darkness","Doom and Gloom"],"picked":"BootSequence","floor":12.0},{"not_picked":["Reboot","Force Field"],"picked":"Double Energy","floor":14.0},{"not_picked":["Multi-Cast","Creative AI"],"picked":"Core Surge","floor":16.0},{"not_picked":["Hello World","Beam Cell"],"picked":"Melter","floor":18.0},{"not_picked":["Go for the Eyes","Turbo"],"picked":"Consume+1","floor":19.0},{"not_picked":["Static Discharge","Steam+1"],"picked":"Blizzard","floor":24.0},{"not_picked":["Cold Snap","Leap+1","Self Repair"],"picked":"SKIP","floor":24.0},{"not_picked":["Cold Snap","Leap+1"],"picked":"Self Repair","floor":24.0},{"not_picked":["Sweeping Beam","Melter"],"picked":"Biased Cognition","floor":25.0},{"not_picked":["Rebound+1","Hologram"],"picked":"Beam Cell+1","floor":27.0},{"not_picked":["Rebound+1","Redo"],"picked":"Core Surge","floor":31.0},{"not_picked":["Hello World","Go for the Eyes"],"picked":"Chaos+1","floor":31.0},{"not_picked":["Creative AI","Amplify"],"picked":"Seek","floor":33},{"not_picked":["Reinforced Body","Steam Power+1"],"picked":"Beam Cell+1","floor":35},{"not_picked":["Undo+1","Genetic Algorithm+1"],"picked":"Defragment+1","floor":35},{"not_picked":["Barrage+1","Steam"],"picked":"Chaos+1","floor":36},{"not_picked":["Reprogram","Tempest+1"],"picked":"Chaos+1","floor":36},{"not_picked":["Double Energy","Barrage"],"picked":"Glacier","floor":38},{"not_picked":["Turbo+1","Gash+1"],"picked":"Conserve Battery+1","floor":39},{"not_picked":["Go for the Eyes","Reinforced Body"],"picked":"FTL+1","floor":39},{"not_picked":["Steam","Compile Driver"],"picked":"Scrape+1","floor":42},{"not_picked":["Ball Lightning+1","Gash+1"],"picked":"Coolheaded+1","floor":45},{"not_picked":["Cold Snap+1","Turbo+1","Redo"],"picked":"SKIP","floor":45},{"not_picked":["Leap+1","Biased Cognition"],"picked":"Blizzard+1","floor":48}],"player_experience":168050,"relics_obtained":[{"floor":7.0,"key":"Tiny Chest"},{"floor":9.0,"key":"Pear"},{"floor":12.0,"key":"Peace Pipe"},{"floor":13.0,"key":"Lantern"},{"floor":14.0,"key":"Dead Branch"},{"floor":25.0,"key":"Oddly Smooth Stone"},{"floor":26.0,"key":"Letter Opener"},{"floor":27.0,"key":"MawBank"},{"floor":38,"key":"StoneCalendar"},{"floor":42,"key":"Molten Egg 2"},{"floor":43,"key":"Gremlin Horn"},{"floor":48,"key":"Anchor"}],"event_choices":[{"damage_healed":0.0,"max_hp_gain":5.0,"max_hp_loss":0.0,"gold_gain":0.0,"event_name":"Big Fish","player_choice":"Donut","floor":4.0,"gold_loss":0.0,"damage_taken":0.0},{"damage_healed":0.0,"max_hp_gain":0.0,"max_hp_loss":0.0,"gold_gain":0.0,"event_name":"Beggar","player_choice":"Ignored","floor":21.0,"gold_loss":0.0,"damage_taken":0.0},{"damage_healed":0.0,"max_hp_gain":0.0,"max_hp_loss":0.0,"gold_gain":0.0,"cards_transformed":["Defend_B"],"event_name":"Transmorgrifier","player_choice":"Transformed","floor":29.0,"gold_loss":0.0,"damage_taken":0.0,"cards_obtained":["Consume"]},{"damage_healed":0,"gold_gain":0,"player_choice":"Fight","damage_taken":0,"max_hp_gain":0,"max_hp_loss":0,"event_name":"MindBloom","floor":38,"gold_loss":0}],"is_beta":false,"boss_relics":[{"not_picked":["Philosopher\u0027s Stone","Tiny House"],"picked":"Empty Cage"},{"not_picked":["Calling Bell","Lizard Tail"],"picked":"Astrolabe"}],"items_purged_floors":[20,37,41],"is_endless":false,"potions_floor_spawned":[2,5,7,10,16,19,24,27,33,38,39,42],"ascension_level":5}