{"gold_per_floor":[114,127,127,127,302,327,327,12,12,12,12,12,12,48,48,172,172,191,291,314,327,351,351],"floor_reached":23,"playtime":850,"items_purged":["Doubt"],"score":233,"play_id":"f7195ba4-073c-41b8-92a1-9d9cebdcab11","local_time":"20190428103928","is_ascension_mode":true,"campfire_choices":[{"data":"Sunder","floor":7,"key":"SMITH"},{"data":"Dualcast","floor":10,"key":"SMITH"},{"data":"Defend_B","floor":13,"key":"SMITH"},{"data":"Defend_B","floor":15,"key":"SMITH"}],"neow_cost":"NONE","seed_source_timestamp":320713511417800,"circlet_count":0,"master_deck":["Strike_B","Strike_B","Defend_B+1","Defend_B+1","Defend_B","Zap+1","Dualcast+1","Sunder+1","Genetic Algorithm+1","Creative AI","Sunder+1","Double Energy+1","Steam Power+1","White Noise+1","BootSequence+1","Loop+1","Chaos+1"],"relics":["Cracked Core","Golden Idol","Toxic Egg 2","Odd Mushroom","Astrolabe"],"potions_floor_usage":[16,18,20,23,23],"damage_taken":[{"damage":2,"enemies":"Small Slimes","floor":1,"turns":3},{"damage":2,"enemies":"Jaw Worm","floor":2,"turns":2},{"damage":10,"enemies":"2 Louse","floor":6,"turns":2},{"damage":2,"enemies":"The Mushroom Lair","floor":14,"turns":3},{"damage":18,"enemies":"Slime Boss","floor":16,"turns":8},{"damage":10,"enemies":"Shell Parasite","floor":18,"turns":4},{"damage":0,"enemies":"Spheric Guardian","floor":20,"turns":4},{"damage":27,"enemies":"Centurion and Healer","floor":21,"turns":6},{"damage":22,"enemies":"3 Cultists","floor":22,"turns":5},{"damage":16,"enemies":"Slavers","floor":23,"turns":1}],"seed_played":"-6869568250143592250","potions_obtained":[{"floor":6,"key":"LiquidBronze"},{"floor":14,"key":"SkillPotion"},{"floor":18,"key":"SpeedPotion"},{"floor":20,"key":"Ancient Potion"},{"floor":22,"key":"Dexterity Potion"}],"is_trial":false,"path_per_floor":["M","M","?","?","?","M","R","$","T","R","$","?","R","?","R","B",null,"M","?","M","M","M","E"],"character_chosen":"DEFECT","items_purchased":["Toxic Egg 2"],"campfire_rested":0,"item_purchase_floors":[8],"current_hp_per_floor":[66,64,46,71,71,61,61,61,61,61,61,61,61,59,59,41,67,57,57,57,30,8,0],"gold":351,"neow_bonus":"UPGRADE_CARD","is_prod":false,"is_daily":false,"chose_seed":false,"campfire_upgraded":4,"win_rate":0,"timestamp":1556462368,"path_taken":["M","M","?","?","?","?","R","$","T","R","?","?","R","?","R","BOSS","M","?","M","?","?","E"],"build_version":"2019-01-23","purchased_purges":1,"victory":false,"max_hp_per_floor":[75,75,75,75,75,75,75,75,75,75,75,75,75,75,75,75,75,75,75,75,75,75,75],"card_choices":[{"not_picked":["Gash","Compile Driver"],"picked":"Sunder","floor":1},{"not_picked":["Compile Driver","Leap"],"picked":"Genetic Algorithm","floor":2},{"not_picked":["Barrage","Storm","Redo"],"picked":"SKIP","floor":6},{"not_picked":["All For One","Fission+1"],"picked":"Creative AI","floor":16},{"not_picked":["Steam Power+1","Streamline"],"picked":"White Noise+1","floor":18},{"not_picked":["Reinforced Body+1","Aggregate+1"],"picked":"BootSequence+1","floor":20},{"not_picked":["Cold Snap","Leap+1"],"picked":"Loop+1","floor":21},{"not_picked":["Sunder","Force Field+1"],"picked":"Chaos+1","floor":22}],"player_experience":212275,"relics_obtained":[{"floor":14,"key":"Odd Mushroom"}],"event_choices":[{"damage_healed":0,"gold_gain":0,"player_choice":"Take Damage","damage_taken":18,"relics_obtained":["Golden Idol"],"max_hp_gain":0,"max_hp_loss":0,"event_name":"Golden Idol","floor":3,"gold_loss":0},{"damage_healed":25,"gold_gain":0,"player_choice":"Banana","damage_taken":0,"max_hp_gain":0,"max_hp_loss":0,"event_name":"Big Fish","floor":4,"gold_loss":0},{"damage_healed":0,"gold_gain":175,"player_choice":"AGREE","damage_taken":0,"max_hp_gain":0,"max_hp_loss":0,"event_name":"Liars Game","floor":5,"gold_loss":0,"cards_obtained":["Doubt"]},{"damage_healed":0,"gold_gain":0,"player_choice":"Grow","damage_taken":0,"max_hp_gain":0,"max_hp_loss":0,"event_name":"Living Wall","floor":12,"gold_loss":0,"cards_upgraded":["Genetic Algorithm"]},{"damage_healed":0,"gold_gain":0,"player_choice":"Fought Mushrooms","damage_taken":0,"max_hp_gain":0,"max_hp_loss":0,"event_name":"Mushrooms","floor":14,"gold_loss":0},{"damage_healed":0,"gold_gain":100,"player_choice":"Pray","damage_taken":0,"max_hp_gain":0,"max_hp_loss":0,"event_name":"Golden Shrine","floor":19,"gold_loss":0}],"is_beta":false,"boss_relics":[{"not_picked":["Calling Bell","Philosopher\u0027s Stone"],"picked":"Astrolabe"}],"items_purged_floors":[8],"is_endless":false,"potions_floor_spawned":[6,14,18,20,22],"killed_by":"Slavers","ascension_level":6}