{"gold_per_floor":[144,189,189,189,234,324,324,414,414,459,459,504,40,115,115,415,415,460,385,430,55,55,145,145,235,235,280,325,370,460,10,10,310,310,355,355,400,700,700,790,880,133,208,253,85,175,175,220,220,220],"floor_reached":51,"playtime":5023,"items_purged":[],"score":1303,"play_id":"f0e11b1e-b5f7-4544-9961-83390e795c2d","local_time":"20190513132025","daily_mods":["SealedDeck","Hoarder","Midas"],"is_ascension_mode":false,"campfire_choices":[{"floor":7,"key":"REST"},{"floor":11,"key":"REST"},{"floor":15,"key":"REST"},{"floor":24,"key":"REST"},{"floor":32,"key":"REST"},{"floor":49,"key":"DIG"}],"neow_cost":"","seed_source_timestamp":0,"circlet_count":0,"master_deck":["FTL","FTL","FTL","Cold Snap","Cold Snap","Cold Snap+1","Compile Driver","Compile Driver","Compile Driver","Conserve Battery","Conserve Battery","Conserve Battery","Steam+1","Steam","Steam","Force Field","Force Field","Force Field+1","Recycle","Recycle","Recycle","Turbo","Turbo","Turbo","FTL","FTL","FTL","Self Repair","Self Repair+1","White Noise","White Noise","White Noise","Chill","Chill","Chill","Gash","Gash","Gash","Echo Form","Echo Form","Echo Form","Stack","Stack","Stack","Capacitor","Capacitor","Capacitor","Consume","Consume","Consume+1","Apotheosis","Apotheosis","Core Surge","Core Surge+1","Core Surge","Defragment","Defragment","Defragment","Aggregate+1","Aggregate+1","Aggregate+1","Barrage+1","Barrage+1","Barrage+1","Steam Power+1","Steam Power+1","Steam Power+1","BootSequence+1","BootSequence+1","BootSequence+1","Hologram+1","Hologram+1","Hologram+1","Loop+1","Loop+1","Loop+1","Turbo+1","Turbo+1","Turbo+1","Consume+1","Consume+1","Consume+1","Capacitor+1","Capacitor+1","Capacitor+1","Defragment+1","Defragment+1","Defragment+1","Loop+1","Loop+1","Loop+1","Defragment+1","Defragment+1","Defragment+1","Fusion+1","Fusion+1","Fusion+1","Barrage+1","Barrage+1","Barrage+1"],"special_seed":18029,"relics":["FrozenCore","Pear","Gambling Chip","Dream Catcher","Kunai","Potion Belt","Membership Card","Matryoshka","FossilizedHelix","Boot","Omamori","The Courier","WingedGreaves","Strawberry","Singing Bowl","Happy Flower","Tiny Chest","Bag of Preparation","Bottled Tornado","Vajra","Whetstone","Shovel","Pocketwatch","Frozen Egg 2","War Paint","Centennial Puzzle","Toxic Egg 2","Emotion Chip","DollysMirror","Mercury Hourglass","Shuriken","Question Card","Oddly Smooth Stone","Lantern","Symbiotic Virus","Dodecahedron"],"potions_floor_usage":[20,23,25,29,30,30,33,35,38,41,41,41,50,50],"damage_taken":[{"damage":0,"enemies":"2 Louse","floor":1,"turns":2},{"damage":0,"enemies":"Small Slimes","floor":2,"turns":4},{"damage":0,"enemies":"Jaw Worm","floor":5,"turns":3},{"damage":0,"enemies":"3 Sentries","floor":6,"turns":8},{"damage":20,"enemies":"Gremlin Nob","floor":8,"turns":4},{"damage":0,"enemies":"Exordium Wildlife","floor":10,"turns":2},{"damage":11,"enemies":"Red Slaver","floor":12,"turns":4},{"damage":33,"enemies":"The Guardian","floor":16,"turns":9},{"damage":0,"enemies":"Spheric Guardian","floor":18,"turns":3},{"damage":19,"enemies":"2 Thieves","floor":20,"turns":5},{"damage":22,"enemies":"Gremlin Leader","floor":23,"turns":7},{"damage":0,"enemies":"Book of Stabbing","floor":25,"turns":9},{"damage":0,"enemies":"Centurion and Healer","floor":27,"turns":7},{"damage":0,"enemies":"Cultist and Chosen","floor":28,"turns":7},{"damage":23,"enemies":"Snake Plant","floor":29,"turns":5},{"damage":18,"enemies":"Gremlin Leader","floor":30,"turns":4},{"damage":14,"enemies":"Champ","floor":33,"turns":10},{"damage":0,"enemies":"Orb Walker","floor":35,"turns":3},{"damage":22,"enemies":"3 Darklings","floor":37,"turns":8},{"damage":0,"enemies":"Mind Bloom Boss Battle","floor":38,"turns":6},{"damage":0,"enemies":"Giant Head","floor":40,"turns":8},{"damage":0,"enemies":"Reptomancer","floor":41,"turns":5},{"damage":0,"enemies":"Maw","floor":44,"turns":12},{"damage":0,"enemies":"Nemesis","floor":46,"turns":9},{"damage":0,"enemies":"Writhing Mass","floor":48,"turns":6},{"damage":0,"enemies":"Time Eater","floor":50,"turns":6}],"seed_played":"7421306700894987377","potions_obtained":[{"floor":6,"key":"SpeedPotion"},{"floor":10,"key":"FocusPotion"},{"floor":16,"key":"FearPotion"},{"floor":18,"key":"AttackPotion"},{"floor":25,"key":"Regen Potion"},{"floor":28,"key":"Regen Potion"},{"floor":30,"key":"Fire Potion"},{"floor":37,"key":"Weak Potion"},{"floor":38,"key":"SkillPotion"},{"floor":40,"key":"Fire Potion"}],"is_trial":false,"path_per_floor":["M","M","?","?","M","E","R","E","T","M","R","M","$","?","R","B",null,"M","?","M","$","?","E","R","E","T","M","M","M","E","$","R","B",null,"M","T","M","?","?","E","E","$","T","M","$","E","?","M","R","B",null],"character_chosen":"DEFECT","items_purchased":["Capacitor","Consume","Apotheosis","Potion Belt","Membership Card","Matryoshka","Strength Potion","Fire Potion","Strawberry","Singing Bowl","Happy Flower","Tiny Chest","Bag of Preparation","Bottled Tornado","Fire Potion","Swift Potion","War Paint","Centennial Puzzle","Toxic Egg 2","Emotion Chip","DollysMirror","Capacitor+1","Defragment+1","Mercury Hourglass","Block Potion","Poison Potion","Shuriken","Loop+1","Oddly Smooth Stone","Lantern","Defragment+1","Dexterity Potion"],"campfire_rested":5,"item_purchase_floors":[13,13,13,13,21,21,21,21,31,31,31,31,31,31,31,31,42,42,42,42,42,42,42,42,42,42,42,42,45,45,45,45],"current_hp_per_floor":[75,75,60,45,62,85,85,82,82,82,85,85,85,74,85,82,85,85,85,66,66,85,63,85,85,85,85,85,85,77,84,94,96,96,96,96,96,96,96,96,98,98,98,100,100,100,100,102,102,102],"gold":220,"neow_bonus":"","is_prod":false,"is_daily":true,"chose_seed":false,"campfire_upgraded":0,"win_rate":0,"timestamp":1557768025,"path_taken":["M","M","?","?","M","E","R","E","T","M","R","M","$","?","R","BOSS","M","?","M","$","?","E","R","E","T","M","M","M","E","?","R","BOSS","M","?","M","?","?","E","E","$","T","M","$","E","?","?","R","BOSS"],"build_version":"2019-01-23","purchased_purges":0,"victory":true,"max_hp_per_floor":[75,75,75,85,85,85,85,85,85,85,85,85,85,85,85,85,85,85,85,85,85,85,85,85,85,85,85,85,85,85,92,94,96,96,96,96,96,96,96,96,98,98,98,100,100,100,100,102,102,102],"card_choices":[{"not_picked":["Cold Snap","Steam","Sweeping Beam"],"picked":"SKIP","floor":1},{"not_picked":["Compile Driver","Hello World","Static Discharge"],"picked":"SKIP","floor":2},{"not_picked":["BootSequence","Darkness"],"picked":"White Noise","floor":5},{"not_picked":["Consume","Aggregate"],"picked":"Chill","floor":6},{"not_picked":["Storm","Lockon"],"picked":"Gash","floor":8},{"not_picked":["Scrape","Redo"],"picked":"Echo Form","floor":10},{"not_picked":["Double Energy","Leap"],"picked":"Stack","floor":11},{"not_picked":["Double Energy","Conserve Battery","Beam Cell"],"picked":"SKIP","floor":12},{"not_picked":["Creative AI","Buffer"],"picked":"Core Surge","floor":16},{"not_picked":["Conserve Battery","Hello World"],"picked":"Defragment","floor":18},{"not_picked":["Hologram","Beam Cell"],"picked":"Aggregate+1","floor":20},{"not_picked":["Tempest","Coolheaded"],"picked":"Barrage+1","floor":23},{"not_picked":["Beam Cell","Steam Power","Coolheaded"],"picked":"SKIP","floor":25},{"not_picked":["Hologram","Stack","Reinforced Body"],"picked":"SKIP","floor":27},{"not_picked":["Stack","Lockon+1","Cold Snap"],"picked":"SKIP","floor":28},{"not_picked":["Capacitor","Rebound+1","Thunder Strike"],"picked":"SKIP","floor":29},{"not_picked":["Redo+1","Auto Shields"],"picked":"Steam Power+1","floor":30},{"not_picked":["Barrage+1","Sweeping Beam+1","Ball Lightning+1"],"picked":"Singing Bowl","floor":32},{"not_picked":["Amplify","Multi-Cast","Hyperbeam"],"picked":"Singing Bowl","floor":33},{"not_picked":["Leap+1","Aggregate+1"],"picked":"BootSequence+1","floor":35},{"not_picked":["Double Energy","Rebound"],"picked":"Hologram+1","floor":37},{"not_picked":["Streamline+1","Beam Cell+1"],"picked":"Loop+1","floor":38},{"not_picked":["Cold Snap","Recycle"],"picked":"Turbo+1","floor":40},{"not_picked":["Skim","Sweeping Beam+1","Streamline"],"picked":"Singing Bowl","floor":41},{"not_picked":["Darkness+1","Streamline+1","Multi-Cast+1","Static Discharge+1"],"picked":"Singing Bowl","floor":44},{"not_picked":["Rebound+1","Force Field+1","Sunder"],"picked":"Fusion+1","floor":46},{"not_picked":["Stack+1","Static Discharge+1","Leap+1","Tempest+1"],"picked":"Singing Bowl","floor":48}],"player_experience":3659765,"relics_obtained":[{"floor":6,"key":"Gambling Chip"},{"floor":8,"key":"Dream Catcher"},{"floor":9,"key":"Kunai"},{"floor":23,"key":"FossilizedHelix"},{"floor":25,"key":"Boot"},{"floor":26,"key":"Omamori"},{"floor":26,"key":"The Courier"},{"floor":30,"key":"WingedGreaves"},{"floor":36,"key":"Vajra"},{"floor":36,"key":"Whetstone"},{"floor":38,"key":"Shovel"},{"floor":40,"key":"Pocketwatch"},{"floor":41,"key":"Frozen Egg 2"},{"floor":43,"key":"Question Card"},{"floor":46,"key":"Symbiotic Virus"},{"floor":49,"key":"Dodecahedron"}],"event_choices":[{"damage_healed":0,"gold_gain":0,"player_choice":"Entered Light","damage_taken":15,"max_hp_gain":0,"max_hp_loss":0,"event_name":"Shining Light","floor":3,"gold_loss":0,"cards_upgraded":["Self Repair","Steam"]},{"damage_healed":0,"gold_gain":0,"player_choice":"Success","damage_taken":25,"relics_obtained":["Pear"],"max_hp_gain":0,"max_hp_loss":0,"event_name":"Scrap Ooze","floor":4,"gold_loss":0},{"damage_healed":0,"gold_gain":75,"player_choice":"Gather Gold","damage_taken":11,"max_hp_gain":0,"max_hp_loss":0,"event_name":"World of Goop","floor":14,"gold_loss":0},{"cards_removed":["Apotheosis"],"damage_healed":0,"gold_gain":0,"player_choice":"Gave Gold","damage_taken":0,"max_hp_gain":0,"max_hp_loss":0,"event_name":"Beggar","floor":19,"gold_loss":75},{"damage_healed":28,"gold_gain":0,"player_choice":"Heal","damage_taken":0,"max_hp_gain":0,"max_hp_loss":0,"event_name":"The Library","floor":22,"gold_loss":0},{"damage_healed":0,"gold_gain":0,"player_choice":"Fight","damage_taken":0,"max_hp_gain":0,"max_hp_loss":0,"event_name":"MindBloom","floor":38,"gold_loss":0},{"cards_removed":["Self Repair"],"damage_healed":0,"gold_gain":0,"player_choice":"Removed Power","damage_taken":0,"max_hp_gain":0,"max_hp_loss":0,"event_name":"Falling","floor":39,"gold_loss":0},{"damage_healed":0,"gold_gain":0,"player_choice":"Copied","damage_taken":0,"max_hp_gain":0,"max_hp_loss":0,"event_name":"Duplicator","floor":47,"gold_loss":0,"cards_obtained":["Barrage"]}],"is_beta":false,"boss_relics":[{"not_picked":["Coffee Dripper","Runic Dome","Velvet Choker"]},{"not_picked":["White Beast Statue","Astrolabe"],"picked":"FrozenCore"}],"items_purged_floors":[],"is_endless":false,"potions_floor_spawned":[6,10,16,18,25,28,30,37,38,40,46],"ascension_level":0}