{"path_per_floor":["M","?","M","?","$","R","M","M","T","M","$","M","M","?","R","B",null,"M","$","?","M","M","R","M","$","T","R","M","R","M","?","R","B",null,"M","?","$","?","M","R","M","R","T","R","?","$","R","M","R"],"character_chosen":"THE_SILENT","items_purchased":["Footwork","Prepared","Outmaneuver","Prepared","Noxious Fumes","Caltrops","Acrobatics"],"gold_per_floor":[111,111,124,124,49,49,62,73,153,163,19,34,48,48,48,171,171,81,28,28,41,64,64,80,3,3,3,28,28,48,48,48,179,179,203,203,65,65,84,84,105,105,105,105,205,35,35,55,55],"floor_reached":50,"campfire_rested":2,"playtime":12220,"current_hp_per_floor":[70,56,56,49,49,49,49,60,60,60,60,60,60,43,43,43,70,65,65,65,48,46,46,41,41,41,41,35,56,54,70,70,66,70,55,55,55,55,49,49,49,49,49,49,49,49,49,57,70],"items_purged":["Strike_G","Strike_G","Defend_G"],"gold":55,"play_id":"ff9228b9-9246-4e5b-a8e3-f77f3f7636f8","is_prod":false,"is_daily":false,"campfire_rituals":0,"campfire_upgraded":9,"is_hardmode":false,"path_taken":["M","?","M","?","$","R","M","M","T","M","?","M","M","?","R","BOSS","M","$","?","?","M","R","M","$","T","R","M","R","?","?","R","BOSS","M","?","$","?","M","R","M","R","T","R","?","$","R","M","R","BOSS"],"build_version":"2018-01-18-PROD3","purchased_purges":3,"victory":false,"master_deck":["Defend_G","Defend_G","Defend_G","Defend_G","Survivor","Neutralize","Catalyst","Backflip","Blur","Deadly Poison","Footwork","Prepared","Outmaneuver","Backflip","Deflect","After Image","Backflip","Prepared","Blur","Noxious Fumes","Blur","Acrobatics","Acrobatics","Backstab","Caltrops","Prepared","Acrobatics"],"max_hp_per_floor":[70,70,70,70,70,70,70,70,70,70,70,70,70,70,70,70,70,70,70,70,70,70,70,70,70,70,70,70,70,70,70,70,70,70,70,70,70,70,70,70,70,70,70,70,70,70,70,70,70],"relics":["Ring of the Snake","Letter Opener","Golden Idol","Lizard Tail","Ice Cream","White Beast Statue","Sundial"],"campfire_meditates":0,"card_choices":[{"not_picked":["Slice","PiercingWail"],"picked":"Catalyst"},{"not_picked":["Quick Slash","PiercingWail"],"picked":"Backflip"},{"not_picked":["Malaise","Acrobatics"],"picked":"Blur"},{"not_picked":["PiercingWail","Acrobatics"],"picked":"Deadly Poison"},{"not_picked":["Outmaneuver","Well Laid Plans"],"picked":"Backflip"},{"not_picked":["PiercingWail","Dagger Spray"],"picked":"Deflect"},{"not_picked":["Adrenaline","Bullet Time"],"picked":"After Image"},{"not_picked":["Masterful Stab","Dagger Throw"],"picked":"Backflip"},{"not_picked":["Infinite Blades","Outmaneuver"],"picked":"Blur"},{"not_picked":["Malaise","Flying Knee"],"picked":"Blur"},{"not_picked":["Wraith Form","Sucker Punch"],"picked":"Acrobatics"},{"not_picked":["Backflip","Quick Slash"],"picked":"Acrobatics"},{"not_picked":["Backflip","Reflex"],"picked":"Prepared"}],"player_experience":71347,"potions_floor_usage":[8,16,22,33,33,39,41,48,50,50],"damage_taken":[{"damage":0,"enemies":"Jaw Worm","floor":1,"turns":4},{"damage":0,"enemies":"Small Slimes","floor":3,"turns":4},{"damage":0,"enemies":"2 Louse","floor":7,"turns":3},{"damage":4,"enemies":"Gremlin Gang","floor":8,"turns":12},{"damage":0,"enemies":"Exordium Wildlife","floor":10,"turns":5},{"damage":0,"enemies":"2 Fungi Beasts","floor":12,"turns":4},{"damage":0,"enemies":"3 Louse","floor":13,"turns":3},{"damage":0,"enemies":"The Guardian","floor":16,"turns":10},{"damage":5,"enemies":"2 Thieves","floor":18,"turns":5},{"damage":17,"enemies":"Chosen","floor":21,"turns":9},{"damage":2,"enemies":"Centurion and Healer","floor":22,"turns":17},{"damage":5,"enemies":"Snake Plant","floor":24,"turns":7},{"damage":6,"enemies":"Chosen and Byrds","floor":28,"turns":8},{"damage":2,"enemies":"Centurion and Healer","floor":30,"turns":10},{"damage":4,"enemies":"Collector","floor":33,"turns":8},{"damage":15,"enemies":"3 Darklings","floor":35,"turns":7},{"damage":6,"enemies":"Orb Walker","floor":39,"turns":8},{"damage":0,"enemies":"3 Darklings","floor":41,"turns":6},{"damage":7,"enemies":"Maw","floor":48,"turns":8},{"damage":138,"enemies":"Donu and Deca","floor":50,"turns":14}],"event_choices":[{"event_name":"Shining Light","player_choice":"Entered Light","floor":2,"damage_taken":0},{"event_name":"Golden Wing","player_choice":"Card Removal","floor":4,"damage_taken":0},{"event_name":"Golden Idol","player_choice":"Take Damage","floor":14,"damage_taken":0},{"event_name":"Beggar","player_choice":"Ignored","floor":20,"damage_taken":0},{"event_name":"Wheel of Change","player_choice":"Full Heal","floor":31,"damage_taken":0},{"event_name":"Transmorgrifier","player_choice":"Transform","floor":36,"damage_taken":0},{"event_name":"Golden Shrine","player_choice":"Pray","floor":45,"damage_taken":0}],"boss_relics":[{"not_picked":["Ectoplasm","The Specimen"],"picked":"Lizard Tail"},{"not_picked":["Cursed Key","Tiny House"],"picked":"White Beast Statue"}],"potions_floor_spawned":[3,7,13,22,24,28,35,39,41,48],"seed_played":"-6640710029455567268","killed_by":"Donu and Deca","is_trial":false}