{"gold_per_floor":[209,224,241,241,254,254,43,43,70,84,84,84,116,135,135,211,211,231,247,172,172],"floor_reached":21,"playtime":4850,"items_purged":[],"score":353,"play_id":"a109aa5a-23ae-4bfa-8dad-b66a93d9a3f9","local_time":"20181115134219","is_ascension_mode":true,"campfire_choices":[{"floor":6,"key":"REST"},{"data":"Chrysalis","floor":8,"key":"SMITH"},{"data":"Noxious Fumes","floor":12,"key":"SMITH"},{"data":"Neutralize","floor":15,"key":"SMITH"}],"neow_cost":"NONE","seed_source_timestamp":137201748793642,"circlet_count":0,"master_deck":["AscendersBane","Survivor","Neutralize+1","Noxious Fumes+1","Quick Slash","Flying Knee","Dash","Blur","Chrysalis+1","Backflip","Acrobatics","Bouncing Flask","Malaise","Footwork","Outmaneuver","Cloak And Dagger","Prepared","Bane","Slice","Sucker Punch","Blade Dance","Backflip","Poisoned Stab+1"],"relics":["Ring of the Snake","Potion Belt","Strawberry","Pandora\u0027s Box"],"potions_floor_usage":[14,16,16,21],"damage_taken":[{"damage":2,"enemies":"Jaw Worm","floor":1,"turns":6},{"damage":9,"enemies":"Cultist","floor":2,"turns":5},{"damage":4,"enemies":"Small Slimes","floor":3,"turns":3},{"damage":12,"enemies":"Gremlin Gang","floor":5,"turns":5},{"damage":3,"enemies":"Exordium Wildlife","floor":10,"turns":5},{"damage":9,"enemies":"3 Sentries","floor":13,"turns":7},{"damage":5,"enemies":"2 Fungi Beasts","floor":14,"turns":4},{"damage":18,"enemies":"Hexaghost","floor":16,"turns":9},{"damage":28,"enemies":"Chosen","floor":18,"turns":7},{"damage":31,"enemies":"3 Byrds","floor":19,"turns":7},{"damage":10,"enemies":"Cultist and Chosen","floor":21,"turns":3}],"seed_played":"5857937467965051012","potions_obtained":[{"floor":1,"key":"Dexterity Potion"},{"floor":3,"key":"Dexterity Potion"},{"floor":10,"key":"Swift Potion"},{"floor":16,"key":"Dexterity Potion"},{"floor":19,"key":"Block Potion"}],"is_trial":false,"path_per_floor":["M","M","M","?","M","R","$","R","T","M","?","R","E","M","R","B",null,"M","M","?","M"],"character_chosen":"THE_SILENT","items_purchased":["Chrysalis"],"campfire_rested":1,"item_purchase_floors":[7],"current_hp_per_floor":[57,48,44,44,32,51,51,51,51,48,48,48,46,41,41,23,61,33,2,2,0],"gold":172,"neow_bonus":"HUNDRED_GOLD","is_prod":false,"is_daily":false,"chose_seed":false,"campfire_upgraded":3,"win_rate":0,"timestamp":1542307339,"path_taken":["M","M","M","?","?","R","$","R","T","M","?","R","E","M","R","BOSS","M","?","?","M"],"build_version":"2018-11-08","purchased_purges":0,"victory":false,"max_hp_per_floor":[66,66,66,66,66,66,66,66,66,66,66,66,73,73,73,73,73,73,73,73,73],"card_choices":[{"not_picked":["Masterful Stab","Quick Slash"],"picked":"Noxious Fumes","floor":1},{"not_picked":["PiercingWail","Escape Plan"],"picked":"Quick Slash","floor":2},{"not_picked":["Dagger Throw","Bane"],"picked":"Flying Knee","floor":3},{"not_picked":["Envenom","Well Laid Plans"],"picked":"Blur","floor":5},{"not_picked":["Flying Knee","Flechettes"],"picked":"Backflip","floor":10},{"not_picked":["Deadly Poison","Deflect"],"picked":"Acrobatics","floor":13},{"not_picked":["Flechettes","Dagger Throw"],"picked":"Bouncing Flask","floor":14},{"not_picked":["Venomology","Storm of Steel"],"picked":"Malaise","floor":16},{"not_picked":["Poisoned Stab","Dagger Throw"],"picked":"Backflip","floor":18},{"not_picked":["Crippling Poison","Terror"],"picked":"Poisoned Stab+1","floor":19}],"player_experience":2308981,"relics_obtained":[{"floor":9,"key":"Potion Belt"},{"floor":13,"key":"Strawberry"}],"event_choices":[{"damage_healed":0,"gold_gain":0,"cards_transformed":["Strike_G"],"player_choice":"Transformed","damage_taken":0,"max_hp_gain":0,"max_hp_loss":0,"event_name":"Transmorgrifier","floor":4,"gold_loss":0,"cards_obtained":["Dash"]},{"damage_healed":0,"gold_gain":0,"player_choice":"Leave","damage_taken":0,"max_hp_gain":0,"max_hp_loss":0,"event_name":"FaceTrader","floor":11,"gold_loss":0},{"cards_removed":["Accuracy"],"damage_healed":0,"gold_gain":0,"player_choice":"Gave Gold","damage_taken":0,"max_hp_gain":0,"max_hp_loss":0,"event_name":"Beggar","floor":20,"gold_loss":75}],"is_beta":false,"boss_relics":[{"not_picked":["Philosopher\u0027s Stone","Runic Dome"],"picked":"Pandora\u0027s Box"}],"items_purged_floors":[],"is_endless":false,"potions_floor_spawned":[1,3,10,16,19],"killed_by":"Cultist and Chosen","ascension_level":19}