{"gold_per_floor":[116,116,76,94,111,145,145,145,145,165,165,191,203,233,233,334,334,351,351,367,384,395,395,427,427,427,453,552,568,583,615,615,715,715,726,47,61,61,71,104,0,29,103,103,133,83,102,202,202,202],"floor_reached":50,"playtime":4255,"items_purged":["Regret","Strike_B"],"score":818,"play_id":"58e57c4b-f5ab-4fb9-8aa3-bbaae957f83f","local_time":"20190716205242","is_ascension_mode":true,"campfire_choices":[{"floor":7,"key":"REST"},{"data":"Defragment","floor":15,"key":"SMITH"},{"floor":23,"key":"RECALL"},{"data":"Biased Cognition","floor":25,"key":"SMITH"},{"data":"Loop","floor":32,"key":"SMITH"},{"data":"Echo Form","floor":44,"key":"SMITH"},{"data":"Coolheaded","floor":49,"key":"SMITH"}],"neow_cost":"NONE","seed_source_timestamp":4034338351851,"circlet_count":0,"master_deck":["Strike_B","Strike_B+1","Strike_B+1","Defend_B","Defend_B","Defend_B+1","Defend_B","Zap+1","Dualcast","Go for the Eyes","Coolheaded+1","Loop+1","Go for the Eyes","Defragment+1","Conserve Battery+1","Electrodynamics","Cold Snap","Biased Cognition+1","Ghostly","Ghostly","Ghostly","Ghostly","Ghostly","Hologram+1","Hologram+1","Chill","Echo Form+1","Hologram+1","Machine Learning+1","Biased Cognition+1","Violence","Defragment+1","Chill","White Noise+1","Force Field","Hello World+1"],"relics":["Cracked Core","Blue Candle","War Paint","Ornamental Fan","Dream Catcher","Sozu","Meat on the Bone","Bottled Tornado","Juzu Bracelet","Whetstone","Philosopher\u0027s Stone","Frozen Egg 2","DollysMirror","Orichalcum","Red Mask","Smiling Mask","Pantograph","Question Card","Turnip"],"potions_floor_usage":[3,6,6,6,10,27,33],"damage_taken":[{"damage":18,"enemies":"Small Slimes","floor":1,"turns":3},{"damage":0,"enemies":"2 Louse","floor":4,"turns":3},{"damage":0,"enemies":"Cultist","floor":5,"turns":3},{"damage":33,"enemies":"Gremlin Nob","floor":6,"turns":5},{"damage":6,"enemies":"Lots of Slimes","floor":10,"turns":4},{"damage":3,"enemies":"Lagavulin","floor":12,"turns":8},{"damage":5,"enemies":"Blue Slaver","floor":13,"turns":4},{"damage":1,"enemies":"Slime Boss","floor":16,"turns":5},{"damage":0,"enemies":"3 Byrds","floor":18,"turns":1},{"damage":2,"enemies":"2 Thieves","floor":20,"turns":3},{"damage":0,"enemies":"Snecko","floor":21,"turns":5},{"damage":1,"enemies":"Sentry and Sphere","floor":22,"turns":6},{"damage":6,"enemies":"Gremlin Leader","floor":24,"turns":6},{"damage":13,"enemies":"Slavers","floor":27,"turns":4},{"damage":1,"enemies":"3 Cultists","floor":29,"turns":4},{"damage":10,"enemies":"Snecko","floor":30,"turns":5},{"damage":4,"enemies":"Book of Stabbing","floor":31,"turns":7},{"damage":19,"enemies":"Collector","floor":33,"turns":8},{"damage":0,"enemies":"Orb Walker","floor":35,"turns":3},{"damage":0,"enemies":"3 Darklings","floor":37,"turns":4},{"damage":2,"enemies":"Sphere and 2 Shapes","floor":39,"turns":4},{"damage":5,"enemies":"Reptomancer","floor":40,"turns":6},{"damage":0,"enemies":"Giant Head","floor":42,"turns":11},{"damage":14,"enemies":"Reptomancer","floor":45,"turns":7},{"damage":0,"enemies":"Jaw Worm Horde","floor":47,"turns":5},{"damage":0,"enemies":"Mind Bloom Boss Battle","floor":48,"turns":5},{"damage":41,"enemies":"Awakened One","floor":50,"turns":6}],"seed_played":"3498585567897132031","potions_obtained":[{"floor":3,"key":"EntropicBrew"},{"floor":3,"key":"LiquidBronze"},{"floor":3,"key":"Fruit Juice"},{"floor":6,"key":"GamblersBrew"},{"floor":12,"key":"Explosive Potion"},{"floor":13,"key":"SkillPotion"}],"is_trial":false,"path_per_floor":["M","?","?","M","M","E","R","$","T","M","?","E","M","?","R","B",null,"M","?","M","M","M","R","E","R","T","E","?","M","M","E","R","B",null,"M","$","M","?","M","E","?","E","T","R","E","$","M","?","R","B"],"character_chosen":"DEFECT","items_purchased":["Frozen Egg 2","Machine Learning+1","DollysMirror"],"campfire_rested":1,"item_purchase_floors":[36,36,36],"current_hp_per_floor":[57,57,62,62,62,29,53,53,53,47,47,44,39,39,39,38,80,80,40,38,38,37,37,31,31,31,30,30,29,31,27,27,20,40,40,40,40,40,38,33,33,33,33,33,31,31,31,40,40,0],"gold":202,"neow_bonus":"THREE_CARDS","is_prod":false,"is_daily":false,"chose_seed":false,"campfire_upgraded":5,"win_rate":0,"timestamp":1563303162,"path_taken":["M","?","?","M","?","E","R","?","T","M","?","E","M","?","R","BOSS","M","?","M","M","M","R","E","R","T","E","?","M","M","E","R","BOSS","M","$","M","?","M","E","?","E","T","R","E","?","M","?","R","BOSS"],"build_version":"2019-07-05","purchased_purges":2,"victory":false,"max_hp_per_floor":[75,75,80,80,80,80,80,80,80,80,80,80,80,80,80,80,80,80,40,40,40,40,40,40,40,40,40,40,40,40,40,40,40,40,40,40,40,40,40,40,40,40,40,40,40,40,40,40,40,40],"card_choices":[{"not_picked":["Streamline","Sweeping Beam"],"picked":"Go for the Eyes","floor":0},{"not_picked":["Melter","Conserve Battery"],"picked":"Coolheaded","floor":1},{"not_picked":["Coolheaded","Turbo"],"picked":"Loop","floor":4},{"not_picked":["Coolheaded","Hologram"],"picked":"Go for the Eyes","floor":5},{"not_picked":["Conserve Battery","Reprogram"],"picked":"Defragment","floor":6},{"not_picked":["BootSequence","Sunder"],"picked":"Conserve Battery","floor":10},{"not_picked":["Scrape","Hologram"],"picked":"Electrodynamics","floor":12},{"not_picked":["Ball Lightning","Go for the Eyes"],"picked":"Cold Snap","floor":13},{"not_picked":["Hyperbeam","Thunder Strike"],"picked":"Biased Cognition","floor":16},{"not_picked":["Genetic Algorithm","Beam Cell","Stack+1"],"picked":"SKIP","floor":18},{"not_picked":["Gash","Beam Cell+1","Go for the Eyes"],"picked":"SKIP","floor":20},{"not_picked":["Go for the Eyes","Leap"],"picked":"Hologram+1","floor":21},{"not_picked":["Conserve Battery+1","Double Energy"],"picked":"Hologram+1","floor":22},{"not_picked":["Sunder","Multi-Cast","Leap"],"picked":"SKIP","floor":24},{"not_picked":["Leap","Redo"],"picked":"Chill","floor":27},{"not_picked":["Stack","Conserve Battery+1","Double Energy+1"],"picked":"SKIP","floor":29},{"not_picked":["Chaos","Turbo","Double Energy+1"],"picked":"SKIP","floor":30},{"not_picked":["Ball Lightning","Leap","Turbo"],"picked":"SKIP","floor":31},{"not_picked":["Thunder Strike","Core Surge"],"picked":"Echo Form","floor":33},{"not_picked":["Go for the Eyes+1","Rebound"],"picked":"Hologram+1","floor":35},{"not_picked":["Stack","Gash+1","Melter+1"],"picked":"SKIP","floor":37},{"not_picked":["Sadistic Nature+1","The Bomb"],"picked":"Violence","floor":38},{"not_picked":["Reinforced Body","Streamline+1"],"picked":"Defragment+1","floor":39},{"not_picked":["Consume+1","Stack+1"],"picked":"Chill","floor":40},{"not_picked":["Self Repair+1","Gash+1"],"picked":"White Noise+1","floor":42},{"not_picked":["Fusion","Biased Cognition+1","Consume+1"],"picked":"SKIP","floor":45},{"not_picked":["Conserve Battery","Gash","Go for the Eyes+1"],"picked":"Force Field","floor":47},{"not_picked":["Genetic Algorithm+1","Sweeping Beam","Conserve Battery+1"],"picked":"Hello World+1","floor":48}],"player_experience":131373,"relics_obtained":[{"floor":6,"key":"Blue Candle"},{"floor":12,"key":"Ornamental Fan"},{"floor":24,"key":"Meat on the Bone"},{"floor":26,"key":"Bottled Tornado"},{"floor":27,"key":"Juzu Bracelet"},{"floor":31,"key":"Whetstone"},{"floor":40,"key":"Orichalcum"},{"floor":42,"key":"Smiling Mask"},{"floor":43,"key":"Pantograph"},{"floor":45,"key":"Question Card"},{"floor":48,"key":"Turnip"}],"event_choices":[{"damage_healed":0,"gold_gain":0,"player_choice":"Grow","damage_taken":0,"max_hp_gain":0,"max_hp_loss":0,"event_name":"Living Wall","floor":2,"gold_loss":0,"cards_upgraded":["Zap"]},{"damage_healed":0,"gold_gain":0,"player_choice":"Bought 3 Potions","damage_taken":0,"max_hp_gain":0,"max_hp_loss":0,"event_name":"The Woman in Blue","floor":3,"gold_loss":0},{"damage_healed":0,"gold_gain":0,"player_choice":"Box","damage_taken":0,"relics_obtained":["War Paint"],"max_hp_gain":0,"max_hp_loss":0,"event_name":"Big Fish","floor":11,"gold_loss":0,"cards_obtained":["Regret"]},{"damage_healed":0,"gold_gain":30,"player_choice":"Searched \u00273\u0027 times","damage_taken":0,"relics_obtained":["Dream Catcher"],"max_hp_gain":0,"max_hp_loss":0,"event_name":"Dead Adventurer","floor":14,"gold_loss":0},{"damage_healed":0,"gold_gain":0,"player_choice":"Became a Ghost","damage_taken":0,"max_hp_gain":0,"max_hp_loss":40,"event_name":"Ghosts","floor":19,"gold_loss":0,"cards_obtained":["Ghostly","Ghostly","Ghostly","Ghostly","Ghostly"]},{"damage_healed":0,"gold_gain":99,"player_choice":"Stole From Cult","damage_taken":0,"max_hp_gain":0,"max_hp_loss":0,"event_name":"Nest","floor":28,"gold_loss":0},{"damage_healed":0,"gold_gain":0,"player_choice":"Memory 1","damage_taken":0,"max_hp_gain":0,"max_hp_loss":0,"event_name":"SensoryStone","floor":38,"gold_loss":0},{"damage_healed":0,"gold_gain":0,"player_choice":"Paid","damage_taken":0,"relics_obtained":["Red Mask"],"max_hp_gain":0,"max_hp_loss":0,"event_name":"Tomb of Lord Red Mask","floor":41,"gold_loss":104},{"damage_healed":0,"gold_gain":0,"player_choice":"Fight","damage_taken":0,"max_hp_gain":0,"max_hp_loss":0,"event_name":"MindBloom","floor":48,"gold_loss":0}],"is_beta":false,"boss_relics":[{"not_picked":["Busted Crown","Astrolabe"],"picked":"Sozu"},{"not_picked":["Snecko Eye","Lizard Tail"],"picked":"Philosopher\u0027s Stone"}],"items_purged_floors":[36,46],"is_endless":false,"potions_floor_spawned":[6,12,13,16,18,21,24,30,39,45,48],"killed_by":"Awakened One","ascension_level":2}