{"gold_per_floor":[114,114,128,9,9,9,22,40,40,56,56],"floor_reached":11,"playtime":1682,"items_purged":[],"score":90,"play_id":"a4d9b856-ab2f-4401-8a9e-0a29820db06d","local_time":"20190716182014","is_ascension_mode":false,"campfire_choices":[{"data":"Discovery","floor":6,"key":"SMITH"}],"neow_cost":"PERCENT_DAMAGE","seed_source_timestamp":243233953401143,"circlet_count":0,"master_deck":["Strike_G","Strike_G","Strike_G","Strike_G","Defend_G","Defend_G","Defend_G","Defend_G","Defend_G","Survivor","Neutralize","Dagger Throw","Flying Knee","Discovery+1","Blur","Calculated Gamble","Reflex","Riddle With Holes"],"relics":["Ring of the Snake","Question Card"],"potions_floor_usage":[11],"damage_taken":[{"damage":0,"enemies":"2 Louse","floor":1,"turns":4},{"damage":0,"enemies":"Small Slimes","floor":3,"turns":4},{"damage":0,"enemies":"Cultist","floor":7,"turns":3},{"damage":8,"enemies":"Exordium Thugs","floor":8,"turns":5},{"damage":0,"enemies":"Red Slaver","floor":10,"turns":3},{"damage":69,"enemies":"Gremlin Nob","floor":11,"turns":7}],"seed_played":"4735302947183279347","potions_obtained":[{"floor":7,"key":"FearPotion"},{"floor":8,"key":"Ancient Potion"},{"floor":10,"key":"GhostInAJar"}],"is_trial":false,"path_per_floor":["M","?","M","$","?","R","M","M","T","M","E"],"character_chosen":"THE_SILENT","items_purchased":["Discovery","Blur"],"campfire_rested":0,"item_purchase_floors":[4,4],"current_hp_per_floor":[63,68,68,68,68,68,68,60,60,60,0],"gold":56,"neow_bonus":"TWENTY_PERCENT_HP_BONUS","is_prod":false,"is_daily":false,"chose_seed":false,"campfire_upgraded":1,"win_rate":0.0,"timestamp":1563319214,"path_taken":["M","?","M","$","?","R","M","M","T","M","E"],"build_version":"2019-07-05","purchased_purges":0,"victory":false,"max_hp_per_floor":[84,89,89,89,89,89,89,89,89,89,89],"card_choices":[{"not_picked":["Poisoned Stab","Backflip"],"picked":"Dagger Throw","floor":1},{"not_picked":["Dagger Throw","Sucker Punch"],"picked":"Flying Knee","floor":3},{"not_picked":["Blur","Sucker Punch"],"picked":"Calculated Gamble","floor":7},{"not_picked":["After Image","Sucker Punch"],"picked":"Reflex","floor":8},{"not_picked":["Reflex","Poisoned Stab","Noxious Fumes"],"picked":"Riddle With Holes","floor":10}],"player_experience":41457,"relics_obtained":[{"floor":9,"key":"Question Card"}],"event_choices":[{"damage_healed":0,"gold_gain":0,"player_choice":"Donut","damage_taken":0,"max_hp_gain":5,"max_hp_loss":0,"event_name":"Big Fish","floor":2,"gold_loss":0},{"cards_removed":["Strike_G"],"damage_healed":0,"gold_gain":0,"player_choice":"Offered Basic","damage_taken":0,"max_hp_gain":0,"max_hp_loss":0,"event_name":"Bonfire Elementals","floor":5,"gold_loss":0}],"is_beta":false,"boss_relics":[],"items_purged_floors":[],"is_endless":false,"potions_floor_spawned":[7,8,10],"killed_by":"Gremlin Nob","ascension_level":0}