{"gold_per_floor":[109,109,27,27,43,43,57,57,57,57,71,89,89,105,105,225,225,239,8,27,80,104,104,104,127,127,145,169,169,21,45,45,175,238,259,592,172,272,47,78,78,6,6,25,39,0,0,34,34,34],"floor_reached":51,"playtime":3411,"items_purged":["Strike_G","Strike_G","Strike_G","Strike_G"],"score":747,"play_id":"68d5556a-aa1f-4dfc-9fba-1cffa613e239","local_time":"20190625162043","is_ascension_mode":false,"campfire_choices":[{"data":"Neutralize","floor":6,"key":"SMITH"},{"data":"Footwork","floor":8,"key":"SMITH"},{"data":"Crippling Poison","floor":10,"key":"SMITH"},{"data":"Footwork","floor":15,"key":"SMITH"},{"data":"Backflip","floor":23,"key":"SMITH"},{"data":"Neutralize","floor":29,"key":"SMITH"},{"floor":32,"key":"REST"},{"data":"1","floor":41,"key":"LIFT"},{"data":"2","floor":47,"key":"LIFT"},{"data":"3","floor":49,"key":"LIFT"}],"neow_cost":"NONE","seed_source_timestamp":1091897225200482,"circlet_count":0,"master_deck":["Defend_G","Defend_G","Defend_G","Defend_G","Defend_G","Strike_G+1","Survivor","Neutralize+1","Quick Slash","Footwork+1","Backflip+1","Crippling Poison+1","Footwork+1","Blade Dance+1","Cloak And Dagger+1","Night Terror+1","Crippling Poison+1","Deadly Poison+1","Dark Shackles+1","Neutralize+1","Deflect+1","Blur+1","Footwork+1","Envenom+1","Venomology+1","Backflip+1","Deflect+1","Noxious Fumes+1","Leg Sweep+1","Calculated Gamble+1","Backflip+1","Leg Sweep+1","PiercingWail+1","Bane+1","Setup+1"],"relics":["Ring of the Snake","Matryoshka","Orichalcum","Toxic Egg 2","Runic Pyramid","Happy Flower","Frozen Egg 2","Tiny Chest","Gremlin Horn","Tiny House","Snake Skull","Girya","Bottled Lightning","Art of War","Red Mask","Ancient Tea Set"],"potions_floor_usage":[16,25,33,38,40,44,50,50,50,50],"damage_taken":[{"damage":7,"enemies":"Cultist","floor":1,"turns":5},{"damage":0,"enemies":"Small Slimes","floor":5,"turns":4},{"damage":6,"enemies":"2 Louse","floor":7,"turns":3},{"damage":3,"enemies":"Red Slaver","floor":11,"turns":4},{"damage":0,"enemies":"2 Fungi Beasts","floor":12,"turns":4},{"damage":0,"enemies":"3 Louse","floor":14,"turns":4},{"damage":4,"enemies":"The Guardian","floor":16,"turns":14},{"damage":13,"enemies":"3 Byrds","floor":18,"turns":4},{"damage":5,"enemies":"Shell Parasite","floor":20,"turns":6},{"damage":1,"enemies":"Cultist and Chosen","floor":22,"turns":8},{"damage":0,"enemies":"3 Cultists","floor":25,"turns":6},{"damage":0,"enemies":"Snecko","floor":27,"turns":5},{"damage":0,"enemies":"Snake Plant","floor":28,"turns":5},{"damage":3,"enemies":"Centurion and Healer","floor":31,"turns":8},{"damage":4,"enemies":"Champ","floor":33,"turns":15},{"damage":1,"enemies":"Orb Walker","floor":35,"turns":5},{"damage":0,"enemies":"Mind Bloom Boss Battle","floor":38,"turns":11},{"damage":0,"enemies":"Giant Head","floor":40,"turns":14},{"damage":0,"enemies":"3 Darklings","floor":44,"turns":5},{"damage":0,"enemies":"Sphere and 2 Shapes","floor":45,"turns":6},{"damage":6,"enemies":"Reptomancer","floor":48,"turns":7},{"damage":9,"enemies":"Time Eater","floor":50,"turns":15}],"seed_played":"-2301701587749703064","potions_obtained":[{"floor":5,"key":"Swift Potion"},{"floor":7,"key":"Dexterity Potion"},{"floor":14,"key":"Strength Potion"},{"floor":18,"key":"Fire Potion"},{"floor":20,"key":"EssenceOfSteel"},{"floor":33,"key":"EssenceOfSteel"}],"is_trial":false,"path_per_floor":["M","T","$","?","M","R","M","R","T","R","M","M","?","M","R","B",null,"M","$","M","T","M","R","?","M","T","M","M","R","$","M","R","B",null,"M","?","$","?","$","E","R","$","T","M","M","?","R","E","R","B",null],"character_chosen":"THE_SILENT","items_purchased":["Footwork","Happy Flower","Fire Potion","Noxious Fumes+1","Leg Sweep+1","Snake Skull","Calculated Gamble+1","Leg Sweep+1"],"campfire_rested":1,"item_purchase_floors":[3,19,30,37,37,37,39,42],"current_hp_per_floor":[70,70,70,70,70,70,64,64,64,64,61,61,61,61,61,57,71,58,58,53,53,52,52,52,52,52,52,52,52,52,49,70,66,76,75,75,75,75,75,75,75,75,75,75,75,75,75,69,69,60],"gold":34,"neow_bonus":"TEN_PERCENT_HP_BONUS","is_prod":false,"is_daily":false,"chose_seed":false,"campfire_upgraded":6,"win_rate":0,"timestamp":1561494043,"path_taken":["M","?","$","?","M","R","M","R","T","R","M","M","?","M","R","BOSS","M","$","M","?","M","R","?","M","T","?","M","R","$","M","R","BOSS","M","?","$","?","$","E","R","?","T","M","?","?","R","E","R","BOSS"],"build_version":"2019-01-23","purchased_purges":4,"victory":true,"max_hp_per_floor":[77,77,77,71,71,71,71,71,71,71,71,71,71,71,71,71,71,71,71,71,71,71,71,71,71,71,71,71,71,71,71,71,71,76,76,76,76,76,76,76,76,76,76,76,76,76,76,76,76,76],"card_choices":[{"not_picked":["Sucker Punch","Dodge and Roll"],"picked":"Quick Slash","floor":1},{"not_picked":["Slice","Cloak And Dagger"],"picked":"Backflip","floor":5},{"not_picked":["Doppelganger","Heel Hook"],"picked":"Crippling Poison","floor":7},{"not_picked":["Concentrate+1","PiercingWail+1"],"picked":"Footwork","floor":11},{"not_picked":["Outmaneuver+1","Flechettes"],"picked":"Blade Dance+1","floor":12},{"not_picked":["Backflip+1","Prepared+1"],"picked":"Cloak And Dagger+1","floor":14},{"not_picked":["Burst+1","Venomology+1"],"picked":"Night Terror+1","floor":16},{"not_picked":["Riddle With Holes+1","Cloak And Dagger+1"],"picked":"Crippling Poison+1","floor":18},{"not_picked":["Skewer+1","Flying Knee+1","Dagger Spray"],"picked":"SKIP","floor":20},{"not_picked":["Quick Slash+1","Outmaneuver+1"],"picked":"Deadly Poison+1","floor":22},{"not_picked":["Blade Dance+1","Outmaneuver+1"],"picked":"Deflect+1","floor":25},{"not_picked":["Dagger Throw","Outmaneuver+1"],"picked":"Blur+1","floor":27},{"not_picked":["Expertise+1","Blur+1"],"picked":"Footwork+1","floor":28},{"not_picked":["Slice","Tactician+1"],"picked":"Envenom+1","floor":31},{"not_picked":["Unload","Grand Finale"],"picked":"Venomology+1","floor":33},{"not_picked":["Blade Dance+1","Skewer"],"picked":"Backflip+1","floor":34},{"not_picked":["Endless Agony","Dash"],"picked":"Deflect+1","floor":35},{"not_picked":["Sucker Punch+1","Blade Dance+1"],"picked":"Backflip+1","floor":40},{"not_picked":["Expertise+1","Dagger Throw"],"picked":"PiercingWail+1","floor":44},{"not_picked":["Blade Dance+1","Calculated Gamble+1"],"picked":"Bane+1","floor":45},{"not_picked":["Flying Knee+1","Doppelganger+1"],"picked":"Setup+1","floor":48}],"player_experience":3827696,"relics_obtained":[{"floor":2,"key":"Matryoshka"},{"floor":9,"key":"Orichalcum"},{"floor":9,"key":"Toxic Egg 2"},{"floor":21,"key":"Frozen Egg 2"},{"floor":21,"key":"Tiny Chest"},{"floor":26,"key":"Gremlin Horn"},{"floor":38,"key":"Girya"},{"floor":40,"key":"Bottled Lightning"},{"floor":43,"key":"Art of War"},{"floor":48,"key":"Ancient Tea Set"}],"event_choices":[{"damage_healed":0,"gold_gain":0,"player_choice":"Lose Max HP","damage_taken":0,"relics_obtained":["Golden Idol"],"max_hp_gain":0,"max_hp_loss":6,"event_name":"Golden Idol","floor":4,"gold_loss":0},{"damage_healed":0,"gold_gain":0,"player_choice":"Ignored","damage_taken":0,"max_hp_gain":0,"max_hp_loss":0,"event_name":"NoteForYourself","floor":13,"gold_loss":0},{"damage_healed":0,"gold_gain":0,"player_choice":"2 cards matched","damage_taken":0,"max_hp_gain":0,"max_hp_loss":0,"event_name":"Match and Keep!","floor":24,"gold_loss":0,"cards_obtained":["Dark Shackles","Neutralize"]},{"damage_healed":0,"gold_gain":333,"player_choice":"Gave Idol","damage_taken":0,"max_hp_gain":0,"max_hp_loss":0,"event_name":"The Moai Head","floor":36,"relics_lost":["Golden Idol"],"gold_loss":0},{"damage_healed":0,"gold_gain":0,"player_choice":"Fight","damage_taken":0,"max_hp_gain":0,"max_hp_loss":0,"event_name":"MindBloom","floor":38,"gold_loss":0},{"damage_healed":0,"gold_gain":0,"player_choice":"Paid","damage_taken":0,"relics_obtained":["Red Mask"],"max_hp_gain":0,"max_hp_loss":0,"event_name":"Tomb of Lord Red Mask","floor":46,"gold_loss":39}],"is_beta":false,"boss_relics":[{"not_picked":["Eternal Feather","Coffee Dripper"],"picked":"Runic Pyramid"},{"not_picked":["Runic Dome","Velvet Choker"],"picked":"Tiny House"}],"items_purged_floors":[19,30,37,39],"is_endless":false,"potions_floor_spawned":[5,7,14,18,20,22,33,38,45],"ascension_level":0}