{"gold_per_floor":[112,37,51,126,126,126,188,88,135,152,152,167,42,77,77,77],"floor_reached":16,"playtime":569,"items_purged":["Strike_R","Strike_R","Strike_R"],"score":157,"play_id":"695d9ec4-406d-457f-9df6-498681dcf8f5","local_time":"20190721201959","is_ascension_mode":true,"campfire_choices":[{"floor":6,"key":"REST"},{"floor":15,"key":"REST"}],"neow_cost":"NONE","seed_source_timestamp":39331402211152,"circlet_count":0,"master_deck":["Strike_R","Strike_R","Defend_R","Defend_R","Defend_R","Bash","Dropkick"],"relics":["Burning Blood","Tiny Chest","Vajra","Orichalcum"],"potions_floor_usage":[7,14,16],"damage_taken":[{"damage":7,"enemies":"Small Slimes","floor":1,"turns":4},{"damage":4,"enemies":"Jaw Worm","floor":3,"turns":4},{"damage":50,"enemies":"3 Sentries","floor":7,"turns":12},{"damage":8,"enemies":"2 Louse","floor":10,"turns":3},{"damage":6,"enemies":"Exordium Wildlife","floor":12,"turns":4},{"damage":16,"enemies":"Gremlin Nob","floor":14,"turns":3},{"damage":48,"enemies":"Hexaghost","floor":16,"turns":9}],"seed_played":"-5507365510344519132","potions_obtained":[{"floor":1,"key":"Block Potion"},{"floor":3,"key":"GamblersBrew"},{"floor":7,"key":"AttackPotion"}],"is_trial":false,"path_per_floor":["M","$","M","?","?","R","E","$","T","M","?","M","$","E","R","B"],"character_chosen":"IRONCLAD","items_purchased":[],"campfire_rested":2,"item_purchase_floors":[],"current_hp_per_floor":[71,71,73,62,62,80,36,36,36,34,34,34,34,24,48,0],"gold":77,"neow_bonus":"THREE_CARDS","is_prod":false,"is_daily":false,"chose_seed":false,"campfire_upgraded":0,"win_rate":0,"timestamp":1563733199,"path_taken":["M","$","M","?","?","R","E","$","T","M","?","M","$","E","R","BOSS"],"build_version":"2019-07-17","purchased_purges":3,"victory":false,"max_hp_per_floor":[80,80,80,80,80,80,80,80,80,80,80,80,80,80,80,80],"card_choices":[{"not_picked":["Clash","Evolve"],"picked":"Dropkick","floor":0},{"not_picked":["Spot Weakness","Reckless Charge","Fire Breathing"],"picked":"SKIP","floor":1},{"not_picked":["Iron Wave","Havoc","Pommel Strike"],"picked":"SKIP","floor":3},{"not_picked":["Uppercut","Battle Trance","Fire Breathing"],"picked":"SKIP","floor":7},{"not_picked":["Reckless Charge","Headbutt","Wild Strike"],"picked":"SKIP","floor":10},{"not_picked":["Burning Pact","Sword Boomerang","Feel No Pain"],"picked":"SKIP","floor":12},{"not_picked":["Thunderclap","Anger","Reaper"],"picked":"SKIP","floor":14}],"player_experience":217971,"relics_obtained":[{"floor":7,"key":"Tiny Chest"},{"floor":9,"key":"Vajra"},{"floor":14,"key":"Orichalcum"}],"event_choices":[{"damage_healed":0,"gold_gain":75,"player_choice":"Gather Gold","damage_taken":11,"max_hp_gain":0,"max_hp_loss":0,"event_name":"World of Goop","floor":4,"gold_loss":0},{"cards_removed":["Defend_R"],"damage_healed":0,"gold_gain":0,"player_choice":"Forget","damage_taken":0,"max_hp_gain":0,"max_hp_loss":0,"event_name":"Living Wall","floor":5,"gold_loss":0},{"damage_healed":0,"gold_gain":0,"player_choice":"Ignored","damage_taken":0,"max_hp_gain":0,"max_hp_loss":0,"event_name":"Liars Game","floor":11,"gold_loss":0}],"is_beta":false,"boss_relics":[],"items_purged_floors":[2,8,13],"is_endless":false,"potions_floor_spawned":[1,3,7],"killed_by":"Hexaghost","ascension_level":9}