{"gold_per_floor":[119,134,59,69,81,81,115,115,115,149,149,166,10,25,25,97,97,67,28,42,60,60,60,60],"floor_reached":24,"playtime":1586,"items_purged":["Strike_B"],"score":395,"play_id":"0e0983eb-7483-4f05-be13-dbff061ab95e","local_time":"20190410095636","is_ascension_mode":true,"campfire_choices":[{"data":"Static Discharge","floor":6,"key":"SMITH"},{"floor":8,"key":"REST"},{"floor":11,"key":"REST"},{"floor":15,"key":"REST"},{"floor":23,"key":"REST"}],"neow_cost":"NONE","seed_source_timestamp":51846934412992,"circlet_count":0,"master_deck":["AscendersBane","Strike_B","Strike_B","Strike_B","Defend_B","Defend_B","Defend_B","Defend_B","Zap","Dualcast","Genetic Algorithm","Rip and Tear","Genetic Algorithm","Capacitor","Rebound","Static Discharge+1","Auto Shields","Reinforced Body","Capacitor","Barrage","Creative AI","Genetic Algorithm+1","Self Repair","Self Repair"],"relics":["Cracked Core","Lantern","Ancient Tea Set","Gremlin Horn","Velvet Choker"],"potions_floor_usage":[5,5,7,16,18,24],"damage_taken":[{"damage":2,"enemies":"Cultist","floor":1,"turns":4},{"damage":0,"enemies":"Small Slimes","floor":2,"turns":2},{"damage":5,"enemies":"Jaw Worm","floor":4,"turns":4},{"damage":5,"enemies":"Gremlin Gang","floor":5,"turns":4},{"damage":28,"enemies":"3 Sentries","floor":7,"turns":5},{"damage":19,"enemies":"Lagavulin","floor":10,"turns":7},{"damage":0,"enemies":"3 Louse","floor":12,"turns":5},{"damage":9,"enemies":"Blue Slaver","floor":14,"turns":3},{"damage":49,"enemies":"Slime Boss","floor":16,"turns":12},{"damage":10,"enemies":"2 Thieves","floor":18,"turns":4},{"damage":12,"enemies":"3 Byrds","floor":20,"turns":5},{"damage":36,"enemies":"Snecko","floor":21,"turns":8},{"damage":34,"enemies":"Gremlin Leader","floor":24,"turns":5}],"seed_played":"-5944016453705021879","potions_obtained":[{"floor":1,"key":"AttackPotion"},{"floor":2,"key":"Poison Potion"},{"floor":5,"key":"EssenceOfSteel"},{"floor":10,"key":"SpeedPotion"},{"floor":16,"key":"Explosive Potion"},{"floor":21,"key":"EssenceOfSteel"}],"is_trial":false,"path_per_floor":["M","M","$","M","M","R","E","R","T","E","R","M","$","M","R","B",null,"M","$","M","M","?","R","E"],"character_chosen":"DEFECT","items_purchased":["Capacitor","Capacitor","Self Repair"],"campfire_rested":4,"item_purchase_floors":[3,13,19],"current_hp_per_floor":[62,62,62,57,52,52,24,45,45,26,47,47,47,38,59,10,56,46,46,41,12,12,33,0],"gold":60,"neow_bonus":"THREE_CARDS","is_prod":false,"is_daily":false,"chose_seed":false,"campfire_upgraded":1,"win_rate":0,"timestamp":1554904596,"path_taken":["M","M","$","M","?","R","E","R","T","E","R","M","$","M","R","BOSS","M","?","M","M","?","R","E"],"build_version":"2019-01-23","purchased_purges":1,"victory":false,"max_hp_per_floor":[71,71,71,71,71,71,71,71,71,71,71,71,71,71,71,71,71,71,71,71,71,71,71,71],"card_choices":[{"not_picked":["Leap","Tempest"],"picked":"Genetic Algorithm","floor":0},{"not_picked":["Fusion","Turbo"],"picked":"Rip and Tear","floor":1},{"not_picked":["Go for the Eyes","Sunder"],"picked":"Genetic Algorithm","floor":2},{"not_picked":["Beam Cell","Compile Driver"],"picked":"Rebound","floor":4},{"not_picked":["Auto Shields","Beam Cell"],"picked":"Static Discharge","floor":5},{"not_picked":["Coolheaded","Meteor Strike"],"picked":"Auto Shields","floor":7},{"not_picked":["Turbo","Sunder"],"picked":"Reinforced Body","floor":10},{"not_picked":["Redo","Melter","Gash"],"picked":"SKIP","floor":12},{"not_picked":["Capacitor","Ball Lightning"],"picked":"Barrage","floor":14},{"not_picked":["Meteor Strike","Multi-Cast"],"picked":"Creative AI","floor":16},{"not_picked":["Compile Driver","Gash+1"],"picked":"Genetic Algorithm+1","floor":18},{"not_picked":["Hologram","Sunder","Ball Lightning"],"picked":"SKIP","floor":20},{"not_picked":["Redo","Steam Power"],"picked":"Self Repair","floor":21}],"player_experience":3326242,"relics_obtained":[{"floor":7,"key":"Lantern"},{"floor":9,"key":"Ancient Tea Set"},{"floor":10,"key":"Gremlin Horn"}],"event_choices":[{"damage_healed":0,"gold_gain":0,"player_choice":"Ignored","damage_taken":0,"max_hp_gain":0,"max_hp_loss":0,"event_name":"Ghosts","floor":22,"gold_loss":0}],"is_beta":false,"boss_relics":[{"not_picked":["Runic Dome","Coffee Dripper"],"picked":"Velvet Choker"}],"items_purged_floors":[13],"is_endless":false,"potions_floor_spawned":[1,2,5,10,16,21],"killed_by":"Gremlin Leader","ascension_level":18}