{"gold_per_floor":[214,224,224,239,252,280,280,22,22,56,56,68,98,50,50,153,153,141,155,155,8,8,8,33,33,33,62,62,82,82,107,107,203,203,217,217,62,77,77,77,23,23,74,74,15,26,26,36,36,36],"floor_reached":51,"playtime":2667,"items_purged":["Strike_G","Strike_G"],"score":789,"play_id":"7ec74050-4bbc-40a4-bf02-bea027742632","local_time":"20190630230044","is_ascension_mode":false,"campfire_choices":[{"data":"Footwork","floor":11,"key":"SMITH"},{"data":"Neutralize","floor":15,"key":"SMITH"},{"data":"Catalyst","floor":23,"key":"SMITH"},{"data":"Noxious Fumes","floor":25,"key":"SMITH"},{"data":"Noxious Fumes","floor":28,"key":"SMITH"},{"data":"Calculated Gamble","floor":32,"key":"SMITH"},{"data":"Sucker Punch","floor":40,"key":"SMITH"},{"data":"Noxious Fumes","floor":44,"key":"SMITH"},{"data":"Footwork","floor":47,"key":"SMITH"},{"data":"Well Laid Plans","floor":49,"key":"SMITH"}],"neow_cost":"NONE","seed_source_timestamp":1548643452788839,"circlet_count":0,"master_deck":["Defend_G","Defend_G","Defend_G","Defend_G","Defend_G","Strike_G","Strike_G","Survivor","Neutralize+1","PiercingWail","Riddle With Holes","Envenom","Footwork+1","Sucker Punch+1","Deadly Poison","Noxious Fumes+1","PiercingWail","Noxious Fumes+1","Calculated Gamble+1","Bullet Time","Leg Sweep+1","Cloak And Dagger","Catalyst+1","Backflip","Dash","PiercingWail","Catalyst+1","Die Die Die","Well Laid Plans+1","Crippling Poison+1","Noxious Fumes+1","Footwork+1","Cloak And Dagger+1","Cloak And Dagger+1","Leg Sweep","Leg Sweep+1"],"relics":["Ring of the Snake","Regal Pillow","Ancient Tea Set","Prayer Wheel","Meat on the Bone","Tiny Chest","Sozu","The Courier","Paper Crane","Bird Faced Urn","Centennial Puzzle","Philosopher\u0027s Stone","Snake Skull","Bottled Lightning","Strawberry"],"potions_floor_usage":[6,10,16],"damage_taken":[{"damage":0,"enemies":"Jaw Worm","floor":1,"turns":5},{"damage":0,"enemies":"Small Slimes","floor":2,"turns":5},{"damage":2,"enemies":"2 Louse","floor":4,"turns":3},{"damage":0,"enemies":"Looter","floor":5,"turns":4},{"damage":14,"enemies":"Gremlin Nob","floor":6,"turns":5},{"damage":6,"enemies":"Lagavulin","floor":10,"turns":8},{"damage":0,"enemies":"3 Louse","floor":12,"turns":5},{"damage":22,"enemies":"Hexaghost","floor":16,"turns":8},{"damage":8,"enemies":"2 Thieves","floor":18,"turns":4},{"damage":0,"enemies":"3 Byrds","floor":19,"turns":5},{"damage":0,"enemies":"Book of Stabbing","floor":24,"turns":6},{"damage":0,"enemies":"Slavers","floor":27,"turns":6},{"damage":2,"enemies":"Snecko","floor":29,"turns":6},{"damage":12,"enemies":"Automaton","floor":33,"turns":9},{"damage":1,"enemies":"3 Shapes","floor":35,"turns":4},{"damage":3,"enemies":"Orb Walker","floor":38,"turns":4},{"damage":2,"enemies":"Spire Growth","floor":46,"turns":2},{"damage":0,"enemies":"3 Darklings","floor":48,"turns":7},{"damage":24,"enemies":"Time Eater","floor":50,"turns":10}],"seed_played":"931921857997008860","potions_obtained":[{"floor":2,"key":"FearPotion"}],"is_trial":false,"path_per_floor":["M","M","?","M","M","E","T","$","T","E","R","M","T","$","R","B",null,"M","M","?","$","?","R","E","R","T","E","R","M","?","T","R","B",null,"M","?","$","M","T","R","$","?","T","R","$","M","R","M","R","B",null],"character_chosen":"THE_SILENT","items_purchased":["Noxious Fumes","PiercingWail","Dexterity Potion","SkillPotion","Backflip","Snake Skull","Well Laid Plans","Noxious Fumes","Footwork"],"campfire_rested":0,"item_purchase_floors":[8,8,8,14,21,37,37,41,45],"current_hp_per_floor":[70,70,70,68,68,54,54,54,54,48,48,48,48,48,48,38,70,62,62,62,62,49,49,49,49,49,49,49,55,55,55,55,51,75,75,75,75,75,75,75,75,75,82,82,82,80,80,82,82,72],"gold":36,"neow_bonus":"HUNDRED_GOLD","is_prod":false,"is_daily":false,"chose_seed":false,"campfire_upgraded":10,"win_rate":0,"timestamp":1561950044,"path_taken":["M","M","?","M","M","E","?","$","T","E","R","M","?","$","R","BOSS","M","M","?","$","?","R","E","R","T","E","R","M","?","?","R","BOSS","M","?","$","M","?","R","$","?","T","R","$","?","R","M","R","BOSS"],"build_version":"2019-01-23","purchased_purges":2,"victory":true,"max_hp_per_floor":[70,70,70,70,70,70,70,70,70,70,70,70,70,70,70,70,70,70,70,70,70,75,75,75,75,75,75,75,75,75,75,75,75,75,75,75,75,75,75,75,75,75,82,82,82,82,82,82,82,82],"card_choices":[{"not_picked":["Slice","Concentrate"],"picked":"PiercingWail","floor":1},{"not_picked":["Cloak And Dagger","Expertise"],"picked":"Riddle With Holes","floor":2},{"not_picked":["Slice","Expertise"],"picked":"Footwork","floor":4},{"not_picked":["Acrobatics","PiercingWail"],"picked":"Sucker Punch","floor":5},{"not_picked":["Doppelganger","Dodge and Roll"],"picked":"Deadly Poison","floor":6},{"not_picked":["Cloak And Dagger","Acrobatics"],"picked":"Noxious Fumes","floor":10},{"not_picked":["Blade Dance","Accuracy"],"picked":"Calculated Gamble","floor":12},{"not_picked":["Poisoned Stab","Finisher","Skewer"],"picked":"SKIP","floor":12},{"not_picked":["Phantasmal Killer","Glass Knife"],"picked":"Bullet Time","floor":16},{"not_picked":["Backflip","Slice"],"picked":"Leg Sweep+1","floor":18},{"not_picked":["Cloak And Dagger","Outmaneuver","Dagger Spray"],"picked":"SKIP","floor":18},{"not_picked":["Outmaneuver","Terror"],"picked":"Cloak And Dagger","floor":19},{"not_picked":["Infinite Blades","Flying Knee+1","Backstab"],"picked":"SKIP","floor":19},{"not_picked":["Deadly Poison","Heel Hook"],"picked":"Dash","floor":24},{"not_picked":["Finisher","Tactician"],"picked":"PiercingWail","floor":27},{"not_picked":["Bouncing Flask","Bane"],"picked":"Catalyst+1","floor":29},{"not_picked":["Choke","Deflect","Quick Slash"],"picked":"SKIP","floor":29},{"not_picked":["A Thousand Cuts","Glass Knife"],"picked":"Die Die Die","floor":33},{"not_picked":["Backstab","Outmaneuver","Deadly Poison"],"picked":"SKIP","floor":35},{"not_picked":["Blade Dance","Bane","Skewer+1"],"picked":"SKIP","floor":35},{"not_picked":["Eviscerate","Skewer"],"picked":"Crippling Poison+1","floor":38},{"not_picked":["Deflect","Underhanded Strike+1","Cloak And Dagger+1"],"picked":"SKIP","floor":38},{"not_picked":["Accuracy","Flying Knee+1"],"picked":"Cloak And Dagger+1","floor":46},{"not_picked":["Dagger Spray","Caltrops+1"],"picked":"Cloak And Dagger+1","floor":46},{"not_picked":["Dagger Throw","Dagger Spray"],"picked":"Leg Sweep","floor":48},{"not_picked":["Glass Knife","Poisoned Stab+1"],"picked":"Leg Sweep+1","floor":48}],"player_experience":3871881,"relics_obtained":[{"floor":6,"key":"Regal Pillow"},{"floor":7,"key":"Ancient Tea Set"},{"floor":9,"key":"Prayer Wheel"},{"floor":10,"key":"Meat on the Bone"},{"floor":13,"key":"Tiny Chest"},{"floor":24,"key":"The Courier"},{"floor":26,"key":"Paper Crane"},{"floor":27,"key":"Bird Faced Urn"},{"floor":31,"key":"Centennial Puzzle"},{"floor":39,"key":"Bottled Lightning"},{"floor":43,"key":"Strawberry"}],"event_choices":[{"damage_healed":0,"gold_gain":0,"cards_transformed":["Strike_G"],"player_choice":"Change","damage_taken":0,"max_hp_gain":0,"max_hp_loss":0,"event_name":"Living Wall","floor":3,"gold_loss":0,"cards_obtained":["Envenom"]},{"damage_healed":0,"gold_gain":0,"player_choice":"Read","damage_taken":0,"max_hp_gain":0,"max_hp_loss":0,"event_name":"The Library","floor":20,"gold_loss":0,"cards_obtained":["Catalyst"]},{"damage_healed":0,"gold_gain":0,"player_choice":"Shed Blood","damage_taken":18,"max_hp_gain":5,"max_hp_loss":0,"event_name":"Forgotten Altar","floor":22,"gold_loss":0},{"damage_healed":0,"gold_gain":0,"player_choice":"Ignored","damage_taken":0,"max_hp_gain":0,"max_hp_loss":0,"event_name":"Ghosts","floor":30,"gold_loss":0},{"damage_healed":0,"gold_gain":0,"player_choice":"Ignored","damage_taken":0,"max_hp_gain":0,"max_hp_loss":0,"event_name":"Tomb of Lord Red Mask","floor":36,"gold_loss":0},{"damage_healed":0,"gold_gain":0,"player_choice":"Full Heal","damage_taken":0,"max_hp_gain":0,"max_hp_loss":0,"event_name":"Wheel of Change","floor":42,"gold_loss":0}],"is_beta":false,"boss_relics":[{"not_picked":["Ring of the Serpent","Tiny House"],"picked":"Sozu"},{"not_picked":["Fusion Hammer","WristBlade"],"picked":"Philosopher\u0027s Stone"}],"items_purged_floors":[8,21],"is_endless":false,"potions_floor_spawned":[2,18,29,33,38,48],"ascension_level":0}