{"gold_per_floor":[212,224,39,53,53,81,99,129,153,169,169,189,189,213,213,316,316,336,348,381,394,31,31,48,48,48,48,48,63,162,190,190,288,288,300,300,300,12,12,12,234,234,234,249,249,264,281,293,293,293],"floor_reached":51,"playtime":3014,"items_purged":["Strike_G","Finisher"],"score":777,"play_id":"d174cd9e-fa90-4304-ba3c-8a6238554950","local_time":"20190701151424","is_ascension_mode":false,"campfire_choices":[{"floor":11,"key":"REST"},{"data":"Catalyst","floor":13,"key":"SMITH"},{"data":"Neutralize","floor":15,"key":"SMITH"},{"floor":25,"key":"REST"},{"floor":27,"key":"REST"},{"floor":32,"key":"REST"},{"data":"Burst","floor":40,"key":"SMITH"},{"data":"Catalyst","floor":42,"key":"SMITH"},{"data":"Writhe","floor":45,"key":"PURGE"},{"floor":49,"key":"REST"}],"neow_cost":"NONE","seed_source_timestamp":1606715779554226,"circlet_count":0,"master_deck":["Survivor","Neutralize+1","Poisoned Stab","Noxious Fumes+1","Predator","Deflect","Catalyst+1","After Image","Well Laid Plans","Escape Plan","Dodge and Roll","Die Die Die","Blade Dance","Well Laid Plans","Sucker Punch","Malaise","Phantasmal Killer","Flechettes","Bullet Time","Predator","Backflip","Leg Sweep","PiercingWail","Deflect","Dash","Blur","Catalyst+1","Burst+1","Panacea","Mind Blast+1","Master of Strategy","Decay","Backflip+1","Crippling Poison+1","Dash+1"],"relics":["Ring of the Snake","Lantern","Art of War","Snake Skull","Odd Mushroom","Pandora\u0027s Box","Red Mask","Anchor","Juzu Bracelet","Matryoshka","Bag of Marbles","Peace Pipe","Molten Egg 2","Cursed Key","The Specimen","Smiling Mask","Orichalcum"],"potions_floor_usage":[6,16,21,24,33,33,46,46,47,50],"damage_taken":[{"damage":0,"enemies":"Jaw Worm","floor":1,"turns":4},{"damage":0,"enemies":"Cultist","floor":2,"turns":4},{"damage":0,"enemies":"2 Louse","floor":4,"turns":2},{"damage":27,"enemies":"Lagavulin","floor":6,"turns":8},{"damage":5,"enemies":"Looter","floor":7,"turns":3},{"damage":10,"enemies":"3 Sentries","floor":8,"turns":6},{"damage":7,"enemies":"Blue Slaver","floor":10,"turns":4},{"damage":0,"enemies":"Exordium Wildlife","floor":12,"turns":3},{"damage":14,"enemies":"The Mushroom Lair","floor":14,"turns":3},{"damage":0,"enemies":"Hexaghost","floor":16,"turns":6},{"damage":9,"enemies":"Shell Parasite","floor":18,"turns":4},{"damage":18,"enemies":"2 Thieves","floor":19,"turns":3},{"damage":23,"enemies":"Masked Bandits","floor":20,"turns":5},{"damage":7,"enemies":"Snake Plant","floor":21,"turns":4},{"damage":6,"enemies":"Cultist and Chosen","floor":24,"turns":7},{"damage":0,"enemies":"Shelled Parasite and Fungi","floor":29,"turns":7},{"damage":11,"enemies":"Book of Stabbing","floor":31,"turns":7},{"damage":20,"enemies":"Automaton","floor":33,"turns":10},{"damage":0,"enemies":"3 Shapes","floor":35,"turns":4},{"damage":0,"enemies":"Orb Walker","floor":44,"turns":4},{"damage":12,"enemies":"Transient","floor":46,"turns":5},{"damage":0,"enemies":"Sphere and 2 Shapes","floor":47,"turns":6},{"damage":0,"enemies":"4 Shapes","floor":48,"turns":5},{"damage":10,"enemies":"Awakened One","floor":50,"turns":13}],"seed_played":"-793892798378506360","potions_obtained":[{"floor":4,"key":"FearPotion"},{"floor":8,"key":"Strength Potion"},{"floor":12,"key":"Poison Potion"},{"floor":21,"key":"SpeedPotion"},{"floor":29,"key":"Swift Potion"},{"floor":33,"key":"Swift Potion"},{"floor":35,"key":"Block Potion"},{"floor":39,"key":"SkillPotion"},{"floor":46,"key":"Weak Potion"},{"floor":47,"key":"Weak Potion"}],"is_trial":false,"path_per_floor":["M","M","$","M","?","E","M","E","T","M","R","M","R","?","R","B",null,"M","M","?","M","$","?","M","R","T","R","T","M","?","E","R","B",null,"M","?","?","$","?","R","?","R","T","M","R","M","M","M","R","B",null],"character_chosen":"THE_SILENT","items_purchased":["Noxious Fumes","Predator","Anchor","Dash","Ancient Potion","The Specimen"],"campfire_rested":5,"item_purchase_floors":[3,3,22,22,22,38],"current_hp_per_floor":[70,70,70,70,70,43,38,28,28,21,42,42,42,28,28,28,70,61,43,20,13,13,13,7,28,28,49,49,49,49,38,59,39,70,70,60,60,60,60,60,60,60,60,60,60,48,48,48,69,59],"gold":293,"neow_bonus":"HUNDRED_GOLD","is_prod":false,"is_daily":false,"chose_seed":false,"campfire_upgraded":4,"win_rate":0,"timestamp":1562008464,"path_taken":["M","M","$","M","?","E","?","E","T","M","R","M","R","?","R","BOSS","M","M","?","M","$","?","M","R","T","R","?","M","?","E","R","BOSS","M","?","?","$","?","R","?","R","T","M","R","M","M","M","R","BOSS"],"build_version":"2019-01-23","purchased_purges":2,"victory":true,"max_hp_per_floor":[70,70,70,70,70,70,70,70,70,70,70,70,70,70,70,70,70,70,70,70,70,70,70,70,70,70,70,70,70,70,70,70,70,70,70,70,70,70,70,70,70,70,70,70,70,70,70,70,70,70],"card_choices":[{"not_picked":["Cloak And Dagger","Accuracy"],"picked":"Poisoned Stab","floor":1},{"not_picked":["Deadly Poison","Cloak And Dagger"],"picked":"Dagger Spray","floor":2},{"not_picked":["All Out Attack","Dagger Throw"],"picked":"Deflect","floor":4},{"not_picked":["Bouncing Flask","Dash"],"picked":"Catalyst","floor":6},{"not_picked":["Masterful Stab","Accuracy"],"picked":"After Image","floor":7},{"not_picked":["Quick Slash","Crippling Poison"],"picked":"Well Laid Plans","floor":8},{"not_picked":["Infinite Blades","Flying Knee","Masterful Stab"],"picked":"SKIP","floor":10},{"not_picked":["Bane","Cloak And Dagger"],"picked":"Escape Plan","floor":12},{"not_picked":["Riddle With Holes","Acrobatics"],"picked":"Dodge and Roll","floor":14},{"not_picked":["Adrenaline","Tools of the Trade"],"picked":"Die Die Die","floor":16},{"not_picked":["Slice+1","Blade Dance"],"picked":"Backflip","floor":18},{"not_picked":["Quick Slash","Underhanded Strike"],"picked":"Leg Sweep","floor":19},{"not_picked":["Riddle With Holes","Quick Slash"],"picked":"PiercingWail","floor":20},{"not_picked":["Prepared","Underhanded Strike"],"picked":"Deflect","floor":21},{"not_picked":["Sucker Punch","Riddle With Holes"],"picked":"Blur","floor":24},{"not_picked":["Poisoned Stab+1","Sucker Punch+1","Masterful Stab"],"picked":"SKIP","floor":29},{"not_picked":["Quick Slash+1","Skewer"],"picked":"Catalyst","floor":31},{"not_picked":["Envenom","Unload+1"],"picked":"Burst","floor":33},{"not_picked":["Poisoned Stab+1","All Out Attack+1","Deadly Poison"],"picked":"SKIP","floor":35},{"not_picked":["Purity","Bandage Up"],"picked":"Panacea","floor":36},{"not_picked":["Transmutation","Madness"],"picked":"Mind Blast+1","floor":36},{"not_picked":["Bandage Up","Good Instincts"],"picked":"Master of Strategy","floor":36},{"not_picked":["Underhanded Strike+1","Bane+1"],"picked":"Backflip+1","floor":44},{"not_picked":["Quick Slash+1","All Out Attack+1"],"picked":"Crippling Poison+1","floor":46},{"not_picked":["Riddle With Holes+1","Dagger Throw+1","Leg Sweep"],"picked":"SKIP","floor":47},{"not_picked":["Riddle With Holes+1","Cloak And Dagger"],"picked":"Dash+1","floor":48}],"player_experience":3874548,"relics_obtained":[{"floor":6,"key":"Lantern"},{"floor":8,"key":"Art of War"},{"floor":9,"key":"Snake Skull"},{"floor":14,"key":"Odd Mushroom"},{"floor":20,"key":"Red Mask"},{"floor":26,"key":"Matryoshka"},{"floor":28,"key":"Bag of Marbles"},{"floor":28,"key":"Peace Pipe"},{"floor":31,"key":"Molten Egg 2"},{"floor":43,"key":"Smiling Mask"},{"floor":43,"key":"Orichalcum"}],"event_choices":[{"damage_healed":0,"gold_gain":0,"player_choice":"Upgraded","damage_taken":0,"max_hp_gain":0,"max_hp_loss":0,"event_name":"Upgrade Shrine","floor":5,"gold_loss":0,"cards_upgraded":["Noxious Fumes"]},{"damage_healed":0,"gold_gain":0,"player_choice":"Fought Mushrooms","damage_taken":0,"max_hp_gain":0,"max_hp_loss":0,"event_name":"Mushrooms","floor":14,"gold_loss":0},{"damage_healed":0,"gold_gain":0,"player_choice":"Fought Bandits","damage_taken":0,"max_hp_gain":0,"max_hp_loss":0,"event_name":"Masked Bandits","floor":20,"gold_loss":0},{"damage_healed":0,"gold_gain":0,"player_choice":"Opened","damage_taken":0,"relics_obtained":["Juzu Bracelet"],"max_hp_gain":0,"max_hp_loss":0,"event_name":"The Mausoleum","floor":23,"gold_loss":0,"cards_obtained":["Writhe"]},{"damage_healed":0,"gold_gain":99,"player_choice":"Stole From Cult","damage_taken":0,"max_hp_gain":0,"max_hp_loss":0,"event_name":"Nest","floor":30,"gold_loss":0},{"damage_healed":0,"gold_gain":0,"player_choice":"Memory 3","damage_taken":10,"max_hp_gain":0,"max_hp_loss":0,"event_name":"SensoryStone","floor":36,"gold_loss":0},{"cards_removed":["Dagger Spray"],"damage_healed":0,"gold_gain":0,"player_choice":"Removed Attack","damage_taken":0,"max_hp_gain":0,"max_hp_loss":0,"event_name":"Falling","floor":37,"gold_loss":0},{"damage_healed":0,"gold_gain":0,"player_choice":"Got Potions","damage_taken":0,"max_hp_gain":0,"max_hp_loss":0,"event_name":"Lab","floor":39,"gold_loss":0},{"damage_healed":0,"gold_gain":222,"player_choice":"Wore Mask","damage_taken":0,"max_hp_gain":0,"max_hp_loss":0,"event_name":"Tomb of Lord Red Mask","floor":41,"gold_loss":0}],"is_beta":false,"boss_relics":[{"not_picked":["HoveringKite","Runic Dome"],"picked":"Pandora\u0027s Box"},{"not_picked":["Black Star","Velvet Choker"],"picked":"Cursed Key"}],"items_purged_floors":[3,22],"is_endless":false,"potions_floor_spawned":[4,8,12,21,29,33,35,46,47],"ascension_level":0}