{"gold_per_floor":[217,217,227,227,246,246,279,290,316,316,316,20,20,47,47,149,149,169,41,40,40,40,40,52,52],"floor_reached":25,"playtime":9344,"items_purged":[],"score":282,"play_id":"b41c4e0d-a017-4e42-9d84-48f0ce5ba337","local_time":"20181206213451","is_ascension_mode":true,"campfire_choices":[{"data":"Bash","floor":6,"key":"SMITH"},{"floor":13,"key":"REST"},{"floor":15,"key":"REST"},{"floor":23,"key":"REST"}],"neow_cost":"NONE","seed_source_timestamp":1975474975361731,"circlet_count":0,"master_deck":["Strike_R","Strike_R","Strike_R","Strike_R","Defend_R","Defend_R","Defend_R","Defend_R","Bash+1","Headbutt","Evolve","Headbutt","Seeing Red","Shrug It Off+1","Battle Trance+1","Exhume+1","Shrug It Off+1","Shockwave+1","Shrug It Off+1"],"relics":["Burning Blood","WarpedTongs","Art of War","Juzu Bracelet","Toxic Egg 2","Smiling Mask","Sozu","Lantern"],"potions_floor_usage":[7,16,16,16],"damage_taken":[{"damage":6,"enemies":"Cultist","floor":1,"turns":4},{"damage":4,"enemies":"2 Louse","floor":3,"turns":3},{"damage":13,"enemies":"Jaw Worm","floor":5,"turns":5},{"damage":36,"enemies":"3 Sentries","floor":7,"turns":6},{"damage":20,"enemies":"Looter","floor":8,"turns":3},{"damage":29,"enemies":"Lagavulin","floor":14,"turns":6},{"damage":26,"enemies":"Slime Boss","floor":16,"turns":11},{"damage":26,"enemies":"3 Byrds","floor":18,"turns":6},{"damage":0,"enemies":"2 Thieves","floor":20,"turns":4},{"damage":18,"enemies":"Centurion and Healer","floor":24,"turns":7},{"damage":54,"enemies":"Book of Stabbing","floor":25,"turns":5}],"seed_played":"-4156399702662194835","potions_obtained":[{"floor":1,"key":"Dexterity Potion"},{"floor":3,"key":"PowerPotion"},{"floor":4,"key":"Fire Potion"},{"floor":8,"key":"Strength Potion"}],"is_trial":false,"path_per_floor":["M","?","M","?","M","R","E","M","T","?","?","$","R","E","R","B",null,"M","$","M","?","?","R","M","E"],"character_chosen":"IRONCLAD","items_purchased":["Toxic Egg 2","Shrug It Off+1","Shrug It Off+1","Shockwave+1"],"campfire_rested":3,"item_purchase_floors":[12,12,19,19],"current_hp_per_floor":[72,72,74,74,67,67,37,23,23,23,23,23,47,24,48,28,67,47,47,53,38,38,63,51,0],"gold":52,"neow_bonus":"HUNDRED_GOLD","is_prod":false,"is_daily":false,"chose_seed":false,"campfire_upgraded":1,"win_rate":0,"timestamp":1544150091,"path_taken":["M","?","?","?","?","R","E","M","T","?","?","$","R","E","R","BOSS","M","$","M","?","?","R","M","E"],"build_version":"2018-11-15","purchased_purges":0,"victory":false,"max_hp_per_floor":[80,80,80,80,80,80,80,80,80,80,80,80,80,80,80,80,80,80,80,80,85,85,85,85,85],"card_choices":[{"not_picked":["Power Through","Bloodletting"],"picked":"Headbutt","floor":1},{"not_picked":["Disarm","Warcry"],"picked":"Evolve","floor":3},{"not_picked":["Inflame","Iron Wave"],"picked":"Headbutt","floor":5},{"not_picked":["Dropkick","Power Through"],"picked":"Seeing Red","floor":7},{"not_picked":["Heavy Blade","Blood for Blood","Sever Soul"],"picked":"SKIP","floor":8},{"not_picked":["Carnage","Sword Boomerang"],"picked":"Battle Trance+1","floor":14},{"not_picked":["Bludgeon","Limit Break+1"],"picked":"Exhume+1","floor":16},{"not_picked":["Twin Strike","Reckless Charge","Cleave"],"picked":"SKIP","floor":18},{"not_picked":["Blood for Blood","Cleave+1","Clothesline"],"picked":"SKIP","floor":20},{"not_picked":["Cleave","Rampage+1"],"picked":"Shrug It Off+1","floor":24}],"player_experience":2692325,"relics_obtained":[{"floor":7,"key":"Art of War"},{"floor":9,"key":"Juzu Bracelet"},{"floor":14,"key":"Smiling Mask"}],"event_choices":[{"damage_healed":0,"gold_gain":0,"player_choice":"Rummage","damage_taken":0,"relics_obtained":["WarpedTongs"],"max_hp_gain":0,"max_hp_loss":0,"event_name":"Accursed Blacksmith","floor":2,"gold_loss":0,"cards_obtained":["Pain"]},{"damage_healed":0,"gold_gain":0,"player_choice":"Got Potions","damage_taken":0,"max_hp_gain":0,"max_hp_loss":0,"event_name":"Lab","floor":4,"gold_loss":0},{"cards_removed":["Pain"],"damage_healed":0,"gold_gain":0,"player_choice":"Forget","damage_taken":0,"max_hp_gain":0,"max_hp_loss":0,"event_name":"Living Wall","floor":10,"gold_loss":0},{"cards_removed":["Strike_R"],"damage_healed":0,"gold_gain":0,"player_choice":"Offered Basic","damage_taken":0,"max_hp_gain":0,"max_hp_loss":0,"event_name":"Bonfire Elementals","floor":11,"gold_loss":0},{"damage_healed":0,"gold_gain":0,"player_choice":"Shed Blood","damage_taken":20,"max_hp_gain":5,"max_hp_loss":0,"event_name":"Forgotten Altar","floor":21,"gold_loss":0},{"damage_healed":0,"gold_gain":0,"player_choice":"Opened","damage_taken":0,"relics_obtained":["Lantern"],"max_hp_gain":0,"max_hp_loss":0,"event_name":"The Mausoleum","floor":22,"gold_loss":0}],"is_beta":false,"boss_relics":[{"not_picked":["Runic Cube","Runic Pyramid"],"picked":"Sozu"}],"items_purged_floors":[],"is_endless":false,"potions_floor_spawned":[1,3,8,14,18,20,24],"killed_by":"Book of Stabbing","ascension_level":7}