{"gold_per_floor":[214,28,28,38,50,50,80,80,80,7,18,18,34,49,49,49],"floor_reached":16,"playtime":760,"items_purged":[],"score":102,"play_id":"5afd347d-158a-47e0-867f-5563ea05e3d4","local_time":"20190420134938","is_ascension_mode":false,"campfire_choices":[{"data":"Multi-Cast","floor":6,"key":"SMITH"},{"floor":8,"key":"REST"},{"data":"Coolheaded","floor":15,"key":"SMITH"}],"neow_cost":"NONE","seed_source_timestamp":930656197396052,"circlet_count":0,"master_deck":["Strike_B","Strike_B","Strike_B","Strike_B","Defend_B","Defend_B","Defend_B","Defend_B","Zap","Dualcast","Gash","Hologram","Multi-Cast+1","Coolheaded+1","Beam Cell","Hologram","White Noise","Recycle","Coolheaded","Skim"],"relics":["Cracked Core","Shuriken","Gremlin Horn","Bag of Marbles"],"potions_floor_usage":[7,13,16],"damage_taken":[{"damage":1,"enemies":"Jaw Worm","floor":1,"turns":4},{"damage":3,"enemies":"Cultist","floor":4,"turns":3},{"damage":0,"enemies":"2 Louse","floor":5,"turns":1},{"damage":38,"enemies":"Lagavulin","floor":7,"turns":6},{"damage":0,"enemies":"Large Slime","floor":11,"turns":5},{"damage":0,"enemies":"2 Fungi Beasts","floor":13,"turns":1},{"damage":4,"enemies":"Looter","floor":14,"turns":3},{"damage":20,"enemies":"Hexaghost","floor":16,"turns":12}],"seed_played":"-8832209028670368479","potions_obtained":[{"floor":4,"key":"Swift Potion"},{"floor":11,"key":"AttackPotion"},{"floor":14,"key":"Strength Potion"}],"is_trial":false,"path_per_floor":["M","$","?","M","M","R","E","R","T","$","M","?","M","M","R","B"],"character_chosen":"DEFECT","items_purchased":["Hologram","Multi-Cast","White Noise"],"campfire_rested":1,"item_purchase_floors":[2,2,10],"current_hp_per_floor":[74,74,74,71,71,71,33,55,55,55,55,22,22,18,18,0],"gold":49,"neow_bonus":"HUNDRED_GOLD","is_prod":false,"is_daily":false,"chose_seed":false,"campfire_upgraded":2,"win_rate":0,"timestamp":1555782578,"path_taken":["M","$","?","?","M","R","E","R","T","$","?","?","M","M","R","BOSS"],"build_version":"2019-01-23","purchased_purges":0,"victory":false,"max_hp_per_floor":[75,75,75,75,75,75,75,75,75,75,75,75,75,75,75,75],"card_choices":[{"not_picked":["Steam","Go for the Eyes"],"picked":"Gash","floor":1},{"not_picked":["FTL","Static Discharge"],"picked":"Coolheaded","floor":4},{"not_picked":["Scrape","Sweeping Beam"],"picked":"Beam Cell","floor":5},{"not_picked":["Go for the Eyes","Genetic Algorithm"],"picked":"Hologram","floor":7},{"not_picked":["Rainbow","Sweeping Beam"],"picked":"Recycle","floor":11},{"not_picked":["BootSequence","Undo"],"picked":"Coolheaded","floor":13},{"not_picked":["Rip and Tear","Redo"],"picked":"Skim","floor":14}],"player_experience":3432160,"relics_obtained":[{"floor":7,"key":"Shuriken"},{"floor":9,"key":"Gremlin Horn"}],"event_choices":[{"damage_healed":0,"gold_gain":0,"player_choice":"Ignored","damage_taken":0,"max_hp_gain":0,"max_hp_loss":0,"event_name":"WeMeetAgain","floor":3,"gold_loss":0},{"damage_healed":0,"gold_gain":0,"player_choice":"Success","damage_taken":33,"relics_obtained":["Bag of Marbles"],"max_hp_gain":0,"max_hp_loss":0,"event_name":"Scrap Ooze","floor":12,"gold_loss":0}],"is_beta":false,"boss_relics":[],"items_purged_floors":[],"is_endless":false,"potions_floor_spawned":[4,11,14],"killed_by":"Hexaghost","ascension_level":0}