{"path_per_floor":["M","?","?","M","?","E","M","R","T","M","T","$","E","$","R","B",null,"M","$","?","?","M","R","M","M","T","M","M","M","R","M","R"],"character_chosen":"THE_SILENT","items_purchased":["Bronze Scales","Anchor","Escape Plan","Footwork"],"gold_per_floor":[113,113,188,209,209,244,263,263,263,276,303,10,80,12,12,103,103,124,4,4,4,21,21,34,48,48,64,84,95,95,114,114],"floor_reached":33,"campfire_rested":0,"playtime":3115,"current_hp_per_floor":[63,63,52,52,39,39,51,51,51,50,50,50,46,46,46,31,57,42,42,42,42,65,65,51,55,55,62,45,51,51,58,58],"items_purged":["Normality"],"gold":114,"score":469,"play_id":"037be209-4178-4df5-87de-2a37c0126423","is_prod":false,"is_daily":false,"is_ascension_mode":true,"campfire_upgraded":5,"path_taken":["M","?","?","?","?","E","?","R","T","?","?","$","E","?","R","BOSS","M","$","?","?","M","R","M","M","T","?","M","M","R","M","R","BOSS"],"build_version":"2018-02-22-PROD2","purchased_purges":1,"victory":false,"master_deck":["Defend_G+1","Defend_G+1","Defend_G","Defend_G+1","Defend_G","Strike_G","Strike_G","Strike_G","Strike_G","Strike_G","Survivor","Neutralize+1","Parasite","Calculated Gamble","Noxious Fumes+1","Escape Plan+1","Acrobatics","Dagger Spray","Calculated Gamble+1","Escape Plan","Tactician","Writhe","Injury","Underhanded Strike+1","Footwork+1","Acrobatics","Footwork+1","Catalyst","Predator+1","Terror"],"max_hp_per_floor":[70,65,65,65,65,65,65,65,65,65,65,65,65,65,65,65,65,65,65,65,65,65,65,65,65,65,65,65,65,65,65,65],"relics":["Ring of the Snake","NeowsBlessing","Bloody Idol","Thread and Needle","Gambling Chip","Blood Vial","Bronze Scales","Anchor","Tiny Chest","Calling Bell","Smiling Mask","Gremlin Horn","War Paint","Shovel"],"card_choices":[{"not_picked":["Dagger Throw","Riddle With Holes"],"picked":"Calculated Gamble"},{"not_picked":["Quick Slash","Underhanded Strike"],"picked":"Noxious Fumes"},{"not_picked":["Masterful Stab","Well Laid Plans"],"picked":"Escape Plan"},{"not_picked":["Bane","Storm of Steel"],"picked":"Acrobatics"},{"not_picked":["Setup","Prepared"],"picked":"Dagger Spray"},{"not_picked":["Cloak And Dagger","Predator"],"picked":"Calculated Gamble"},{"not_picked":["After Image","Burst"],"picked":"Tactician"},{"not_picked":["Accuracy","Acrobatics"],"picked":"Underhanded Strike"},{"not_picked":["Dagger Spray","Flying Knee"],"picked":"Acrobatics"},{"not_picked":["Poisoned Stab","Reflex"],"picked":"Footwork"},{"not_picked":["Corpse Explosion","Acrobatics"],"picked":"Catalyst"},{"not_picked":["Outmaneuver","Bullet Time"],"picked":"Predator"},{"not_picked":["Outmaneuver","Endless Agony"],"picked":"Terror"}],"player_experience":908481,"potions_floor_usage":[7,16,22,22,25,27,29,29,33],"damage_taken":[{"damage":0,"enemies":"Jaw Worm","floor":1,"turns":1},{"damage":0,"enemies":"2 Louse","floor":4,"turns":1},{"damage":0,"enemies":"Gremlin Nob","floor":6,"turns":1},{"damage":0,"enemies":"Small Slimes","floor":7,"turns":5},{"damage":1,"enemies":"Looter","floor":10,"turns":4},{"damage":6,"enemies":"3 Sentries","floor":13,"turns":5},{"damage":17,"enemies":"Hexaghost","floor":16,"turns":10},{"damage":17,"enemies":"Spheric Guardian","floor":18,"turns":8},{"damage":0,"enemies":"2 Thieves","floor":22,"turns":4},{"damage":19,"enemies":"Snake Plant","floor":24,"turns":5},{"damage":3,"enemies":"Snecko","floor":25,"turns":7},{"damage":0,"enemies":"Sentry and Sphere","floor":27,"turns":7},{"damage":24,"enemies":"Cultist and Chosen","floor":28,"turns":8},{"damage":13,"enemies":"Snecko","floor":29,"turns":7},{"damage":0,"enemies":"3 Cultists","floor":31,"turns":6},{"damage":61,"enemies":"Champ","floor":33,"turns":14}],"event_choices":[{"event_name":"Golden Idol","player_choice":"Lose Max HP","floor":2,"damage_taken":0},{"event_name":"World of Goop","player_choice":"Gather Gold","floor":3,"damage_taken":0},{"event_name":"Shining Light","player_choice":"Entered Light","floor":5,"damage_taken":0},{"event_name":"Forgotten Altar","player_choice":"Gave Idol","floor":20,"damage_taken":0},{"event_name":"The Lab","player_choice":"Got Potions","floor":21,"damage_taken":0}],"boss_relics":[{"not_picked":["Runic Pyramid","Philosopher\u0027s Stone"],"picked":"Calling Bell"}],"potions_floor_spawned":[6,7,22,24,28,31],"seed_played":"-3748385975483434365","killed_by":"Champ","ascension_level":13,"is_trial":false}