{"gold_per_floor":[109,124,201,151,165,165,165,165,165,340,340,32,47,64,64,164,164,174,174,174,188,208,239,239,273,355,374,374,387,43,57,57,156,156,175,175,185,205,5,5,15,15,15,15,15,28,28,28,28,28],"floor_reached":51,"playtime":4341,"items_purged":["Doubt"],"score":727,"play_id":"195b8384-4f46-4eb6-9fba-c60c86f18676","local_time":"20181115172931","is_ascension_mode":false,"campfire_choices":[{"data":"Terror","floor":6,"key":"SMITH"},{"data":"Neutralize","floor":8,"key":"SMITH"},{"data":"Dagger Spray","floor":11,"key":"SMITH"},{"data":"Dagger Spray","floor":15,"key":"SMITH"},{"floor":24,"key":"REST"},{"data":"Malaise","floor":28,"key":"SMITH"},{"floor":32,"key":"REST"},{"data":"Noxious Fumes","floor":40,"key":"SMITH"},{"data":"Calculated Gamble","floor":42,"key":"SMITH"},{"floor":49,"key":"REST"}],"neow_cost":"NONE","seed_source_timestamp":151334269457770,"circlet_count":0,"master_deck":["Survivor+1","Neutralize+1","Unload+1","Dagger Spray+1","Terror+1","Dagger Throw+1","Dagger Spray+1","Acrobatics+1","Malaise+1","Envenom+1","Masterful Stab+1","RitualDagger+1","Prepared+1","Dash+1","Blur+1","Blade Dance+1","Blur+1","Noxious Fumes+1","Noxious Fumes+1","Unload+1","Deflect+1","Dodge and Roll+1","Blur+1","Sucker Punch+1","Poisoned Stab+1","Calculated Gamble+1","PiercingWail+1","Madness+1","Madness+1","Leg Sweep+1","Dodge and Roll+1","Venomology+1"],"relics":["Ring of the Snake","Bag of Preparation","Dead Branch","Runic Pyramid","Vajra","Omamori","Paper Crane","TwistedFunnel","Pandora\u0027s Box","Lee\u0027s Waffle","Darkstone Periapt","Mark of the Bloom"],"potions_floor_usage":[16,23,25,33,37,46,50],"damage_taken":[{"damage":0,"enemies":"2 Louse","floor":1,"turns":4},{"damage":0,"enemies":"Small Slimes","floor":2,"turns":3},{"damage":0,"enemies":"Cultist","floor":5,"turns":3},{"damage":0,"enemies":"Exordium Wildlife","floor":13,"turns":2},{"damage":0,"enemies":"3 Louse","floor":14,"turns":2},{"damage":19,"enemies":"Slime Boss","floor":16,"turns":12},{"damage":19,"enemies":"Spheric Guardian","floor":18,"turns":6},{"damage":0,"enemies":"3 Byrds","floor":21,"turns":3},{"damage":8,"enemies":"Centurion and Healer","floor":22,"turns":7},{"damage":12,"enemies":"Slavers","floor":23,"turns":5},{"damage":0,"enemies":"Book of Stabbing","floor":25,"turns":3},{"damage":16,"enemies":"Shelled Parasite and Fungi","floor":27,"turns":9},{"damage":3,"enemies":"Snake Plant","floor":29,"turns":4},{"damage":1,"enemies":"Snecko","floor":31,"turns":3},{"damage":28,"enemies":"Collector","floor":33,"turns":9},{"damage":9,"enemies":"Orb Walker","floor":35,"turns":3},{"damage":6,"enemies":"3 Darklings","floor":37,"turns":3},{"damage":1,"enemies":"Maw","floor":38,"turns":9},{"damage":10,"enemies":"Jaw Worm Horde","floor":41,"turns":2},{"damage":13,"enemies":"Spire Growth","floor":46,"turns":3},{"damage":0,"enemies":"Awakened One","floor":50,"turns":15}],"seed_played":"-884538043824278940","potions_obtained":[{"floor":2,"key":"Block Potion"},{"floor":16,"key":"LiquidBronze"},{"floor":22,"key":"GhostInAJar"},{"floor":27,"key":"FearPotion"},{"floor":33,"key":"Energy Potion"},{"floor":38,"key":"Regen Potion"}],"is_trial":false,"path_per_floor":["M","M","?","?","M","R","?","R","T","?","R","$","M","M","R","B",null,"M","?","?","M","M","E","R","E","T","M","R","M","$","M","R","B",null,"M","?","M","M","$","R","M","R","T","$","?","M","?","?","R","B",null],"character_chosen":"THE_SILENT","items_purchased":["Dead Branch","TwistedFunnel","Noxious Fumes","Lee\u0027s Waffle"],"campfire_rested":3,"item_purchase_floors":[12,30,30,39],"current_hp_per_floor":[70,70,70,70,70,70,70,70,70,70,70,70,70,70,70,51,70,51,45,45,45,37,25,46,46,46,30,30,27,27,26,47,19,70,61,52,46,45,77,77,67,67,67,67,67,63,63,63,63,63],"gold":28,"neow_bonus":"ONE_RANDOM_RARE_CARD","is_prod":false,"is_daily":false,"chose_seed":false,"campfire_upgraded":7,"win_rate":0,"timestamp":1542320971,"path_taken":["M","M","?","?","M","R","?","R","T","?","R","$","M","M","R","BOSS","M","?","?","M","?","E","R","E","T","M","R","M","$","M","R","BOSS","M","?","M","M","$","R","M","R","T","$","?","?","?","?","R","BOSS"],"build_version":"2018-11-08","purchased_purges":1,"victory":true,"max_hp_per_floor":[70,70,70,70,70,70,70,70,70,70,70,70,70,70,70,70,70,70,70,70,70,70,70,70,70,70,70,70,70,70,70,70,70,70,70,70,70,70,77,77,77,77,77,77,77,77,77,77,77,77],"card_choices":[{"not_picked":["Skewer","Deflect"],"picked":"Dagger Spray","floor":1},{"not_picked":["Bane","Escape Plan"],"picked":"Terror","floor":2},{"not_picked":["Backflip","Prepared"],"picked":"Dagger Throw","floor":5},{"not_picked":["Deflect","Dagger Spray"],"picked":"Acrobatics","floor":13},{"not_picked":["Cloak And Dagger","Slice"],"picked":"Malaise","floor":14},{"not_picked":["Burst","Unload"],"picked":"Envenom","floor":16},{"not_picked":["Eviscerate","Flying Knee"],"picked":"Masterful Stab+1","floor":18},{"not_picked":["Dodge and Roll","Dagger Throw+1"],"picked":"Dash","floor":21},{"not_picked":["Slice+1","Cloak And Dagger"],"picked":"Blur","floor":22},{"not_picked":["Sucker Punch","Skewer"],"picked":"Blade Dance+1","floor":23},{"not_picked":["Calculated Gamble","Eviscerate+1","Blade Dance"],"picked":"SKIP","floor":25},{"not_picked":["Concentrate","Infinite Blades"],"picked":"Blur","floor":27},{"not_picked":["Cloak And Dagger+1","Catalyst"],"picked":"Noxious Fumes+1","floor":29},{"not_picked":["Dagger Throw","Deadly Poison","Blade Dance"],"picked":"SKIP","floor":31},{"not_picked":["Night Terror","Wraith Form v2"],"picked":"Unload","floor":33},{"not_picked":["Bane","Slice+1","Expertise+1"],"picked":"SKIP","floor":35},{"not_picked":["Well Laid Plans+1","Bane","Deadly Poison+1"],"picked":"SKIP","floor":37},{"not_picked":["Terror","Accuracy+1"],"picked":"Leg Sweep","floor":38},{"not_picked":["Escape Plan+1","Poisoned Stab+1"],"picked":"Dodge and Roll+1","floor":41},{"not_picked":["Dodge and Roll+1","Quick Slash"],"picked":"Venomology","floor":46}],"player_experience":2320858,"relics_obtained":[{"floor":9,"key":"Bag of Preparation"},{"floor":23,"key":"Vajra"},{"floor":25,"key":"Omamori"},{"floor":26,"key":"Paper Crane"},{"floor":43,"key":"Darkstone Periapt"}],"event_choices":[{"damage_healed":0,"gold_gain":77,"player_choice":"Gained Gold","damage_taken":0,"max_hp_gain":0,"max_hp_loss":0,"event_name":"Golden Wing","floor":3,"gold_loss":0},{"cards_removed":["Strike_G"],"damage_healed":0,"gold_gain":0,"player_choice":"Card Removal","damage_taken":0,"max_hp_gain":0,"max_hp_loss":0,"event_name":"The Cleric","floor":4,"gold_loss":50},{"damage_healed":0,"gold_gain":0,"cards_transformed":["Strike_G"],"player_choice":"Change","damage_taken":0,"max_hp_gain":0,"max_hp_loss":0,"event_name":"Living Wall","floor":7,"gold_loss":0,"cards_obtained":["Dagger Spray"]},{"damage_healed":0,"gold_gain":175,"player_choice":"AGREE","damage_taken":0,"max_hp_gain":0,"max_hp_loss":0,"event_name":"Liars Game","floor":10,"gold_loss":0,"cards_obtained":["Doubt"]},{"damage_healed":0,"gold_gain":0,"player_choice":"Joined the Cult","damage_taken":6,"max_hp_gain":0,"max_hp_loss":0,"event_name":"Nest","floor":19,"gold_loss":0,"cards_obtained":["RitualDagger"]},{"damage_healed":0,"gold_gain":0,"cards_transformed":["Strike_G"],"player_choice":"Transformed","damage_taken":0,"max_hp_gain":0,"max_hp_loss":0,"event_name":"Transmorgrifier","floor":20,"gold_loss":0,"cards_obtained":["Prepared"]},{"damage_healed":0,"gold_gain":0,"player_choice":"Embrace Madness","damage_taken":9,"max_hp_gain":0,"max_hp_loss":0,"event_name":"Winding Halls","floor":36,"gold_loss":0,"cards_obtained":["Madness","Madness"]},{"damage_healed":0,"gold_gain":0,"player_choice":"0 cards matched","damage_taken":0,"max_hp_gain":0,"max_hp_loss":0,"event_name":"Match and Keep!","floor":45,"gold_loss":0,"cards_obtained":[]},{"damage_healed":0,"gold_gain":0,"player_choice":"Upgrade","damage_taken":0,"relics_obtained":["Mark of the Bloom"],"max_hp_gain":0,"max_hp_loss":0,"event_name":"MindBloom","floor":47,"gold_loss":0,"cards_upgraded":["Survivor","Unload","Dagger Throw","Acrobatics","Envenom","RitualDagger","Prepared","Dash","Blur","Blur","Unload","Deflect","Dodge and Roll","Blur","Sucker Punch","Poisoned Stab","PiercingWail","Madness","Madness","Leg Sweep","Venomology"]},{"damage_healed":0,"gold_gain":0,"player_choice":"Ignored","damage_taken":0,"max_hp_gain":0,"max_hp_loss":0,"event_name":"Mysterious Sphere","floor":48,"gold_loss":0}],"is_beta":false,"boss_relics":[{"not_picked":["HoveringKite","Velvet Choker"],"picked":"Runic Pyramid"},{"not_picked":["Orrery","Coffee Dripper"],"picked":"Pandora\u0027s Box"}],"items_purged_floors":[30],"is_endless":false,"potions_floor_spawned":[2,16,22,27,33,38],"ascension_level":0}