{"gold_per_floor":[112,112,212,229,179,179,354,369,369,369,402,9,29,43,43,138,138,155,55,55,36,36,36,36],"floor_reached":24,"playtime":1170,"items_purged":["Strike_R","Strike_R"],"score":252,"play_id":"68976a4a-73ac-4fa3-83a9-ea4290f48da8","local_time":"20181205183203","is_ascension_mode":true,"campfire_choices":[{"data":"True Grit","floor":6,"key":"SMITH"},{"floor":10,"key":"REST"},{"data":"Limit Break","floor":15,"key":"SMITH"},{"floor":23,"key":"REST"}],"neow_cost":"NONE","seed_source_timestamp":1886276528931240,"circlet_count":0,"master_deck":["Strike_R","Strike_R","Defend_R","Defend_R","Defend_R","Defend_R","Bash","Offering","Pommel Strike","True Grit+1","Doubt","Burning Pact","True Grit","Flex","Limit Break+1","Metallicize","Sentinel","Reaper","Flex+1","Heavy Blade"],"relics":["Burning Blood","Self Forming Clay","Paper Frog","Oddly Smooth Stone","Velvet Choker"],"potions_floor_usage":[11,16,24],"damage_taken":[{"damage":13,"enemies":"Jaw Worm","floor":1,"turns":5},{"damage":6,"enemies":"Cultist","floor":4,"turns":2},{"damage":0,"enemies":"Small Slimes","floor":8,"turns":3},{"damage":23,"enemies":"Gremlin Nob","floor":11,"turns":4},{"damage":6,"enemies":"3 Louse","floor":13,"turns":3},{"damage":14,"enemies":"Exordium Wildlife","floor":14,"turns":5},{"damage":61,"enemies":"Hexaghost","floor":16,"turns":13},{"damage":30,"enemies":"Chosen","floor":18,"turns":8},{"damage":14,"enemies":"2 Thieves","floor":21,"turns":4},{"damage":70,"enemies":"Book of Stabbing","floor":24,"turns":4}],"seed_played":"2286439846333230321","potions_obtained":[{"floor":4,"key":"SkillPotion"},{"floor":16,"key":"Block Potion"}],"is_trial":false,"path_per_floor":["M","?","?","M","?","R","?","M","T","R","E","$","M","M","R","B",null,"M","$","?","M","$","R","E"],"character_chosen":"IRONCLAD","items_purchased":["Flex","Limit Break","Metallicize","Regen Potion"],"campfire_rested":2,"item_purchase_floors":[12,12,12,12],"current_hp_per_floor":[65,58,58,58,58,58,58,64,64,80,63,63,63,55,55,15,64,43,43,43,41,41,65,0],"gold":36,"neow_bonus":"ONE_RANDOM_RARE_CARD","is_prod":false,"is_daily":false,"chose_seed":false,"campfire_upgraded":2,"win_rate":0,"timestamp":1544052723,"path_taken":["M","?","?","?","?","R","?","M","T","R","E","$","M","M","R","BOSS","M","$","?","M","$","R","E"],"build_version":"2018-11-15","purchased_purges":2,"victory":false,"max_hp_per_floor":[80,80,80,80,80,80,80,80,80,80,80,80,80,80,80,80,80,80,80,80,80,80,80,80],"card_choices":[{"not_picked":["Body Slam","Armaments"],"picked":"Pommel Strike","floor":1},{"not_picked":["Anger","Power Through"],"picked":"True Grit","floor":4},{"not_picked":["Heavy Blade","Wild Strike"],"picked":"Burning Pact","floor":8},{"not_picked":["Pommel Strike","Cleave"],"picked":"True Grit","floor":11},{"not_picked":["Perfected Strike","Wild Strike","Burning Pact"],"picked":"SKIP","floor":13},{"not_picked":["Havoc","Wild Strike"],"picked":"Sentinel","floor":14},{"not_picked":["Double Tap","Offering"],"picked":"Reaper","floor":16},{"not_picked":["Seeing Red+1","Rupture"],"picked":"Flex+1","floor":18},{"not_picked":["Anger","Iron Wave"],"picked":"Heavy Blade","floor":21}],"player_experience":2668133,"relics_obtained":[{"floor":9,"key":"Paper Frog"},{"floor":11,"key":"Oddly Smooth Stone"}],"event_choices":[{"damage_healed":0,"gold_gain":0,"player_choice":"Success","damage_taken":7,"relics_obtained":["Self Forming Clay"],"max_hp_gain":0,"max_hp_loss":0,"event_name":"Scrap Ooze","floor":2,"gold_loss":0},{"damage_healed":0,"gold_gain":100,"player_choice":"Pray","damage_taken":0,"max_hp_gain":0,"max_hp_loss":0,"event_name":"Golden Shrine","floor":3,"gold_loss":0},{"cards_removed":["Strike_R"],"damage_healed":0,"gold_gain":0,"player_choice":"Card Removal","damage_taken":0,"max_hp_gain":0,"max_hp_loss":0,"event_name":"The Cleric","floor":5,"gold_loss":50},{"damage_healed":0,"gold_gain":175,"player_choice":"AGREE","damage_taken":0,"max_hp_gain":0,"max_hp_loss":0,"event_name":"Liars Game","floor":7,"gold_loss":0,"cards_obtained":["Doubt"]},{"damage_healed":0,"gold_gain":0,"player_choice":"Ignored","damage_taken":0,"max_hp_gain":0,"max_hp_loss":0,"event_name":"Beggar","floor":20,"gold_loss":0}],"is_beta":false,"boss_relics":[{"not_picked":["Orrery","Calling Bell"],"picked":"Velvet Choker"}],"items_purged_floors":[12,19],"is_endless":false,"potions_floor_spawned":[4,16],"killed_by":"Book of Stabbing","ascension_level":6}