{"gold_per_floor":[116,129,129,146,71,71,84,84,110,110,122,21,21,41,41,114,114,127,127,145,159,159,159,159],"floor_reached":24,"playtime":1108,"items_purged":["Strike_G"],"score":476,"play_id":"a077663c-49b1-4c28-9375-dfa3af674bf5","local_time":"20190502193531","is_ascension_mode":true,"campfire_choices":[{"floor":6,"key":"REST"},{"data":"Neutralize","floor":8,"key":"SMITH"},{"data":"Malaise","floor":10,"key":"SMITH"},{"data":"Noxious Fumes","floor":15,"key":"SMITH"},{"floor":23,"key":"REST"}],"neow_cost":"NONE","seed_source_timestamp":1987862201008100,"circlet_count":0,"master_deck":["AscendersBane","Defend_G","Defend_G","Defend_G","Strike_G+1","Strike_G+1","Survivor","Neutralize+1","Quick Slash","Cloak And Dagger+1","Malaise+1","Riddle With Holes","Footwork+1","PiercingWail","Dodge and Roll","Noxious Fumes+1","Corpse Explosion","Distraction+1","Poisoned Stab","Calculated Gamble","Setup","Finisher"],"relics":["Ring of the Snake","Vajra","Whetstone","Black Star"],"potions_floor_usage":[14,21],"damage_taken":[{"damage":0,"enemies":"Cultist","floor":1,"turns":3},{"damage":6,"enemies":"Small Slimes","floor":2,"turns":4},{"damage":0,"enemies":"Jaw Worm","floor":4,"turns":4},{"damage":0,"enemies":"Blue Slaver","floor":7,"turns":4},{"damage":0,"enemies":"2 Fungi Beasts","floor":11,"turns":2},{"damage":0,"enemies":"Lots of Slimes","floor":14,"turns":3},{"damage":0,"enemies":"Hexaghost","floor":16,"turns":11},{"damage":1,"enemies":"Spheric Guardian","floor":18,"turns":6},{"damage":3,"enemies":"Shell Parasite","floor":20,"turns":7},{"damage":33,"enemies":"Cultist and Chosen","floor":21,"turns":7},{"damage":47,"enemies":"Book of Stabbing","floor":24,"turns":8}],"seed_played":"-4353661218801222943","potions_obtained":[{"floor":4,"key":"Block Potion"},{"floor":7,"key":"AttackPotion"},{"floor":16,"key":"SpeedPotion"}],"is_trial":false,"path_per_floor":["M","M","?","M","?","R","M","R","T","R","M","$","?","M","R","B",null,"M","?","M","M","?","R","E"],"character_chosen":"THE_SILENT","items_purchased":["PiercingWail"],"campfire_rested":2,"item_purchase_floors":[12],"current_hp_per_floor":[59,53,33,33,33,52,52,52,52,52,52,52,52,52,52,52,63,62,62,59,26,26,45,0],"gold":159,"neow_bonus":"RANDOM_COMMON_RELIC","is_prod":false,"is_daily":false,"chose_seed":false,"campfire_upgraded":3,"win_rate":0,"timestamp":1556840131,"path_taken":["M","?","?","M","?","R","M","R","T","R","M","$","?","M","R","BOSS","M","?","M","?","?","R","E"],"build_version":"2019-01-23","purchased_purges":1,"victory":false,"max_hp_per_floor":[66,66,66,66,66,66,66,66,66,66,66,66,66,66,66,66,66,66,66,66,66,66,66,66],"card_choices":[{"not_picked":["Deflect","Finisher"],"picked":"Quick Slash","floor":1},{"not_picked":["Infinite Blades","Terror"],"picked":"Cloak And Dagger","floor":2},{"not_picked":["Blade Dance","Caltrops"],"picked":"Malaise","floor":4},{"not_picked":["Slice","Dagger Spray"],"picked":"Riddle With Holes","floor":7},{"not_picked":["Expertise","Accuracy"],"picked":"Footwork","floor":11},{"not_picked":["Tactician","Flying Knee"],"picked":"Noxious Fumes","floor":14},{"not_picked":["Phantasmal Killer","Wraith Form v2"],"picked":"Corpse Explosion","floor":16},{"not_picked":["Underhanded Strike","Cloak And Dagger"],"picked":"Distraction+1","floor":18},{"not_picked":["Prepared","Outmaneuver"],"picked":"Poisoned Stab","floor":20},{"not_picked":["Accuracy+1","Bane"],"picked":"Calculated Gamble","floor":21}],"player_experience":3572859,"relics_obtained":[{"floor":9,"key":"Whetstone"}],"event_choices":[{"damage_healed":0,"gold_gain":0,"player_choice":"Entered Light","damage_taken":20,"max_hp_gain":0,"max_hp_loss":0,"event_name":"Shining Light","floor":3,"gold_loss":0,"cards_upgraded":["Strike_G","Cloak And Dagger"]},{"cards_removed":["Strike_G"],"damage_healed":0,"gold_gain":0,"player_choice":"Card Removal","damage_taken":0,"max_hp_gain":0,"max_hp_loss":0,"event_name":"The Cleric","floor":5,"gold_loss":75},{"damage_healed":0,"gold_gain":0,"cards_transformed":["Defend_G"],"player_choice":"Change","damage_taken":0,"max_hp_gain":0,"max_hp_loss":0,"event_name":"Living Wall","floor":13,"gold_loss":0,"cards_obtained":["Dodge and Roll"]},{"damage_healed":0,"gold_gain":0,"player_choice":"Upgraded","damage_taken":0,"max_hp_gain":0,"max_hp_loss":0,"event_name":"Upgrade Shrine","floor":19,"gold_loss":0,"cards_upgraded":["Footwork"]},{"damage_healed":0,"gold_gain":0,"cards_transformed":["Defend_G","Strike_G"],"player_choice":"Became Test Subject","damage_taken":0,"max_hp_gain":0,"max_hp_loss":0,"event_name":"Drug Dealer","floor":22,"gold_loss":0,"cards_obtained":["Setup","Finisher"]}],"is_beta":false,"boss_relics":[{"not_picked":["Ectoplasm","Busted Crown"],"picked":"Black Star"}],"items_purged_floors":[12],"is_endless":false,"potions_floor_spawned":[4,7,11,16,20],"killed_by":"Book of Stabbing","ascension_level":20}