{"gold_per_floor":[112,8,8,8,58,101,115,148,148,171,184,109,109,123,123,216,216,240,265,278,278,13,13,47,47,70,83,99,99,117,161,161,161],"floor_reached":33,"playtime":2129,"items_purged":["Strike_R","Strike_R"],"score":644,"play_id":"d8599bc3-30b8-4a3f-b275-b698fede6f23","local_time":"20190508102556","is_ascension_mode":true,"campfire_choices":[{"data":"Bash","floor":15,"key":"SMITH"},{"floor":23,"key":"REST"},{"floor":25,"key":"REST"},{"data":"Armaments","floor":32,"key":"SMITH"}],"neow_cost":"NONE","seed_source_timestamp":2472265935831802,"circlet_count":0,"master_deck":["AscendersBane","Defend_R+1","Defend_R+1","Defend_R+1","Defend_R+1","Bash+1","Reckless Charge+1","Flame Barrier","Shrug It Off","Burning Pact","Armaments+1","Inflame","Iron Wave","Anger+1","Feed","Offering+1","Shockwave+1","Body Slam+1","True Grit","Spot Weakness","Fiend Fire","Clothesline+1"],"relics":["Burning Blood","Golden Idol","Dodecahedron","Lantern","Red Skull","Self Forming Clay","Astrolabe","Nloth\u0027s Gift","Whetstone","Ice Cream","Orichalcum","Pen Nib"],"potions_floor_usage":[8,11,16,33,33],"damage_taken":[{"damage":0,"enemies":"Jaw Worm","floor":1,"turns":1},{"damage":0,"enemies":"Lagavulin","floor":6,"turns":1},{"damage":0,"enemies":"2 Louse","floor":7,"turns":1},{"damage":18,"enemies":"3 Sentries","floor":8,"turns":14},{"damage":6,"enemies":"Cultist","floor":10,"turns":3},{"damage":0,"enemies":"Gremlin Gang","floor":11,"turns":4},{"damage":22,"enemies":"Exordium Wildlife","floor":14,"turns":7},{"damage":60,"enemies":"Hexaghost","floor":16,"turns":13},{"damage":9,"enemies":"2 Thieves","floor":18,"turns":4},{"damage":19,"enemies":"Shell Parasite","floor":19,"turns":4},{"damage":12,"enemies":"Shelled Parasite and Fungi","floor":20,"turns":6},{"damage":37,"enemies":"Slavers","floor":24,"turns":7},{"damage":10,"enemies":"Snake Plant","floor":27,"turns":5},{"damage":12,"enemies":"Snecko","floor":28,"turns":6},{"damage":10,"enemies":"Centurion and Healer","floor":30,"turns":6},{"damage":15,"enemies":"Gremlin Leader","floor":31,"turns":3},{"damage":68,"enemies":"Collector","floor":33,"turns":8}],"seed_played":"-8689139288622710495","potions_obtained":[{"floor":1,"key":"PowerPotion"},{"floor":6,"key":"Weak Potion"},{"floor":8,"key":"Explosive Potion"},{"floor":11,"key":"FairyPotion"},{"floor":24,"key":"GamblersBrew"},{"floor":28,"key":"Dexterity Potion"}],"is_trial":false,"path_per_floor":["M","$","?","T","?","E","M","E","T","M","M","$","?","M","R","B",null,"M","M","M","?","$","R","E","R","T","M","M","?","M","E","R","B"],"character_chosen":"IRONCLAD","items_purchased":["Flame Barrier","Shrug It Off","Whetstone"],"campfire_rested":2,"item_purchase_floors":[2,2,22],"current_hp_per_floor":[74,74,48,48,48,54,60,48,48,48,54,54,75,59,59,13,60,60,47,45,45,45,69,38,62,62,58,52,52,51,42,42,0],"gold":161,"neow_bonus":"THREE_ENEMY_KILL","is_prod":false,"is_daily":false,"chose_seed":false,"campfire_upgraded":2,"win_rate":0,"timestamp":1557325556,"path_taken":["M","$","?","?","?","E","?","E","T","?","M","$","?","M","R","BOSS","M","M","M","?","$","R","E","R","T","?","M","?","M","E","R","BOSS"],"build_version":"2019-01-23","purchased_purges":2,"victory":false,"max_hp_per_floor":[75,75,75,75,75,75,75,75,75,75,75,75,75,75,75,75,75,78,78,82,82,82,82,82,82,82,82,82,82,85,85,85,85],"card_choices":[{"not_picked":["Warcry","Flex"],"picked":"Reckless Charge","floor":1},{"not_picked":["Searing Blow","Reckless Charge"],"picked":"Burning Pact","floor":6},{"not_picked":["Thunderclap","Rupture"],"picked":"Armaments","floor":7},{"not_picked":["Flex","Wild Strike","Havoc"],"picked":"SKIP","floor":8},{"not_picked":["Seeing Red","Rupture"],"picked":"Inflame","floor":10},{"not_picked":["Combust","Wild Strike"],"picked":"Iron Wave","floor":11},{"not_picked":["Blood for Blood","Twin Strike"],"picked":"Anger","floor":14},{"not_picked":["Juggernaut","Exhume"],"picked":"Feed","floor":16},{"not_picked":["Iron Wave","Sever Soul"],"picked":"True Grit","floor":18},{"not_picked":["Sever Soul","Flex"],"picked":"Spot Weakness","floor":19},{"not_picked":["Uppercut","Clothesline","Anger"],"picked":"SKIP","floor":20},{"not_picked":["Cleave","Twin Strike"],"picked":"Fiend Fire","floor":24},{"not_picked":["Clothesline","Armaments","Havoc"],"picked":"SKIP","floor":27},{"not_picked":["Bloodletting","Flame Barrier"],"picked":"Clothesline+1","floor":28},{"not_picked":["Pommel Strike","Iron Wave","Twin Strike"],"picked":"SKIP","floor":30},{"not_picked":["Spot Weakness","Whirlwind","Dropkick"],"picked":"SKIP","floor":31}],"player_experience":3624656,"relics_obtained":[{"floor":4,"key":"Dodecahedron"},{"floor":6,"key":"Lantern"},{"floor":8,"key":"Red Skull"},{"floor":9,"key":"Self Forming Clay"},{"floor":24,"key":"Ice Cream"},{"floor":26,"key":"Orichalcum"},{"floor":31,"key":"Pen Nib"}],"event_choices":[{"damage_healed":0,"gold_gain":0,"player_choice":"Take Damage","damage_taken":26,"relics_obtained":["Golden Idol"],"max_hp_gain":0,"max_hp_loss":0,"event_name":"Golden Idol","floor":3,"gold_loss":0},{"damage_healed":0,"gold_gain":50,"player_choice":"Pray","damage_taken":0,"max_hp_gain":0,"max_hp_loss":0,"event_name":"Golden Shrine","floor":5,"gold_loss":0},{"damage_healed":21,"gold_gain":0,"player_choice":"Full Heal","damage_taken":0,"max_hp_gain":0,"max_hp_loss":0,"event_name":"Wheel of Change","floor":13,"gold_loss":0},{"damage_healed":0,"gold_gain":0,"player_choice":"Traded Relic","damage_taken":0,"relics_obtained":["Nloth\u0027s Gift"],"max_hp_gain":0,"max_hp_loss":0,"event_name":"N\u0027loth","floor":21,"relics_lost":["NeowsBlessing"],"gold_loss":0},{"damage_healed":0,"gold_gain":0,"player_choice":"Simplicity","damage_taken":0,"max_hp_gain":0,"max_hp_loss":0,"event_name":"Back to Basics","floor":29,"gold_loss":0,"cards_upgraded":["Defend_R","Defend_R","Defend_R","Defend_R"]}],"is_beta":false,"boss_relics":[{"not_picked":["Runic Cube","Mark of Pain"],"picked":"Astrolabe"}],"items_purged_floors":[12,22],"is_endless":false,"potions_floor_spawned":[1,6,8,11,24,28,31],"killed_by":"Collector","ascension_level":20}