{"gold_per_floor":[114,129,129,129,144,144,174,174,174,189,219,219,249,0,0,100,100,115,40,40,55,70,70,100,100,180,210,285,300,78,78,78,178,178,193,193,208,223,223,253,268,268,293,293,323,323,323,23,23,23],"floor_reached":51,"playtime":3921,"items_purged":["Pain"],"score":809,"play_id":"f2292ae0-4b93-4337-9814-ff7a6f4ca04a","local_time":"20190124224021","daily_mods":["Draft","Red Cards","Binary"],"is_ascension_mode":false,"campfire_choices":[{"data":"Body Slam","floor":6,"key":"SMITH"},{"floor":8,"key":"REST"},{"data":"Body Slam","floor":12,"key":"SMITH"},{"data":"Deadly Poison","floor":15,"key":"SMITH"},{"floor":23,"key":"REST"},{"floor":25,"key":"REST"},{"floor":32,"key":"REST"},{"floor":42,"key":"REST"},{"floor":44,"key":"REST"},{"floor":46,"key":"REST"},{"floor":49,"key":"REST"}],"neow_cost":"","seed_source_timestamp":0,"circlet_count":0,"master_deck":["True Grit","Footwork+1","Evolve","Dagger Spray","Shrug It Off","PiercingWail","Backflip","Masterful Stab","Dual Wield","Body Slam+1","Shockwave","Body Slam+1","Iron Wave","Clothesline","Entrench","Power Through","Deadly Poison+1","Barricade","Flying Knee+1","Burning Pact+1","Inflame+1","Double Tap","Reaper","Night Terror","Catalyst+1","Jack Of All Trades","Headbutt+1","Shrug It Off","Feed","Shrug It Off+1","Footwork+1","Terror+1","True Grit+1"],"special_seed":17921,"relics":["Ring of the Snake","WarpedTongs","Potion Belt","Mercury Hourglass","Snake Skull","Bottled Tornado","Boot","Fusion Hammer","MutagenicStrength","Regal Pillow","Tiny Chest","Dream Catcher","Question Card","Ornamental Fan","Velvet Choker","Oddly Smooth Stone","Meat on the Bone","Blood Vial","Singing Bowl","FossilizedHelix"],"potions_floor_usage":[21,24,24,33,33,45,50,50,50],"damage_taken":[{"damage":0,"enemies":"Small Slimes","floor":1,"turns":3},{"damage":0,"enemies":"2 Louse","floor":2,"turns":2},{"damage":5,"enemies":"Cultist","floor":5,"turns":4},{"damage":22,"enemies":"Gremlin Nob","floor":7,"turns":6},{"damage":2,"enemies":"Blue Slaver","floor":10,"turns":2},{"damage":12,"enemies":"Lagavulin","floor":11,"turns":5},{"damage":15,"enemies":"3 Sentries","floor":13,"turns":7},{"damage":6,"enemies":"The Guardian","floor":16,"turns":6},{"damage":0,"enemies":"Chosen","floor":18,"turns":4},{"damage":6,"enemies":"2 Thieves","floor":21,"turns":2},{"damage":0,"enemies":"Sentry and Sphere","floor":22,"turns":4},{"damage":0,"enemies":"Book of Stabbing","floor":24,"turns":3},{"damage":9,"enemies":"Slavers","floor":27,"turns":4},{"damage":0,"enemies":"Cultist and Chosen","floor":29,"turns":4},{"damage":0,"enemies":"Champ","floor":33,"turns":7},{"damage":0,"enemies":"3 Shapes","floor":35,"turns":4},{"damage":5,"enemies":"3 Darklings","floor":37,"turns":6},{"damage":0,"enemies":"Transient","floor":38,"turns":5},{"damage":13,"enemies":"Giant Head","floor":40,"turns":6},{"damage":4,"enemies":"Maw","floor":41,"turns":8},{"damage":47,"enemies":"Reptomancer","floor":45,"turns":8},{"damage":13,"enemies":"Donu and Deca","floor":50,"turns":10}],"seed_played":"-8504113597204793888","potions_obtained":[{"floor":5,"key":"Dexterity Potion"},{"floor":7,"key":"Poison Potion"},{"floor":13,"key":"Explosive Potion"},{"floor":21,"key":"FearPotion"},{"floor":22,"key":"Strength Potion"},{"floor":27,"key":"SteroidPotion"},{"floor":29,"key":"Swift Potion"},{"floor":40,"key":"PowerPotion"},{"floor":41,"key":"EssenceOfSteel"}],"is_trial":false,"path_per_floor":["M","M","?","?","M","R","E","R","T","M","E","R","E","$","R","B",null,"M","?","?","M","M","R","E","R","T","E","T","M","$","?","R","B",null,"M","?","M","M","T","E","M","R","T","R","E","R","?","$","R","B",null],"character_chosen":"THE_SILENT","items_purchased":["Deadly Poison","Boot","Double Tap","EssenceOfSteel","FossilizedHelix"],"campfire_rested":8,"item_purchase_floors":[14,14,30,30,48],"current_hp_per_floor":[70,70,70,70,65,65,43,64,64,62,50,50,35,35,35,29,70,70,70,70,64,64,70,70,70,70,61,61,61,61,61,70,70,70,70,70,70,70,70,69,70,70,70,70,44,72,68,68,70,57],"gold":23,"neow_bonus":"","is_prod":false,"is_daily":true,"chose_seed":false,"campfire_upgraded":3,"win_rate":0,"timestamp":1548387621,"path_taken":["M","M","?","?","M","R","E","R","T","?","E","R","E","$","R","BOSS","M","?","?","M","M","R","E","R","T","E","?","?","$","?","R","BOSS","M","?","M","M","?","E","M","R","T","R","E","R","?","$","R","BOSS"],"build_version":"2019-01-23","purchased_purges":1,"victory":true,"max_hp_per_floor":[70,70,70,70,70,70,70,70,70,70,70,70,70,70,70,70,70,70,70,70,70,70,70,70,70,70,70,70,70,70,70,70,70,70,70,70,70,70,70,70,70,70,70,70,70,72,68,68,70,70],"card_choices":[{"not_picked":["Perfected Strike","Poisoned Stab"],"picked":"True Grit","floor":0},{"not_picked":["Flying Knee","Calculated Gamble"],"picked":"Footwork","floor":0},{"not_picked":["Rage","Prepared"],"picked":"Evolve","floor":0},{"not_picked":["Dodge and Roll","Anger"],"picked":"Dagger Spray","floor":0},{"not_picked":["Dodge and Roll","Headbutt"],"picked":"Shrug It Off","floor":0},{"not_picked":["Heavy Blade","Endless Agony"],"picked":"PiercingWail","floor":0},{"not_picked":["Metallicize","Outmaneuver"],"picked":"Havoc","floor":0},{"not_picked":["Sucker Punch","Body Slam"],"picked":"Backflip","floor":0},{"not_picked":["Underhanded Strike","Dropkick"],"picked":"Masterful Stab","floor":0},{"not_picked":["Combust","Dagger Spray"],"picked":"Dual Wield","floor":0},{"not_picked":["Deadly Poison","Endless Agony"],"picked":"Body Slam","floor":0},{"not_picked":["Blood for Blood","Quick Slash"],"picked":"Shockwave","floor":0},{"not_picked":["Prepared","Setup"],"picked":"Body Slam","floor":0},{"not_picked":["Endless Agony","Thunderclap"],"picked":"Iron Wave","floor":0},{"not_picked":["Intimidate","Thunderclap"],"picked":"Clothesline","floor":0},{"not_picked":["Calculated Gamble"],"picked":"Entrench","floor":1},{"not_picked":["Dodge and Roll","Bane"],"picked":"SKIP","floor":2},{"not_picked":["Iron Wave","Pummel"],"picked":"SKIP","floor":5},{"not_picked":["Acrobatics","Dropkick"],"picked":"SKIP","floor":7},{"not_picked":["Combust"],"picked":"Power Through","floor":10},{"not_picked":["Sucker Punch","Prepared"],"picked":"SKIP","floor":11},{"not_picked":["Warcry","Searing Blow"],"picked":"SKIP","floor":13},{"not_picked":["Limit Break"],"picked":"Barricade","floor":16},{"not_picked":["Masterful Stab","Cloak And Dagger"],"picked":"SKIP","floor":18},{"not_picked":["Expertise"],"picked":"Flying Knee+1","floor":21},{"not_picked":["Escape Plan"],"picked":"Burning Pact+1","floor":22},{"not_picked":["Masterful Stab+1","Clash+1"],"picked":"SKIP","floor":24},{"not_picked":["Warcry","Dagger Spray"],"picked":"SKIP","floor":27},{"not_picked":["Tactician","Flex"],"picked":"Inflame+1","floor":29},{"not_picked":["Cleave","Flex"],"picked":"Reaper","floor":32},{"not_picked":["Tools of the Trade","Demon Form"],"picked":"Night Terror","floor":33},{"not_picked":["Deadly Poison","Blood for Blood+1"],"picked":"Catalyst+1","floor":35},{"not_picked":["Transmutation","Metamorphosis"],"picked":"Jack Of All Trades","floor":36},{"not_picked":["Sword Boomerang","Sucker Punch+1"],"picked":"Headbutt+1","floor":37},{"not_picked":["Headbutt+1","Dagger Throw"],"picked":"Shrug It Off","floor":38},{"not_picked":["Blade Dance","True Grit"],"picked":"Feed","floor":40},{"not_picked":["Acrobatics+1","PiercingWail"],"picked":"Shrug It Off+1","floor":41},{"not_picked":["Calculated Gamble+1","Entrench"],"picked":"Footwork+1","floor":42},{"not_picked":["Heavy Blade+1","Warcry"],"picked":"Terror+1","floor":44},{"not_picked":["Blade Dance+1","Sever Soul"],"picked":"True Grit+1","floor":45},{"not_picked":["Quick Slash","Perfected Strike","Havoc"],"picked":"Singing Bowl","floor":46},{"not_picked":["Intimidate","Fire Breathing","Deflect"],"picked":"Singing Bowl","floor":49}],"player_experience":2972321,"relics_obtained":[{"floor":7,"key":"Potion Belt"},{"floor":9,"key":"Mercury Hourglass"},{"floor":11,"key":"Snake Skull"},{"floor":13,"key":"Bottled Tornado"},{"floor":24,"key":"Regal Pillow"},{"floor":26,"key":"Tiny Chest"},{"floor":27,"key":"Dream Catcher"},{"floor":28,"key":"Question Card"},{"floor":39,"key":"Oddly Smooth Stone"},{"floor":40,"key":"Meat on the Bone"},{"floor":43,"key":"Blood Vial"},{"floor":45,"key":"Singing Bowl"}],"event_choices":[{"damage_healed":0,"gold_gain":0,"player_choice":"Grow","damage_taken":0,"max_hp_gain":0,"max_hp_loss":0,"event_name":"Living Wall","floor":3,"gold_loss":0,"cards_upgraded":["Footwork"]},{"damage_healed":0,"gold_gain":0,"player_choice":"Rummage","damage_taken":0,"relics_obtained":["WarpedTongs"],"max_hp_gain":0,"max_hp_loss":0,"event_name":"Accursed Blacksmith","floor":4,"gold_loss":0,"cards_obtained":["Pain"]},{"cards_removed":["Havoc"],"damage_healed":0,"gold_gain":0,"player_choice":"Gave Gold","damage_taken":0,"max_hp_gain":0,"max_hp_loss":0,"event_name":"Beggar","floor":19,"gold_loss":75},{"damage_healed":0,"gold_gain":0,"player_choice":"Inject Mutagens","damage_taken":0,"relics_obtained":["MutagenicStrength"],"max_hp_gain":0,"max_hp_loss":0,"event_name":"Drug Dealer","floor":20,"gold_loss":0},{"damage_healed":0,"gold_gain":0,"player_choice":"Opened","damage_taken":0,"relics_obtained":["Ornamental Fan"],"max_hp_gain":0,"max_hp_loss":0,"event_name":"The Mausoleum","floor":31,"gold_loss":0},{"damage_healed":0,"gold_gain":0,"player_choice":"Memory 1","damage_taken":0,"max_hp_gain":0,"max_hp_loss":0,"event_name":"SensoryStone","floor":36,"gold_loss":0},{"damage_healed":0,"gold_gain":0,"player_choice":"Max HP","damage_taken":0,"max_hp_gain":0,"max_hp_loss":4,"event_name":"Winding Halls","floor":47,"gold_loss":0}],"is_beta":false,"boss_relics":[{"not_picked":["Calling Bell","Coffee Dripper"],"picked":"Fusion Hammer"},{"not_picked":["Empty Cage","Ring of the Serpent"],"picked":"Velvet Choker"}],"items_purged_floors":[14],"is_endless":false,"potions_floor_spawned":[5,7,13,21,22,27,29,40,41],"ascension_level":0}