{"gold_per_floor":[118,43,43,43,43,43,69,69,144,144,155,174,174,199,199,303,303,314,314,62,81,94,94,122,122,122,122,221,231,231,241,241,340,340,354,364,364,364,167,167,117,127,180,180,199,199,217,232,232,232],"floor_reached":51,"playtime":3196,"items_purged":["Strike_R","Strike_R","Defend_R","Defend_R"],"score":958,"play_id":"5cc37bda-96c7-44c7-8c75-04a84a4b05f2","local_time":"20190720225621","is_ascension_mode":true,"campfire_choices":[{"data":"Defend_R","floor":6,"key":"SMITH"},{"data":"Whirlwind","floor":8,"key":"SMITH"},{"floor":13,"key":"REST"},{"floor":15,"key":"REST"},{"floor":23,"key":"REST"},{"floor":25,"key":"REST"},{"floor":30,"key":"REST"},{"floor":32,"key":"REST"},{"data":"Limit Break","floor":40,"key":"SMITH"},{"data":"Inflame","floor":44,"key":"SMITH"},{"floor":46,"key":"REST"},{"data":"Shrug It Off","floor":49,"key":"SMITH"}],"neow_cost":"NONE","seed_source_timestamp":267861280509429,"circlet_count":0,"master_deck":["Strike_R+1","Strike_R+1","Defend_R+1","Defend_R","Whirlwind+1","Battle Trance+1","Feed+1","Body Slam+1","Pommel Strike+1","Inflame+1","Limit Break+1","Offering+1","True Grit+1","Flame Barrier+1","Shrug It Off+1"],"relics":["Burning Blood","Lantern","Incense Burner","Paper Frog","Smiling Mask","Eternal Feather","Membership Card","Happy Flower","Gremlin Horn","Mark of Pain","Ice Cream","War Paint"],"potions_floor_usage":[16,29,31,47,50,50,50],"damage_taken":[{"damage":1,"enemies":"Cultist","floor":1,"turns":3},{"damage":34,"enemies":"3 Sentries","floor":7,"turns":10},{"damage":0,"enemies":"Small Slimes","floor":11,"turns":1},{"damage":0,"enemies":"2 Louse","floor":12,"turns":2},{"damage":28,"enemies":"Lagavulin","floor":14,"turns":6},{"damage":0,"enemies":"Slime Boss","floor":16,"turns":8},{"damage":30,"enemies":"Shell Parasite","floor":18,"turns":5},{"damage":12,"enemies":"3 Byrds","floor":21,"turns":3},{"damage":18,"enemies":"Snecko","floor":22,"turns":3},{"damage":74,"enemies":"Gremlin Leader","floor":24,"turns":8},{"damage":9,"enemies":"Cultist and Chosen","floor":29,"turns":5},{"damage":18,"enemies":"3 Cultists","floor":31,"turns":4},{"damage":78,"enemies":"Collector","floor":33,"turns":9},{"damage":35,"enemies":"3 Darklings","floor":35,"turns":3},{"damage":6,"enemies":"Orb Walker","floor":36,"turns":2},{"damage":9,"enemies":"3 Darklings","floor":42,"turns":3},{"damage":23,"enemies":"Transient","floor":45,"turns":5},{"damage":12,"enemies":"Maw","floor":47,"turns":6},{"damage":0,"enemies":"Sphere and 2 Shapes","floor":48,"turns":1},{"damage":36,"enemies":"Donu and Deca","floor":50,"turns":3}],"seed_played":"8732674904652887717","potions_obtained":[{"floor":1,"key":"GamblersBrew"},{"floor":12,"key":"PowerPotion"},{"floor":21,"key":"Ancient Potion"},{"floor":22,"key":"SpeedPotion"},{"floor":24,"key":"Block Potion"},{"floor":35,"key":"Dexterity Potion"},{"floor":45,"key":"Block Potion"},{"floor":47,"key":"SkillPotion"}],"is_trial":false,"path_per_floor":["M","$","?","?","$","R","E","R","T","?","M","M","R","E","R","B",null,"M","?","$","M","M","R","E","R","T","?","?","M","R","M","R","B",null,"M","M","?","?","$","R","$","M","T","R","M","R","M","M","R","B",null],"character_chosen":"IRONCLAD","items_purchased":["Membership Card","Ice Cream"],"campfire_rested":7,"item_purchase_floors":[20,39],"current_hp_per_floor":[80,80,85,68,68,68,40,40,40,33,39,45,70,48,73,79,85,64,64,64,58,46,78,14,47,47,29,29,26,61,49,84,16,101,72,72,72,72,72,78,78,75,75,81,64,101,95,101,101,71],"gold":232,"neow_bonus":"RANDOM_COMMON_RELIC","is_prod":false,"is_daily":false,"chose_seed":false,"campfire_upgraded":5,"win_rate":0,"timestamp":1563688581,"path_taken":["M","$","?","?","$","R","E","R","T","?","M","?","R","E","R","BOSS","M","?","$","?","M","R","E","R","T","?","?","M","R","M","R","BOSS","M","M","?","?","$","R","$","M","T","R","M","R","M","M","R","BOSS"],"build_version":"2019-07-05","purchased_purges":4,"victory":true,"max_hp_per_floor":[80,80,85,85,85,85,85,85,85,85,85,85,85,85,85,85,85,88,88,88,88,88,88,92,92,92,97,97,97,97,97,97,101,101,101,101,101,101,101,101,101,101,101,101,101,101,101,101,101,101],"card_choices":[{"not_picked":["Evolve","Flex","Sever Soul"],"picked":"SKIP","floor":1},{"not_picked":["Twin Strike","Pommel Strike"],"picked":"Whirlwind","floor":7},{"not_picked":["Sword Boomerang","Uppercut","Combust"],"picked":"SKIP","floor":11},{"not_picked":["Sword Boomerang","Rage","Combust"],"picked":"SKIP","floor":12},{"not_picked":["Infernal Blade","Blood for Blood"],"picked":"Battle Trance","floor":14},{"not_picked":["Bludgeon","Fiend Fire"],"picked":"Feed","floor":16},{"not_picked":["Dual Wield+1","Heavy Blade"],"picked":"Body Slam+1","floor":18},{"not_picked":["Armaments","Heavy Blade"],"picked":"Pommel Strike+1","floor":21},{"not_picked":["Pommel Strike","Corruption"],"picked":"Inflame","floor":22},{"not_picked":["Infernal Blade","Pummel"],"picked":"Limit Break","floor":24},{"not_picked":["Anger","Body Slam","Clash"],"picked":"SKIP","floor":29},{"not_picked":["Second Wind","Rupture","Carnage+1"],"picked":"SKIP","floor":31},{"not_picked":["Impervious","Juggernaut"],"picked":"Offering","floor":33},{"not_picked":["Cleave+1","Armaments+1"],"picked":"True Grit+1","floor":35},{"not_picked":["Sword Boomerang","Dual Wield","Infernal Blade+1"],"picked":"SKIP","floor":36},{"not_picked":["Seeing Red+1","Wild Strike+1"],"picked":"Flame Barrier+1","floor":42},{"not_picked":["Twin Strike","Flame Barrier"],"picked":"Shrug It Off","floor":45},{"not_picked":["Shrug It Off","Disarm","Anger"],"picked":"SKIP","floor":47},{"not_picked":["Cleave+1","Hemokinesis","Thunderclap"],"picked":"SKIP","floor":48}],"player_experience":60332,"relics_obtained":[{"floor":7,"key":"Incense Burner"},{"floor":9,"key":"Paper Frog"},{"floor":14,"key":"Smiling Mask"},{"floor":24,"key":"Happy Flower"},{"floor":26,"key":"Gremlin Horn"},{"floor":43,"key":"War Paint"}],"event_choices":[{"damage_healed":0,"gold_gain":0,"player_choice":"Donut","damage_taken":0,"max_hp_gain":5,"max_hp_loss":0,"event_name":"Big Fish","floor":3,"gold_loss":0},{"damage_healed":0,"gold_gain":0,"player_choice":"Entered Light","damage_taken":17,"max_hp_gain":0,"max_hp_loss":0,"event_name":"Shining Light","floor":4,"gold_loss":0,"cards_upgraded":["Strike_R","Strike_R"]},{"cards_removed":["Strike_R"],"damage_healed":0,"gold_gain":0,"player_choice":"Card Removal","damage_taken":7,"max_hp_gain":0,"max_hp_loss":0,"event_name":"Golden Wing","floor":10,"gold_loss":0},{"damage_healed":0,"gold_gain":0,"player_choice":"Upgraded","damage_taken":0,"max_hp_gain":0,"max_hp_loss":0,"event_name":"Upgrade Shrine","floor":19,"gold_loss":0,"cards_upgraded":["Feed"]},{"damage_healed":0,"gold_gain":0,"player_choice":"Shed Blood","damage_taken":23,"max_hp_gain":5,"max_hp_loss":0,"event_name":"Forgotten Altar","floor":27,"gold_loss":0},{"damage_healed":0,"gold_gain":99,"player_choice":"Stole From Cult","damage_taken":0,"max_hp_gain":0,"max_hp_loss":0,"event_name":"Nest","floor":28,"gold_loss":0},{"cards_removed":["Bash"],"damage_healed":0,"gold_gain":0,"player_choice":"Removed Attack","damage_taken":0,"max_hp_gain":0,"max_hp_loss":0,"event_name":"Falling","floor":37,"gold_loss":0},{"damage_healed":0,"gold_gain":0,"player_choice":"Memory 1","damage_taken":0,"max_hp_gain":0,"max_hp_loss":0,"event_name":"SensoryStone","floor":38,"gold_loss":0}],"is_beta":false,"boss_relics":[{"not_picked":["Philosopher\u0027s Stone","Calling Bell"],"picked":"Eternal Feather"},{"not_picked":["White Beast Statue","Black Star"],"picked":"Mark of Pain"}],"items_purged_floors":[2,20,39,41],"is_endless":false,"potions_floor_spawned":[1,12,21,22,24,35,45,47],"ascension_level":4}