{"gold_per_floor":[111,111,121,133,29,29,56,56,82,82,82,97,97,115,115,190,190,204,254,270,5,19,19,54,54,54,54,70,70,70],"floor_reached":30,"playtime":1161,"items_purged":[],"score":496,"play_id":"10451689-631c-4dce-a5f3-88d342b90c3f","local_time":"20190429235501","is_ascension_mode":true,"campfire_choices":[{"data":"Zap","floor":6,"key":"SMITH"},{"data":"Capacitor","floor":8,"key":"SMITH"},{"floor":13,"key":"REST"},{"floor":15,"key":"REST"},{"floor":23,"key":"REST"},{"floor":25,"key":"REST"},{"floor":29,"key":"REST"}],"neow_cost":"NONE","seed_source_timestamp":1744179645189694,"circlet_count":0,"master_deck":["AscendersBane","Strike_B","Strike_B","Strike_B","Defend_B","Defend_B","Defend_B","Defend_B","Zap+1","Dualcast","Self Repair","Ball Lightning","Darkness","Capacitor+1","Conserve Battery","Cold Snap","Barrage+1","Sweeping Beam+1","Biased Cognition","Hologram","Turbo","Coolheaded","Doom and Gloom+1","Meteor Strike+1","Coolheaded","Decay"],"relics":["Cracked Core","Potion Belt","Art of War","Bronze Scales","Molten Egg 2","Philosopher\u0027s Stone","DataDisk","Regal Pillow","Matryoshka"],"potions_floor_usage":[7,12,16,20,22],"damage_taken":[{"damage":7,"enemies":"Small Slimes","floor":1,"turns":5},{"damage":11,"enemies":"Jaw Worm","floor":3,"turns":4},{"damage":1,"enemies":"Cultist","floor":4,"turns":3},{"damage":28,"enemies":"3 Sentries","floor":7,"turns":5},{"damage":2,"enemies":"Blue Slaver","floor":12,"turns":2},{"damage":13,"enemies":"Large Slime","floor":14,"turns":3},{"damage":11,"enemies":"Slime Boss","floor":16,"turns":6},{"damage":26,"enemies":"2 Thieves","floor":18,"turns":3},{"damage":4,"enemies":"3 Byrds","floor":20,"turns":3},{"damage":33,"enemies":"Shelled Parasite and Fungi","floor":22,"turns":4},{"damage":48,"enemies":"Book of Stabbing","floor":24,"turns":5},{"damage":18,"enemies":"Sentry and Sphere","floor":28,"turns":6},{"damage":85,"enemies":"Gremlin Leader","floor":30,"turns":9}],"seed_played":"1112455896458290951","potions_obtained":[{"floor":1,"key":"Weak Potion"},{"floor":3,"key":"Strength Potion"},{"floor":7,"key":"SpeedPotion"},{"floor":14,"key":"SteroidPotion"},{"floor":18,"key":"FearPotion"},{"floor":24,"key":"SpeedPotion"}],"is_trial":false,"path_per_floor":["M","?","M","M","$","R","E","R","T","T","?","M","R","M","R","B",null,"M","?","M","$","M","R","E","R","T","?","M","R","E"],"character_chosen":"DEFECT","items_purchased":["Capacitor","Conserve Battery","DataDisk","Coolheaded","Doom and Gloom+1"],"campfire_rested":5,"item_purchase_floors":[5,5,21,21,21],"current_hp_per_floor":[64,57,53,59,59,59,38,38,38,38,3,1,24,18,41,37,68,49,49,52,52,26,49,8,46,46,46,35,73,0],"gold":70,"neow_bonus":"TEN_PERCENT_HP_BONUS","is_prod":false,"is_daily":false,"chose_seed":false,"campfire_upgraded":2,"win_rate":0,"timestamp":1556596501,"path_taken":["M","?","M","M","$","R","E","R","T","?","?","M","R","M","R","BOSS","M","?","?","$","M","R","E","R","T","?","M","R","E"],"build_version":"2019-01-23","purchased_purges":0,"victory":false,"max_hp_per_floor":[78,78,78,78,78,78,78,78,78,78,78,78,78,78,78,78,78,78,78,78,78,78,78,78,78,78,78,78,78,78],"card_choices":[{"not_picked":["Capacitor","Barrage"],"picked":"Self Repair","floor":1},{"not_picked":["Go for the Eyes","Hologram"],"picked":"Ball Lightning","floor":3},{"not_picked":["Reprogram","Redo"],"picked":"Darkness","floor":4},{"not_picked":["Sweeping Beam","Ball Lightning"],"picked":"Cold Snap","floor":7},{"not_picked":["Beam Cell+1","Conserve Battery"],"picked":"Barrage+1","floor":12},{"not_picked":["Streamline+1","Force Field"],"picked":"Sweeping Beam+1","floor":14},{"not_picked":["Hyperbeam+1","Buffer"],"picked":"Biased Cognition","floor":16},{"not_picked":["Barrage+1","Rebound+1"],"picked":"Hologram","floor":18},{"not_picked":["Aggregate","Barrage+1"],"picked":"Turbo","floor":20},{"not_picked":["Skim","Compile Driver+1"],"picked":"Meteor Strike+1","floor":22},{"not_picked":["Compile Driver+1","Double Energy"],"picked":"Coolheaded","floor":24},{"not_picked":["Sweeping Beam+1","Cold Snap+1","Melter+1"],"picked":"SKIP","floor":28}],"player_experience":3526945,"relics_obtained":[{"floor":7,"key":"Potion Belt"},{"floor":9,"key":"Art of War"},{"floor":10,"key":"Bronze Scales"},{"floor":24,"key":"Regal Pillow"},{"floor":26,"key":"Matryoshka"}],"event_choices":[{"cards_removed":["Strike_B"],"damage_healed":0,"gold_gain":0,"player_choice":"Card Removal","damage_taken":7,"max_hp_gain":0,"max_hp_loss":0,"event_name":"Golden Wing","floor":2,"gold_loss":0},{"damage_healed":0,"gold_gain":0,"player_choice":"Success","damage_taken":35,"relics_obtained":["Molten Egg 2"],"max_hp_gain":0,"max_hp_loss":0,"event_name":"Scrap Ooze","floor":11,"gold_loss":0},{"damage_healed":0,"gold_gain":50,"player_choice":"Pray","damage_taken":0,"max_hp_gain":0,"max_hp_loss":0,"event_name":"Golden Shrine","floor":19,"gold_loss":0},{"damage_healed":0,"gold_gain":0,"player_choice":"Smashed Altar","damage_taken":0,"max_hp_gain":0,"max_hp_loss":0,"event_name":"Forgotten Altar","floor":27,"gold_loss":0,"cards_obtained":["Decay"]}],"is_beta":false,"boss_relics":[{"not_picked":["White Beast Statue","Fusion Hammer"],"picked":"Philosopher\u0027s Stone"}],"items_purged_floors":[],"is_endless":false,"potions_floor_spawned":[1,3,7,14,18,24],"killed_by":"Gremlin Leader","ascension_level":20}