{"gold_per_floor":[117,132,132,142,142,142,142,25,25,25,41,76,76,8,8,128,128,148,191,38,63,79,79,98,98,98,98,112,112,112,126,126,257,257,270,69,69,2,2,2,27,27,81,81,99,99,99,114,114,114],"floor_reached":51,"playtime":2889,"items_purged":["Strike_G","Pain"],"score":618,"play_id":"5adcf042-db92-47f2-9884-df062821d0f3","local_time":"20190703171458","is_ascension_mode":false,"campfire_choices":[{"data":"Dagger Spray","floor":6,"key":"SMITH"},{"floor":10,"key":"REST"},{"data":"Malaise","floor":15,"key":"SMITH"},{"data":"Well Laid Plans","floor":23,"key":"SMITH"},{"data":"Noxious Fumes","floor":25,"key":"SMITH"},{"data":"Grand Finale","floor":29,"key":"SMITH"},{"floor":32,"key":"REST"},{"data":"Calculated Gamble","floor":40,"key":"SMITH"},{"data":"Grand Finale","floor":42,"key":"SMITH"},{"data":"Backflip","floor":44,"key":"SMITH"},{"floor":46,"key":"REST"},{"floor":49,"key":"REST"}],"neow_cost":"NONE","seed_source_timestamp":1786876580837208,"circlet_count":0,"master_deck":["Strike_G+1","Defend_G","Defend_G","Defend_G","Defend_G","Defend_G","Survivor+1","Neutralize+1","Dagger Spray+1","Quick Slash","Escape Plan","Malaise+1","Backflip+1","Predator","PiercingWail","Well Laid Plans+1","Die Die Die","Noxious Fumes+1","Grand Finale+1","PiercingWail","Grand Finale+1","Grand Finale+1","Escape Plan+1","Finisher+1","Outmaneuver+1","Catalyst+1","Madness","Madness","Injury","Acrobatics+1","Backflip"],"relics":["Ring of the Snake","Juzu Bracelet","Mummified Hand","Vajra","Shuriken","Golden Idol","Cursed Key","Red Mask","Matryoshka","Astrolabe","Happy Flower","Bag of Marbles","PreservedInsect"],"potions_floor_usage":[12,16,16,33,33,50,50,50,50],"damage_taken":[{"damage":0,"enemies":"2 Louse","floor":1,"turns":4},{"damage":2,"enemies":"Cultist","floor":2,"turns":4},{"damage":0,"enemies":"Jaw Worm","floor":4,"turns":4},{"damage":10,"enemies":"Exordium Wildlife","floor":11,"turns":5},{"damage":2,"enemies":"3 Sentries","floor":12,"turns":6},{"damage":20,"enemies":"Slime Boss","floor":16,"turns":8},{"damage":1,"enemies":"Shell Parasite","floor":18,"turns":6},{"damage":0,"enemies":"Masked Bandits","floor":19,"turns":4},{"damage":0,"enemies":"Chosen","floor":21,"turns":3},{"damage":0,"enemies":"Snake Plant","floor":22,"turns":4},{"damage":1,"enemies":"3 Cultists","floor":24,"turns":4},{"damage":20,"enemies":"Snecko","floor":28,"turns":7},{"damage":3,"enemies":"Snake Plant","floor":31,"turns":6},{"damage":39,"enemies":"Automaton","floor":33,"turns":7},{"damage":10,"enemies":"Orb Walker","floor":35,"turns":3},{"damage":7,"enemies":"3 Shapes","floor":41,"turns":5},{"damage":14,"enemies":"Writhing Mass","floor":45,"turns":7},{"damage":0,"enemies":"3 Darklings","floor":48,"turns":4},{"damage":26,"enemies":"Time Eater","floor":50,"turns":12}],"seed_played":"2366334727739703041","potions_obtained":[{"floor":2,"key":"GamblersBrew"},{"floor":11,"key":"AttackPotion"},{"floor":12,"key":"PowerPotion"},{"floor":16,"key":"PowerPotion"},{"floor":18,"key":"PowerPotion"},{"floor":19,"key":"Regen Potion"},{"floor":22,"key":"LiquidBronze"}],"is_trial":false,"path_per_floor":["M","M","?","M","?","R","?","$","T","R","M","E","?","$","R","B",null,"M","?","$","M","M","R","M","R","T","?","M","R","?","M","R","B",null,"M","$","?","?","?","R","M","R","T","R","M","R","?","M","R","B",null],"character_chosen":"THE_SILENT","items_purchased":["Malaise","Backflip","Well Laid Plans","Noxious Fumes","EntropicBrew"],"campfire_rested":4,"item_purchase_floors":[8,8,14,20,36],"current_hp_per_floor":[70,68,54,54,54,54,36,36,36,57,47,45,45,45,45,25,65,64,64,64,64,64,64,63,63,63,63,43,43,43,40,59,20,65,55,55,47,47,47,47,40,40,40,40,26,45,45,45,64,38],"gold":114,"neow_bonus":"RANDOM_COMMON_RELIC","is_prod":false,"is_daily":false,"chose_seed":false,"campfire_upgraded":8,"win_rate":0,"timestamp":1562188498,"path_taken":["M","M","?","M","?","R","?","$","T","R","M","E","?","?","R","BOSS","M","?","$","M","M","R","M","R","T","?","M","R","?","M","R","BOSS","M","$","?","?","?","R","M","R","T","R","M","R","?","M","R","BOSS"],"build_version":"2019-07-01","purchased_purges":2,"victory":true,"max_hp_per_floor":[70,70,70,70,70,70,70,70,70,70,70,70,65,65,65,65,65,65,65,65,65,65,65,65,65,65,65,65,65,65,65,65,65,65,65,65,65,65,65,65,65,65,65,65,65,65,65,65,65,65],"card_choices":[{"not_picked":["Poisoned Stab","Underhanded Strike"],"picked":"Dagger Spray","floor":1},{"not_picked":["Underhanded Strike","Deflect"],"picked":"Quick Slash","floor":2},{"not_picked":["All Out Attack","Acrobatics"],"picked":"Escape Plan","floor":4},{"not_picked":["Accuracy","Concentrate"],"picked":"Predator","floor":11},{"not_picked":["Skewer","Venomology"],"picked":"PiercingWail","floor":12},{"not_picked":["Grand Finale","Corpse Explosion"],"picked":"Die Die Die","floor":16},{"not_picked":["Dodge and Roll","Prepared+1","Flying Knee"],"picked":"SKIP","floor":18},{"not_picked":["Endless Agony","Sucker Punch","Slice+1"],"picked":"SKIP","floor":21},{"not_picked":["Blade Dance","Choke"],"picked":"Grand Finale","floor":22},{"not_picked":["Concentrate","Finisher","Masterful Stab"],"picked":"SKIP","floor":24},{"not_picked":["Quick Slash","Dagger Spray"],"picked":"PiercingWail","floor":28},{"not_picked":["Dodge and Roll","Quick Slash"],"picked":"Calculated Gamble","floor":31},{"not_picked":["Wraith Form v2","Glass Knife"],"picked":"Grand Finale","floor":33},{"not_picked":["Crippling Poison","Slice"],"picked":"Catalyst+1","floor":35},{"not_picked":["Blade Dance+1","Sucker Punch+1","Cloak And Dagger"],"picked":"SKIP","floor":41},{"not_picked":["Tactician+1","Sucker Punch+1"],"picked":"Acrobatics+1","floor":45},{"not_picked":["Sucker Punch","Noxious Fumes+1"],"picked":"Backflip","floor":48}],"player_experience":3891473,"relics_obtained":[{"floor":9,"key":"Vajra"},{"floor":12,"key":"Shuriken"},{"floor":19,"key":"Red Mask"},{"floor":26,"key":"Matryoshka"},{"floor":43,"key":"Bag of Marbles"},{"floor":43,"key":"PreservedInsect"}],"event_choices":[{"damage_healed":0,"gold_gain":0,"player_choice":"Entered Light","damage_taken":14,"max_hp_gain":0,"max_hp_loss":0,"event_name":"Shining Light","floor":3,"gold_loss":0,"cards_upgraded":["Survivor","Strike_G"]},{"damage_healed":0,"gold_gain":0,"player_choice":"Forge","damage_taken":0,"max_hp_gain":0,"max_hp_loss":0,"event_name":"Accursed Blacksmith","floor":5,"gold_loss":0,"cards_upgraded":["Neutralize"]},{"damage_healed":0,"gold_gain":0,"player_choice":"Success","damage_taken":18,"relics_obtained":["Mummified Hand"],"max_hp_gain":0,"max_hp_loss":0,"event_name":"Scrap Ooze","floor":7,"gold_loss":0},{"damage_healed":0,"gold_gain":0,"player_choice":"Lose Max HP","damage_taken":0,"relics_obtained":["Golden Idol"],"max_hp_gain":0,"max_hp_loss":5,"event_name":"Golden Idol","floor":13,"gold_loss":0},{"damage_healed":0,"gold_gain":0,"player_choice":"Fought Bandits","damage_taken":0,"max_hp_gain":0,"max_hp_loss":0,"event_name":"Masked Bandits","floor":19,"gold_loss":0},{"damage_healed":0,"gold_gain":0,"player_choice":"Ignored","damage_taken":0,"max_hp_gain":0,"max_hp_loss":0,"event_name":"N\u0027loth","floor":27,"gold_loss":0},{"damage_healed":0,"gold_gain":0,"player_choice":"Copied","damage_taken":0,"max_hp_gain":0,"max_hp_loss":0,"event_name":"Duplicator","floor":30,"gold_loss":0,"cards_obtained":["Grand Finale"]},{"damage_healed":0,"gold_gain":0,"player_choice":"Embrace Madness","damage_taken":8,"max_hp_gain":0,"max_hp_loss":0,"event_name":"Winding Halls","floor":37,"gold_loss":0,"cards_obtained":["Madness","Madness"]},{"damage_healed":0,"gold_gain":0,"player_choice":"Paid Gold","damage_taken":0,"relics_obtained":["Happy Flower"],"max_hp_gain":0,"max_hp_loss":0,"event_name":"WeMeetAgain","floor":38,"gold_loss":67},{"damage_healed":0,"gold_gain":0,"player_choice":"Ignored","damage_taken":0,"max_hp_gain":0,"max_hp_loss":0,"event_name":"Mysterious Sphere","floor":39,"gold_loss":0},{"cards_removed":["Calculated Gamble"],"damage_healed":0,"gold_gain":0,"player_choice":"Removed Skill","damage_taken":0,"max_hp_gain":0,"max_hp_loss":0,"event_name":"Falling","floor":47,"gold_loss":0}],"is_beta":false,"boss_relics":[{"not_picked":["Runic Dome","Empty Cage"],"picked":"Cursed Key"},{"not_picked":["Ring of the Serpent","Sozu"],"picked":"Astrolabe"}],"items_purged_floors":[20,36],"is_endless":false,"potions_floor_spawned":[2,11,12,16,18,19,22,28],"ascension_level":0}