{"gold_per_floor":[114,129,129,144,159,189,39,39,114,144,19,19,34,64,64,64],"floor_reached":16,"playtime":987,"items_purged":["Writhe"],"score":120,"play_id":"72b55db5-e159-4f44-b41d-58b90629cb67","local_time":"20190429232755","daily_mods":["Cursed Run","ControlledChaos","Lethality"],"is_ascension_mode":false,"campfire_choices":[{"floor":8,"key":"REST"},{"data":"Self Repair","floor":15,"key":"SMITH"}],"neow_cost":"","seed_source_timestamp":1740481584757744,"circlet_count":0,"master_deck":["Strike_B","Strike_B","Strike_B","Strike_B","Defend_B","Defend_B","Defend_B","Defend_B","Zap","Dualcast","Double Energy","Self Repair+1","Echo Form","Consume","Defragment+1"],"special_seed":18016,"relics":["Cursed Key","Darkstone Periapt","Du-Vu Doll","Frozen Eye","DataDisk","PreservedInsect","Frozen Egg 2","Dodecahedron","Dream Catcher","Bottled Flame"],"potions_floor_usage":[10,10,13],"damage_taken":[{"damage":0,"enemies":"Cultist","floor":1,"turns":3},{"damage":3,"enemies":"2 Louse","floor":2,"turns":2},{"damage":4,"enemies":"Jaw Worm","floor":4,"turns":3},{"damage":43,"enemies":"Exordium Thugs","floor":5,"turns":4},{"damage":19,"enemies":"Lagavulin","floor":6,"turns":6},{"damage":16,"enemies":"3 Sentries","floor":10,"turns":3},{"damage":18,"enemies":"Large Slime","floor":13,"turns":4},{"damage":7,"enemies":"Lagavulin","floor":14,"turns":5},{"damage":30,"enemies":"Hexaghost","floor":16,"turns":2}],"seed_played":"5114170758115261822","potions_obtained":[{"floor":2,"key":"Explosive Potion"},{"floor":5,"key":"GamblersBrew"},{"floor":6,"key":"Swift Potion"},{"floor":13,"key":"Dexterity Potion"},{"floor":14,"key":"SpeedPotion"}],"is_trial":false,"path_per_floor":["M","M","?","M","M","E","$","R","T","E","$","?","M","E","R","B"],"character_chosen":"DEFECT","items_purchased":["PreservedInsect","Energy Potion"],"campfire_rested":1,"item_purchase_floors":[7,11],"current_hp_per_floor":[75,72,72,68,32,20,20,42,48,32,32,32,21,28,28,0],"gold":64,"neow_bonus":"","is_prod":false,"is_daily":true,"chose_seed":false,"campfire_upgraded":1,"win_rate":0,"timestamp":1556594875,"path_taken":["M","M","?","M","M","E","$","R","T","E","$","?","?","E","R","BOSS"],"build_version":"2019-01-23","purchased_purges":1,"victory":false,"max_hp_per_floor":[75,75,75,75,75,75,75,75,81,81,81,81,81,81,81,81],"card_choices":[{"not_picked":["Streamline","Sweeping Beam"],"picked":"Double Energy","floor":1},{"not_picked":["Rip and Tear","Rebound","Leap"],"picked":"SKIP","floor":2},{"not_picked":["Sweeping Beam","Reinforced Body"],"picked":"Self Repair","floor":4},{"not_picked":["Hologram","Streamline","Blizzard"],"picked":"SKIP","floor":5},{"not_picked":["Machine Learning","Streamline"],"picked":"Echo Form","floor":6},{"not_picked":["Beam Cell","Reinforced Body","Compile Driver"],"picked":"SKIP","floor":10},{"not_picked":["Stack","Lockon"],"picked":"Consume","floor":13},{"not_picked":["Coolheaded","Double Energy"],"picked":"Defragment+1","floor":14}],"player_experience":3525524,"relics_obtained":[{"floor":6,"key":"DataDisk"},{"floor":9,"key":"Frozen Egg 2"},{"floor":10,"key":"Dodecahedron"},{"floor":14,"key":"Bottled Flame"}],"event_choices":[{"damage_healed":0,"gold_gain":0,"player_choice":"Ignored","damage_taken":0,"max_hp_gain":0,"max_hp_loss":0,"event_name":"Shining Light","floor":3,"gold_loss":0},{"damage_healed":0,"gold_gain":0,"player_choice":"Gave Potion","damage_taken":0,"relics_obtained":["Dream Catcher"],"max_hp_gain":0,"max_hp_loss":0,"event_name":"WeMeetAgain","floor":12,"gold_loss":0}],"is_beta":false,"boss_relics":[],"items_purged_floors":[11],"is_endless":false,"potions_floor_spawned":[2,5,6,13,14],"killed_by":"Hexaghost","ascension_level":0}