{"gold_per_floor":[117,117,130,0,19,44,44,69,94,108,108,134,134,134,134,213,213,227,245,295,295,295],"floor_reached":22,"playtime":1122,"items_purged":[],"score":374,"play_id":"78deb356-44a6-4898-a872-85675559e471","local_time":"20190624005516","is_ascension_mode":true,"campfire_choices":[{"floor":11.0,"key":"REST"},{"data":"Night Terror","floor":13.0,"key":"SMITH"},{"floor":15.0,"key":"REST"}],"neow_cost":"NONE","seed_source_timestamp":0,"circlet_count":0,"master_deck":["AscendersBane","Survivor","Neutralize+1","Dash","Tactician","Underhanded Strike","Footwork","Dagger Throw","Reflex","Night Terror+1","Deflect","Die Die Die","Well Laid Plans","Die Die Die","Sucker Punch","A Thousand Cuts","Envenom","Flying Knee","Dagger Throw","Quick Slash","Blade Dance+1","Calculated Gamble","Night Terror","Reflex"],"special_seed":0,"relics":["Ring of the Snake","NeowsBlessing","War Paint","Pen Nib","PreservedInsect","Juzu Bracelet","Pandora\u0027s Box"],"potions_floor_usage":[],"damage_taken":[{"damage":0.0,"enemies":"Jaw Worm","floor":1.0,"turns":1.0},{"damage":0.0,"enemies":"Cultist","floor":3.0,"turns":1.0},{"damage":0.0,"enemies":"Small Slimes","floor":5.0,"turns":1.0},{"damage":32.0,"enemies":"Gremlin Nob","floor":6.0,"turns":6.0},{"damage":34.0,"enemies":"3 Sentries","floor":8.0,"turns":13.0},{"damage":3.0,"enemies":"Blue Slaver","floor":10.0,"turns":4.0},{"damage":18,"enemies":"The Guardian","floor":16,"turns":16},{"damage":14,"enemies":"3 Byrds","floor":18,"turns":6},{"damage":27,"enemies":"Chosen","floor":19,"turns":4},{"damage":34,"enemies":"Centurion and Healer","floor":22,"turns":4}],"seed_played":"945581168938324265","potions_obtained":[{"floor":5.0,"key":"Fruit Juice"},{"floor":19,"key":"FearPotion"}],"is_trial":false,"path_per_floor":["M","?","M","$","M","E","?","E","T","M","R","T","R","?","R","B",null,"M","M","?","?","M"],"character_chosen":"THE_SILENT","items_purchased":["Footwork","Dagger Throw"],"campfire_rested":2,"item_purchase_floors":[4,4],"current_hp_per_floor":[59,59,59,59,59,32,55,21,21,18,39,39,39,39,60,42,64,50,23,23,23,0],"gold":295,"neow_bonus":"THREE_ENEMY_KILL","is_prod":false,"is_daily":false,"chose_seed":false,"campfire_upgraded":1,"win_rate":0,"timestamp":1561359316,"path_taken":["M","?","M","$","?","E","?","E","T","M","R","?","R","?","R","BOSS","M","M","?","?","M"],"build_version":"2019-06-21","purchased_purges":0,"victory":false,"max_hp_per_floor":[66,66,66,66,66,71,71,71,71,71,71,71,71,71,71,71,71,71,71,71,71,71],"card_choices":[{"not_picked":["PiercingWail","Skewer"],"picked":"Dash","floor":1.0},{"not_picked":["Accuracy","Dodge and Roll"],"picked":"Underhanded Strike","floor":3.0},{"not_picked":["Dagger Spray","Deadly Poison"],"picked":"Reflex","floor":5.0},{"not_picked":["Outmaneuver","Accuracy"],"picked":"Poisoned Stab","floor":6.0},{"not_picked":["Flechettes","Finisher"],"picked":"Night Terror","floor":8.0},{"not_picked":["Endless Agony","Predator"],"picked":"Deflect","floor":10.0},{"not_picked":["Night Terror","Venomology"],"picked":"Die Die Die","floor":16},{"not_picked":["Deflect+1","Eviscerate"],"picked":"Blade Dance+1","floor":18},{"not_picked":["Dagger Throw","Deflect"],"picked":"Calculated Gamble","floor":19}],"player_experience":1090270,"relics_obtained":[{"floor":6.0,"key":"War Paint"},{"floor":8.0,"key":"Pen Nib"},{"floor":9.0,"key":"PreservedInsect"},{"floor":12.0,"key":"Juzu Bracelet"}],"event_choices":[{"damage_healed":0.0,"max_hp_gain":0.0,"max_hp_loss":0.0,"gold_gain":0.0,"cards_transformed":["Strike_G"],"event_name":"Transmorgrifier","player_choice":"Transformed","floor":2.0,"gold_loss":0.0,"damage_taken":0.0,"cards_obtained":["Tactician"]},{"damage_healed":23.0,"max_hp_gain":0.0,"max_hp_loss":0.0,"gold_gain":0.0,"event_name":"Big Fish","player_choice":"Banana","floor":7.0,"gold_loss":0.0,"damage_taken":0.0},{"damage_healed":0.0,"max_hp_gain":0.0,"max_hp_loss":0.0,"gold_gain":0.0,"event_name":"Upgrade Shrine","player_choice":"Upgraded","floor":14.0,"gold_loss":0.0,"damage_taken":0.0,"cards_upgraded":["Neutralize"]},{"damage_healed":0,"gold_gain":50,"player_choice":"Stole From Cult","damage_taken":0,"max_hp_gain":0,"max_hp_loss":0,"event_name":"Nest","floor":20,"gold_loss":0},{"damage_healed":0,"gold_gain":0,"cards_transformed":["Bane","Poisoned Stab"],"player_choice":"Became Test Subject","damage_taken":0,"max_hp_gain":0,"max_hp_loss":0,"event_name":"Drug Dealer","floor":21,"gold_loss":0,"cards_obtained":["Night Terror","Reflex"]}],"is_beta":true,"boss_relics":[{"not_picked":["Snecko Eye","WristBlade"],"picked":"Pandora\u0027s Box"}],"items_purged_floors":[],"is_endless":false,"potions_floor_spawned":[5,19],"killed_by":"Centurion and Healer","ascension_level":19}