{"gold_per_floor":[116,116,21,36,36,36,64,139,139,162,162,178,178,197,197,320,383,401,8,21,46,69,69,69,69,69,110,110,9,9,25,25,148,148,168,14,14,30,252,271,296,296,296,629,644,644,644,655,655,655],"floor_reached":51,"playtime":9045,"items_purged":[],"score":637,"play_id":"e34e477b-2ce9-48c4-a499-7fad56f192f6","local_time":"20190720164039","is_ascension_mode":false,"campfire_choices":[{"data":"Whirlwind","floor":6,"key":"SMITH"},{"data":"Shrug It Off","floor":11,"key":"SMITH"},{"data":"Burning Pact","floor":13,"key":"SMITH"},{"data":"Rage","floor":15,"key":"SMITH"},{"floor":23,"key":"REST"},{"data":"Entrench","floor":28,"key":"SMITH"},{"floor":32,"key":"REST"},{"floor":42,"key":"REST"},{"floor":46,"key":"REST"},{"floor":49,"key":"REST"}],"neow_cost":"NONE","seed_source_timestamp":2030925576800,"circlet_count":0,"master_deck":["Strike_R+1","Strike_R+1","Strike_R+1","Defend_R+1","Defend_R+1","Defend_R+1","Bash+1","Seeing Red+1","Whirlwind+1","True Grit+1","Iron Wave+1","Injury","Headbutt+1","Shrug It Off+1","Burning Pact+1","Rage+1","Barricade+1","Thunderclap+1","Anger+1","Battle Trance+1","Cleave+1","Dropkick+1","Armaments+1","Intimidate+1","Armaments+1","Entrench+1","Seeing Red+1","Shrug It Off+1","Double Tap+1","Flex+1"],"relics":["Burning Blood","Odd Mushroom","Meat on the Bone","Red Skull","Tiny House","Lee\u0027s Waffle","Bag of Preparation","Letter Opener","Red Mask","Pen Nib","Busted Crown","Vajra","War Paint","Mark of the Bloom"],"potions_floor_usage":[16,17,20,27,31,31,31,33,33,35,41,45],"damage_taken":[{"damage":1,"enemies":"Cultist","floor":1,"turns":4},{"damage":8,"enemies":"2 Louse","floor":4,"turns":2},{"damage":13,"enemies":"The Mushroom Lair","floor":7,"turns":3},{"damage":0,"enemies":"Small Slimes","floor":10,"turns":2},{"damage":5,"enemies":"Blue Slaver","floor":12,"turns":5},{"damage":0,"enemies":"Exordium Thugs","floor":14,"turns":6},{"damage":57,"enemies":"Slime Boss","floor":16,"turns":10},{"damage":47,"enemies":"Shell Parasite","floor":18,"turns":12},{"damage":37,"enemies":"Spheric Guardian","floor":20,"turns":6},{"damage":5,"enemies":"Cultist and Chosen","floor":21,"turns":8},{"damage":34,"enemies":"Sentry and Sphere","floor":22,"turns":6},{"damage":16,"enemies":"Masked Bandits","floor":27,"turns":4},{"damage":15,"enemies":"Snake Plant","floor":31,"turns":6},{"damage":2,"enemies":"Champ","floor":33,"turns":22},{"damage":28,"enemies":"3 Darklings","floor":35,"turns":4},{"damage":16,"enemies":"3 Shapes","floor":38,"turns":3},{"damage":0,"enemies":"3 Darklings","floor":40,"turns":4},{"damage":67,"enemies":"Maw","floor":41,"turns":9},{"damage":13,"enemies":"Writhing Mass","floor":45,"turns":6},{"damage":0,"enemies":"Sphere and 2 Shapes","floor":48,"turns":3},{"damage":9,"enemies":"Donu and Deca","floor":50,"turns":2}],"seed_played":"6314539480000787130","potions_obtained":[{"floor":1,"key":"Explosive Potion"},{"floor":4,"key":"LiquidBronze"},{"floor":17,"key":"Fruit Juice"},{"floor":18,"key":"Fire Potion"},{"floor":22,"key":"Weak Potion"},{"floor":31,"key":"Energy Potion"},{"floor":35,"key":"EssenceOfSteel"},{"floor":38,"key":"FearPotion"},{"floor":45,"key":"Ancient Potion"}],"is_trial":false,"path_per_floor":["M","?","$","M","?","R","?","T","T","M","R","M","R","M","R","B",null,"M","$","M","M","M","R","?","?","T","?","R","$","?","M","R","B",null,"M","$","?","M","?","M","M","R","T","?","M","R","?","M","R","B",null],"character_chosen":"IRONCLAD","items_purchased":["Whirlwind","True Grit","Lee\u0027s Waffle","Bag of Preparation","Battle Trance","EntropicBrew","Vajra"],"campfire_rested":5,"item_purchase_floors":[3,3,19,19,19,29,36],"current_hp_per_floor":[88,88,88,86,86,86,79,79,79,85,85,86,86,88,88,49,98,57,105,74,75,59,90,90,90,90,80,80,80,80,71,102,105,105,83,83,83,73,73,79,30,61,61,61,66,97,97,97,97,88],"gold":655,"neow_bonus":"TEN_PERCENT_HP_BONUS","is_prod":false,"is_daily":false,"chose_seed":false,"campfire_upgraded":5,"win_rate":0.0,"timestamp":1563658839,"path_taken":["M","?","$","?","?","R","?","?","T","?","R","M","R","M","R","BOSS","M","$","M","M","M","R","?","?","T","?","R","$","?","M","R","BOSS","M","$","?","M","?","M","M","R","T","?","M","R","?","M","R","BOSS"],"build_version":"2019-07-17","purchased_purges":0,"victory":true,"max_hp_per_floor":[88,88,88,88,88,88,88,88,88,88,88,88,88,88,88,88,98,98,105,105,105,105,105,105,105,105,105,105,105,105,105,105,105,105,105,105,105,105,105,105,105,105,105,105,105,105,105,105,105,105],"card_choices":[{"not_picked":["Heavy Blade","Twin Strike"],"picked":"Seeing Red","floor":1},{"not_picked":["Uppercut","Power Through"],"picked":"Iron Wave","floor":4},{"not_picked":["Metallicize","Hemokinesis"],"picked":"Headbutt","floor":7},{"not_picked":["True Grit","Bloodletting"],"picked":"Shrug It Off","floor":10},{"not_picked":["Sword Boomerang","Ghostly Armor"],"picked":"Burning Pact","floor":12},{"not_picked":["Dual Wield","Ghostly Armor"],"picked":"Rage","floor":14},{"not_picked":["Juggernaut","Fiend Fire"],"picked":"Barricade","floor":16},{"not_picked":["Dual Wield","Clash"],"picked":"Thunderclap","floor":17},{"not_picked":["Flex","Iron Wave"],"picked":"Anger","floor":18},{"not_picked":["Sword Boomerang+1","Corruption"],"picked":"Cleave","floor":20},{"not_picked":["Iron Wave","Flex"],"picked":"Dropkick","floor":21},{"not_picked":["Fiend Fire","Rupture+1"],"picked":"Armaments","floor":22},{"not_picked":["Spot Weakness","True Grit+1"],"picked":"Seeing Red","floor":27},{"not_picked":["Clash","Clothesline"],"picked":"Shrug It Off","floor":31},{"not_picked":["Brutality","Limit Break"],"picked":"Double Tap","floor":33},{"not_picked":["Twin Strike"],"picked":"SKIP","floor":35},{"not_picked":["Twin Strike"],"picked":"SKIP","floor":38},{"not_picked":[],"picked":"Flex+1","floor":40},{"not_picked":["Dual Wield"],"picked":"SKIP","floor":41},{"not_picked":["Searing Blow+1"],"picked":"SKIP","floor":45},{"not_picked":["Flex"],"picked":"SKIP","floor":48}],"player_experience":204854,"relics_obtained":[{"floor":7,"key":"Odd Mushroom"},{"floor":8,"key":"Meat on the Bone"},{"floor":9,"key":"Red Skull"},{"floor":26,"key":"Letter Opener"},{"floor":27,"key":"Red Mask"},{"floor":43,"key":"War Paint"}],"event_choices":[{"damage_healed":0,"gold_gain":0,"player_choice":"Upgraded","damage_taken":0,"max_hp_gain":0,"max_hp_loss":0,"event_name":"Upgrade Shrine","floor":2,"gold_loss":0,"cards_upgraded":["Seeing Red"]},{"damage_healed":0,"gold_gain":0,"player_choice":"Take Wound","damage_taken":0,"relics_obtained":["Golden Idol"],"max_hp_gain":0,"max_hp_loss":0,"event_name":"Golden Idol","floor":5,"gold_loss":0,"cards_obtained":["Injury"]},{"damage_healed":0,"gold_gain":0,"player_choice":"Fought Mushrooms","damage_taken":0,"max_hp_gain":0,"max_hp_loss":0,"event_name":"Mushrooms","floor":7,"gold_loss":0},{"damage_healed":0,"gold_gain":0,"cards_transformed":["Strike_R","Defend_R"],"player_choice":"Became Test Subject","damage_taken":0,"max_hp_gain":0,"max_hp_loss":0,"event_name":"Drug Dealer","floor":24,"gold_loss":0,"cards_obtained":["Intimidate","Armaments"]},{"damage_healed":0,"gold_gain":0,"player_choice":"Read","damage_taken":0,"max_hp_gain":0,"max_hp_loss":0,"event_name":"The Library","floor":25,"gold_loss":0,"cards_obtained":["Entrench"]},{"damage_healed":0,"gold_gain":0,"player_choice":"Fought Bandits","damage_taken":0,"max_hp_gain":0,"max_hp_loss":0,"event_name":"Masked Bandits","floor":27,"gold_loss":0},{"damage_healed":0,"gold_gain":0,"player_choice":"Opened","damage_taken":0,"relics_obtained":["Pen Nib"],"max_hp_gain":0,"max_hp_loss":0,"event_name":"The Mausoleum","floor":30,"gold_loss":0},{"cards_removed":["Strike_R"],"damage_healed":0,"gold_gain":0,"player_choice":"Removed Attack","damage_taken":0,"max_hp_gain":0,"max_hp_loss":0,"event_name":"Falling","floor":37,"gold_loss":0},{"damage_healed":0,"gold_gain":222,"player_choice":"Wore Mask","damage_taken":0,"max_hp_gain":0,"max_hp_loss":0,"event_name":"Tomb of Lord Red Mask","floor":39,"gold_loss":0},{"damage_healed":0,"gold_gain":333,"player_choice":"Gave Idol","damage_taken":0,"max_hp_gain":0,"max_hp_loss":0,"event_name":"The Moai Head","floor":44,"relics_lost":["Golden Idol"],"gold_loss":0},{"damage_healed":0,"gold_gain":0,"player_choice":"Upgrade","damage_taken":0,"relics_obtained":["Mark of the Bloom"],"max_hp_gain":0,"max_hp_loss":0,"event_name":"MindBloom","floor":47,"gold_loss":0,"cards_upgraded":["Strike_R","Strike_R","Defend_R","Defend_R","Bash","True Grit","Iron Wave","Headbutt","Barricade","Thunderclap","Anger","Cleave","Dropkick","Armaments","Intimidate","Armaments","Seeing Red","Shrug It Off","Double Tap"]}],"is_beta":false,"boss_relics":[{"not_picked":["Coffee Dripper","Empty Cage"],"picked":"Tiny House"},{"not_picked":["White Beast Statue","Sozu"],"picked":"Busted Crown"}],"items_purged_floors":[],"is_endless":false,"potions_floor_spawned":[1,4,18,22,31,35,38,45],"ascension_level":0}