{"gold_per_floor":[119,119,134,134,81,81,93,93,93,93,112,112,123,123,123,200,200,220,220,220,220,231,231,146,146,176,187,199,39,65,82,82,160,160,171,171,571,587,598,598,612,612,612,612,626,97,97,114,114,114],"floor_reached":51,"playtime":4156,"items_purged":["Writhe","Strike_G+1"],"score":1296,"play_id":"49e9282d-6e3d-4fbf-89fc-d6eadbe89261","local_time":"20181111233126","is_ascension_mode":true,"campfire_choices":[{"data":"Footwork","floor":6,"key":"SMITH"},{"data":"Neutralize","floor":8,"key":"SMITH"},{"data":"Backflip","floor":10,"key":"SMITH"},{"data":"Flying Knee","floor":12,"key":"SMITH"},{"data":"Footwork","floor":15,"key":"SMITH"},{"data":"Noxious Fumes","floor":23,"key":"SMITH"},{"floor":25,"key":"REST"},{"floor":32,"key":"REST"},{"floor":40,"key":"REST"},{"floor":42,"key":"REST"},{"floor":44,"key":"REST"},{"floor":49,"key":"REST"}],"neow_cost":"NONE","seed_source_timestamp":621077135181087,"circlet_count":0,"master_deck":["AscendersBane","Defend_G+1","Defend_G+1","Defend_G+1","Defend_G+1","Strike_G+1","Strike_G+1","Strike_G+1","Survivor+1","Neutralize+1","Catalyst+1","Backflip+1","Footwork+1","Flying Knee+1","Quick Slash","Phantasmal Killer+1","Deflect+1","Footwork+1","Night Terror+1","Noxious Fumes+1","Deadly Poison+1","Dodge and Roll+1","Catalyst+1","Prepared+1","Setup+1","Die Die Die","Cloak And Dagger+1","Leg Sweep+1","PiercingWail+1","Calculated Gamble+1","Escape Plan+1","Outmaneuver+1","Footwork","Leg Sweep+1"],"relics":["Ring of the Snake","Matryoshka","Paper Crane","Toxic Egg 2","Sozu","Darkstone Periapt","War Paint","Lantern","Tiny Chest","Ornamental Fan","Orrery","Old Coin","Singing Bowl","Bottled Tornado"],"potions_floor_usage":[16,16],"damage_taken":[{"damage":0,"enemies":"2 Louse","floor":1,"turns":5},{"damage":2,"enemies":"Jaw Worm","floor":3,"turns":6},{"damage":0,"enemies":"Cultist","floor":7,"turns":5},{"damage":0,"enemies":"Blue Slaver","floor":11,"turns":5},{"damage":0,"enemies":"Looter","floor":13,"turns":3},{"damage":0,"enemies":"Slime Boss","floor":16,"turns":14},{"damage":3,"enemies":"Spheric Guardian","floor":18,"turns":7},{"damage":13,"enemies":"Shell Parasite","floor":22,"turns":7},{"damage":5,"enemies":"3 Cultists","floor":27,"turns":5},{"damage":13,"enemies":"Snake Plant","floor":28,"turns":5},{"damage":19,"enemies":"Book of Stabbing","floor":30,"turns":4},{"damage":4,"enemies":"Chosen and Byrds","floor":31,"turns":4},{"damage":39,"enemies":"Collector","floor":33,"turns":6},{"damage":7,"enemies":"Orb Walker","floor":35,"turns":4},{"damage":0,"enemies":"Mind Bloom Boss Battle","floor":37,"turns":7},{"damage":25,"enemies":"3 Darklings","floor":38,"turns":7},{"damage":7,"enemies":"Maw","floor":39,"turns":5},{"damage":37,"enemies":"Jaw Worm Horde","floor":41,"turns":7},{"damage":29,"enemies":"4 Shapes","floor":45,"turns":8},{"damage":8,"enemies":"Transient","floor":48,"turns":6},{"damage":23,"enemies":"Time Eater","floor":50,"turns":11}],"seed_played":"-7376950023178370725","potions_obtained":[{"floor":1,"key":"Weak Potion"},{"floor":7,"key":"Strength Potion"}],"is_trial":false,"path_per_floor":["M","?","M","?","$","R","M","R","T","R","M","R","M","?","R","B",null,"M","?","?","?","M","R","?","R","T","M","M","$","E","M","R","B",null,"M","?","?","M","M","R","M","R","T","R","M","$","?","M","R","B",null],"character_chosen":"THE_SILENT","items_purchased":["Flying Knee","Catalyst+1","Bottled Tornado","Footwork","Leg Sweep+1"],"campfire_rested":6,"item_purchase_floors":[5,29,46,46,46],"current_hp_per_floor":[65,47,45,45,45,45,45,45,45,45,45,45,45,45,45,45,65,62,68,68,68,55,55,55,78,78,73,60,60,41,37,60,21,64,57,57,57,32,25,47,10,32,32,54,27,27,27,21,44,21],"gold":114,"neow_bonus":"TEN_PERCENT_HP_BONUS","is_prod":false,"is_daily":false,"chose_seed":false,"campfire_upgraded":6,"win_rate":0,"timestamp":1541997086,"path_taken":["M","?","M","?","$","R","M","R","T","R","?","R","M","?","R","BOSS","M","?","?","?","M","R","?","R","T","?","M","$","E","M","R","BOSS","M","?","?","M","M","R","M","R","T","R","M","$","?","?","R","BOSS"],"build_version":"2018-11-08","purchased_purges":2,"victory":true,"max_hp_per_floor":[72,72,72,72,72,72,72,72,72,72,72,72,72,72,72,72,72,72,78,78,78,78,78,78,78,78,78,78,78,78,78,78,78,78,78,74,74,74,74,74,74,74,74,74,76,76,76,78,78,78],"card_choices":[{"not_picked":["Terror","Slice"],"picked":"Catalyst","floor":1},{"not_picked":["Leg Sweep","Catalyst"],"picked":"Backflip","floor":3},{"not_picked":["Concentrate","Bane"],"picked":"Quick Slash","floor":7},{"not_picked":["Prepared+1","Dagger Throw"],"picked":"Phantasmal Killer+1","floor":11},{"not_picked":["Choke","Accuracy"],"picked":"Deflect+1","floor":13},{"not_picked":["Grand Finale","Venomology+1"],"picked":"Night Terror+1","floor":16},{"not_picked":["Quick Slash","Backstab"],"picked":"Noxious Fumes","floor":18},{"not_picked":["Caltrops","Poisoned Stab"],"picked":"Deadly Poison+1","floor":22},{"not_picked":["Cloak And Dagger+1","Reflex+1"],"picked":"Dodge and Roll+1","floor":27},{"not_picked":["Quick Slash","Caltrops","Blade Dance+1"],"picked":"SKIP","floor":28},{"not_picked":["Flying Knee","Eviscerate"],"picked":"Prepared+1","floor":30},{"not_picked":["All Out Attack","Prepared+1"],"picked":"Setup+1","floor":31},{"not_picked":["Envenom","Bullet Time+1"],"picked":"Die Die Die","floor":33},{"not_picked":["Masterful Stab","Endless Agony"],"picked":"Cloak And Dagger+1","floor":34},{"not_picked":["Infinite Blades","Setup+1"],"picked":"Leg Sweep+1","floor":34},{"not_picked":["Terror+1","Escape Plan+1"],"picked":"PiercingWail+1","floor":34},{"not_picked":["Infinite Blades","Dagger Throw","Tactician+1"],"picked":"SKIP","floor":35},{"not_picked":["PiercingWail+1","Slice+1"],"picked":"Calculated Gamble+1","floor":37},{"not_picked":["Masterful Stab+1","Underhanded Strike+1","Sucker Punch"],"picked":"SKIP","floor":38},{"not_picked":["Unload","Sucker Punch"],"picked":"Escape Plan+1","floor":39},{"not_picked":["Slice","Accuracy+1"],"picked":"Outmaneuver+1","floor":41},{"not_picked":["Blade Dance+1","Expertise+1","Poisoned Stab"],"picked":"Singing Bowl","floor":45},{"not_picked":["Underhanded Strike","Heel Hook+1","Prepared+1"],"picked":"Singing Bowl","floor":48}],"player_experience":2220121,"relics_obtained":[{"floor":9,"key":"Paper Crane"},{"floor":9,"key":"Toxic Egg 2"},{"floor":26,"key":"Lantern"},{"floor":26,"key":"Tiny Chest"},{"floor":30,"key":"Ornamental Fan"},{"floor":37,"key":"Old Coin"},{"floor":43,"key":"Singing Bowl"}],"event_choices":[{"damage_healed":0,"gold_gain":0,"player_choice":"Success","damage_taken":18,"relics_obtained":["Matryoshka"],"max_hp_gain":0,"max_hp_loss":0,"event_name":"Scrap Ooze","floor":2,"gold_loss":0},{"damage_healed":0,"gold_gain":0,"cards_transformed":["Strike_G"],"player_choice":"Transformed","damage_taken":0,"max_hp_gain":0,"max_hp_loss":0,"event_name":"Transmorgrifier","floor":4,"gold_loss":0,"cards_obtained":["Footwork"]},{"damage_healed":0,"gold_gain":0,"cards_transformed":["Defend_G"],"player_choice":"Change","damage_taken":0,"max_hp_gain":0,"max_hp_loss":0,"event_name":"Living Wall","floor":14,"gold_loss":0,"cards_obtained":["Footwork"]},{"damage_healed":0,"gold_gain":0,"player_choice":"Opened","damage_taken":0,"relics_obtained":["Darkstone Periapt"],"max_hp_gain":0,"max_hp_loss":0,"event_name":"The Mausoleum","floor":19,"gold_loss":0,"cards_obtained":["Writhe"]},{"damage_healed":0,"gold_gain":0,"player_choice":"Ignored","damage_taken":0,"max_hp_gain":0,"max_hp_loss":0,"event_name":"Ghosts","floor":20,"gold_loss":0},{"damage_healed":0,"gold_gain":0,"player_choice":"Simplicity","damage_taken":0,"max_hp_gain":0,"max_hp_loss":0,"event_name":"Back to Basics","floor":21,"gold_loss":0,"cards_upgraded":["Defend_G","Defend_G","Defend_G","Defend_G","Strike_G","Strike_G","Strike_G","Strike_G"]},{"damage_healed":0,"gold_gain":0,"player_choice":"Obtained Relic","damage_taken":0,"relics_obtained":["War Paint"],"max_hp_gain":0,"max_hp_loss":0,"event_name":"Addict","floor":24,"gold_loss":85},{"damage_healed":0,"gold_gain":0,"player_choice":"Max HP","damage_taken":0,"max_hp_gain":0,"max_hp_loss":4,"event_name":"Winding Halls","floor":36,"gold_loss":0},{"damage_healed":0,"gold_gain":0,"player_choice":"Fight","damage_taken":0,"max_hp_gain":0,"max_hp_loss":0,"event_name":"MindBloom","floor":37,"gold_loss":0},{"damage_healed":0,"gold_gain":0,"player_choice":"Ignored","damage_taken":0,"max_hp_gain":0,"max_hp_loss":0,"event_name":"Mysterious Sphere","floor":47,"gold_loss":0}],"is_beta":false,"boss_relics":[{"not_picked":["White Beast Statue","Cursed Key"],"picked":"Sozu"},{"not_picked":["Black Star","WristBlade"],"picked":"Orrery"}],"items_purged_floors":[29,46],"is_endless":false,"potions_floor_spawned":[1,7,18,22,31,33,35,37,45],"ascension_level":18}