{"gold_per_floor":[114,64,64,74,74,99,99,114,186,213,213,224,244,274,274,378,378,397,416,416,416,416],"floor_reached":22,"playtime":671,"items_purged":[],"score":285,"play_id":"216c9ba0-dc8d-41ff-b5ea-f355f1552fa2","local_time":"20190427201014","is_ascension_mode":true,"campfire_choices":[{"data":"Zap","floor":7,"key":"SMITH"},{"floor":11,"key":"REST"},{"floor":15,"key":"REST"}],"neow_cost":"NONE","seed_source_timestamp":268742026933400,"circlet_count":0,"master_deck":["Strike_B","Strike_B","Defend_B","Defend_B","Zap+1","Dualcast","Ball Lightning","Reinforced Body","Consume","Loop","Electrodynamics","Self Repair+1","Seek+1","Creative AI+1","Loop"],"relics":["Cracked Core","NeowsBlessing","Boot","Cables","Odd Mushroom","Astrolabe"],"potions_floor_usage":[10,16,19],"damage_taken":[{"damage":0,"enemies":"Small Slimes","floor":1,"turns":1},{"damage":0,"enemies":"Cultist","floor":4,"turns":1},{"damage":0,"enemies":"Lagavulin","floor":6,"turns":2},{"damage":7,"enemies":"Jaw Worm","floor":8,"turns":2},{"damage":15,"enemies":"Gremlin Nob","floor":10,"turns":3},{"damage":10,"enemies":"3 Louse","floor":12,"turns":2},{"damage":16,"enemies":"Gremlin Gang","floor":13,"turns":3},{"damage":5,"enemies":"The Mushroom Lair","floor":14,"turns":3},{"damage":46,"enemies":"Hexaghost","floor":16,"turns":8},{"damage":28,"enemies":"2 Thieves","floor":18,"turns":3},{"damage":28,"enemies":"Chosen","floor":19,"turns":5},{"damage":16,"enemies":"Snake Plant","floor":22,"turns":1}],"seed_played":"-8264187637776404199","potions_obtained":[{"floor":1,"key":"Dexterity Potion"},{"floor":8,"key":"Energy Potion"},{"floor":14,"key":"SpeedPotion"},{"floor":18,"key":"FearPotion"}],"is_trial":false,"path_per_floor":["M","?","$","M","?","E","R","M","T","E","R","M","M","?","R","B",null,"M","M","?","?","M"],"character_chosen":"DEFECT","items_purchased":[],"campfire_rested":2,"item_purchase_floors":[],"current_hp_per_floor":[68,68,68,68,61,61,61,54,54,39,61,51,35,30,52,6,58,30,12,12,12,0],"gold":416,"neow_bonus":"THREE_ENEMY_KILL","is_prod":false,"is_daily":false,"chose_seed":false,"campfire_upgraded":1,"win_rate":0,"timestamp":1556410214,"path_taken":["M","?","$","M","?","E","R","M","T","E","R","M","?","?","R","BOSS","M","M","?","?","M"],"build_version":"2019-01-23","purchased_purges":0,"victory":false,"max_hp_per_floor":[75,75,75,75,75,75,75,75,75,75,75,75,75,75,75,75,75,75,75,75,75,75],"card_choices":[{"not_picked":["Heatsinks","Reprogram"],"picked":"Sunder","floor":1},{"not_picked":["Scrape","Reprogram","Force Field"],"picked":"SKIP","floor":4},{"not_picked":["Sunder","Leap"],"picked":"Ball Lightning","floor":6},{"not_picked":["Rebound","Go for the Eyes","Hologram"],"picked":"SKIP","floor":8},{"not_picked":["Darkness","Ball Lightning","Turbo"],"picked":"SKIP","floor":10},{"not_picked":["Steam","Redo"],"picked":"Reinforced Body","floor":12},{"not_picked":["Steam","Melter"],"picked":"Consume","floor":13},{"not_picked":["Chaos","Streamline"],"picked":"Loop","floor":14},{"not_picked":["All For One","Amplify"],"picked":"Electrodynamics","floor":16},{"not_picked":["Barrage","Redo"],"picked":"Loop","floor":18},{"not_picked":["Turbo+1","Consume","Heatsinks+1"],"picked":"SKIP","floor":19}],"player_experience":210452,"relics_obtained":[{"floor":6,"key":"Boot"},{"floor":10,"key":"Cables"},{"floor":14,"key":"Odd Mushroom"}],"event_choices":[{"cards_removed":["Strike_B"],"damage_healed":0,"gold_gain":0,"player_choice":"Card Removal","damage_taken":0,"max_hp_gain":0,"max_hp_loss":0,"event_name":"The Cleric","floor":2,"gold_loss":50},{"damage_healed":0,"gold_gain":0,"player_choice":"Damaged","damage_taken":7,"max_hp_gain":0,"max_hp_loss":0,"event_name":"Wheel of Change","floor":5,"gold_loss":0},{"damage_healed":0,"gold_gain":0,"player_choice":"Fought Mushrooms","damage_taken":0,"max_hp_gain":0,"max_hp_loss":0,"event_name":"Mushrooms","floor":14,"gold_loss":0},{"cards_removed":["Sunder"],"damage_healed":0,"gold_gain":0,"player_choice":"Elegance","damage_taken":0,"max_hp_gain":0,"max_hp_loss":0,"event_name":"Back to Basics","floor":20,"gold_loss":0},{"damage_healed":0,"gold_gain":0,"player_choice":"Ignored","damage_taken":0,"max_hp_gain":0,"max_hp_loss":0,"event_name":"Ghosts","floor":21,"gold_loss":0}],"is_beta":false,"boss_relics":[{"not_picked":["Coffee Dripper","Ectoplasm"],"picked":"Astrolabe"}],"items_purged_floors":[],"is_endless":false,"potions_floor_spawned":[1,8,14,18],"killed_by":"Snake Plant","ascension_level":6}