{"gold_per_floor":[117,129,147,48,68,68,96,113,166,166,184,196,213,213,213,291,291,310,327,327,347,365,365,365],"floor_reached":24,"playtime":1730,"items_purged":["Strike_G"],"score":423,"play_id":"755b2928-46c1-4c80-8cab-41c8cc5f092f","local_time":"20181112161158","is_ascension_mode":true,"campfire_choices":[{"data":"Neutralize","floor":6,"key":"SMITH"},{"floor":10,"key":"REST"},{"floor":15,"key":"REST"},{"floor":23,"key":"REST"}],"neow_cost":"NONE","seed_source_timestamp":683547225185891,"circlet_count":0,"master_deck":["AscendersBane","Defend_G","Defend_G","Defend_G","Defend_G","Defend_G","Survivor","Neutralize+1","Poisoned Stab","Escape Plan","Backstab","Poisoned Stab","Backflip","Backflip","Masterful Stab","Well Laid Plans","Bouncing Flask+1","Backstab","PiercingWail","Slice","Bullet Time","Crippling Poison+1","Bite","Bite","Bite","Bite","Bite","Dodge and Roll","PiercingWail+1"],"relics":["Ring of the Snake","Potion Belt","Orichalcum","Dream Catcher","Philosopher\u0027s Stone"],"potions_floor_usage":[7,16,16,18,21,24],"damage_taken":[{"damage":6,"enemies":"Cultist","floor":1,"turns":5},{"damage":1,"enemies":"2 Louse","floor":2,"turns":4},{"damage":3,"enemies":"Jaw Worm","floor":3,"turns":4},{"damage":1,"enemies":"2 Fungi Beasts","floor":5,"turns":4},{"damage":17,"enemies":"3 Sentries","floor":7,"turns":8},{"damage":6,"enemies":"3 Louse","floor":8,"turns":4},{"damage":3,"enemies":"Looter","floor":11,"turns":3},{"damage":4,"enemies":"Lots of Slimes","floor":12,"turns":4},{"damage":2,"enemies":"Large Slime","floor":13,"turns":6},{"damage":25,"enemies":"Slime Boss","floor":16,"turns":9},{"damage":26,"enemies":"Shell Parasite","floor":18,"turns":4},{"damage":2,"enemies":"Spheric Guardian","floor":19,"turns":3},{"damage":32,"enemies":"Shelled Parasite and Fungi","floor":21,"turns":6},{"damage":6,"enemies":"Snake Plant","floor":22,"turns":4},{"damage":28,"enemies":"Book of Stabbing","floor":24,"turns":2}],"seed_played":"147566207393457534","potions_obtained":[{"floor":5,"key":"Explosive Potion"},{"floor":11,"key":"SkillPotion"},{"floor":12,"key":"Dexterity Potion"},{"floor":13,"key":"Explosive Potion"},{"floor":16,"key":"SteroidPotion"},{"floor":19,"key":"Poison Potion"},{"floor":21,"key":"SneckoOil"}],"is_trial":false,"path_per_floor":["M","M","M","$","M","R","E","M","T","R","M","M","M","?","R","B",null,"M","M","?","M","M","R","E"],"character_chosen":"THE_SILENT","items_purchased":["Poisoned Stab"],"campfire_rested":3,"item_purchase_floors":[4],"current_hp_per_floor":[53,52,49,49,48,48,31,25,25,44,41,37,35,35,54,29,57,31,29,29,7,11,24,0],"gold":365,"neow_bonus":"RANDOM_COMMON_RELIC","is_prod":false,"is_daily":false,"chose_seed":false,"campfire_upgraded":1,"win_rate":0,"timestamp":1542057118,"path_taken":["M","?","?","?","M","R","E","M","T","R","M","M","M","?","R","BOSS","M","M","?","M","M","R","E"],"build_version":"2018-11-08","purchased_purges":1,"victory":false,"max_hp_per_floor":[66,66,66,66,66,66,66,66,66,66,66,66,66,66,66,66,66,66,66,46,46,46,46,46],"card_choices":[{"not_picked":["Deflect","Dagger Throw"],"picked":"Poisoned Stab","floor":1},{"not_picked":["Endless Agony","Acrobatics"],"picked":"Escape Plan","floor":2},{"not_picked":["Dodge and Roll","Accuracy"],"picked":"Backstab","floor":3},{"not_picked":["Cloak And Dagger","Reflex"],"picked":"Backflip","floor":5},{"not_picked":["Poisoned Stab","Riddle With Holes"],"picked":"Backflip","floor":7},{"not_picked":["Skewer","Terror"],"picked":"Masterful Stab","floor":8},{"not_picked":["Cloak And Dagger","Night Terror"],"picked":"Well Laid Plans","floor":10},{"not_picked":["Sucker Punch","Escape Plan"],"picked":"Bouncing Flask","floor":11},{"not_picked":["Bane","Dash"],"picked":"Backstab","floor":12},{"not_picked":["Slice","Deflect"],"picked":"PiercingWail","floor":13},{"not_picked":["Well Laid Plans","Outmaneuver"],"picked":"Slice","floor":15},{"not_picked":["Adrenaline","Burst"],"picked":"Bullet Time","floor":16},{"not_picked":["Slice","Bane"],"picked":"Crippling Poison+1","floor":18},{"not_picked":["Dodge and Roll","Underhanded Strike","Choke"],"picked":"SKIP","floor":19},{"not_picked":["Poisoned Stab","Skewer"],"picked":"Dodge and Roll","floor":21},{"not_picked":["Backflip","Deflect"],"picked":"PiercingWail+1","floor":22}],"player_experience":2244602,"relics_obtained":[{"floor":7,"key":"Orichalcum"},{"floor":9,"key":"Dream Catcher"}],"event_choices":[{"damage_healed":0,"gold_gain":0,"player_choice":"Grow","damage_taken":0,"max_hp_gain":0,"max_hp_loss":0,"event_name":"Living Wall","floor":14,"gold_loss":0,"cards_upgraded":["Bouncing Flask"]},{"damage_healed":0,"gold_gain":0,"player_choice":"Became a vampire","damage_taken":0,"max_hp_gain":0,"max_hp_loss":20,"event_name":"Vampires","floor":20,"gold_loss":0,"cards_obtained":["Bite","Bite","Bite","Bite","Bite"]}],"is_beta":false,"boss_relics":[{"not_picked":["Sozu","WristBlade"],"picked":"Philosopher\u0027s Stone"}],"items_purged_floors":[4],"is_endless":false,"potions_floor_spawned":[5,11,12,13,16,19,21],"killed_by":"Book of Stabbing","ascension_level":19}