{"path_per_floor":["M","?","$","?","M","R","M","M","T","R","M","R","M","M","R","B",null,"M","?","M","?","?","R","M","M","T","M","$","R","M","T","R","B",null,"M","M","M","?","M","R","M","M","T","R","$","M","M","M","R","B"],"character_chosen":"THE_SILENT","items_purchased":["Footwork","Bird Faced Urn","Oddly Smooth Stone","Footwork","Mind Blast"],"gold_per_floor":[215,215,59,59,77,77,95,105,132,132,146,146,159,169,169,267,267,277,192,209,209,209,209,223,237,537,547,156,156,174,198,198,299,299,318,330,342,342,352,352,365,375,375,375,39,52,72,92,92,92],"floor_reached":51,"campfire_rested":0,"playtime":5936,"current_hp_per_floor":[68,68,68,61,61,61,61,61,61,61,61,61,60,60,60,60,70,70,70,70,70,70,70,70,67,67,67,67,67,66,66,66,28,70,70,70,55,55,63,63,70,48,48,48,48,64,70,59,59,38],"items_purged":["Strike_G","Strike_G"],"gold":92,"score":499,"play_id":"8bfeed5b-5689-44a2-9ee9-0abf70bce402","is_prod":false,"is_daily":false,"is_ascension_mode":false,"campfire_upgraded":10,"path_taken":["M","?","$","?","M","R","M","M","T","R","M","R","M","?","R","BOSS","M","?","M","?","?","R","M","M","T","M","$","R","M","?","R","BOSS","M","M","?","?","M","R","M","M","T","R","$","M","M","M","R","BOSS"],"build_version":"2018-02-15-PROD1","purchased_purges":2,"victory":true,"master_deck":["Defend_G","Defend_G","Defend_G","Defend_G","Defend_G","Strike_G","Survivor","Neutralize+1","Dagger Spray+1","Escape Plan","Footwork+1","Acrobatics","Backflip","Malaise+1","Adrenaline","Terror+1","Bouncing Flask+1","Tools of the Trade","Prepared","Noxious Fumes+1","Adrenaline","Caltrops+1","Well Laid Plans","Noxious Fumes+1","Backflip+1","Envenom+1","Footwork+1","Mind Blast","Bane+1"],"max_hp_per_floor":[70,70,70,70,70,70,70,70,70,70,70,70,70,70,70,70,70,70,70,70,70,70,70,70,70,70,70,70,70,70,70,70,70,70,70,70,70,70,70,70,70,70,70,70,70,70,70,70,70,70],"relics":["Ring of the Snake","Pen Nib","Sozu","Ginger","Nloth\u0027s Gift","Old Coin","Bird Faced Urn","Ancient Tea Set","Cursed Key","Oddly Smooth Stone"],"card_choices":[{"not_picked":["Heel Hook","Dash"],"picked":"Dagger Spray"},{"not_picked":["Sucker Punch","Bane"],"picked":"Acrobatics"},{"not_picked":["Cloak And Dagger","Backstab"],"picked":"Backflip"},{"not_picked":["Well Laid Plans","Slice"],"picked":"Malaise"},{"not_picked":["Tactician","Doppelganger"],"picked":"Adrenaline"},{"not_picked":["Riddle With Holes","Backstab"],"picked":"Terror"},{"not_picked":["Dagger Spray","Underhanded Strike"],"picked":"Bouncing Flask"},{"not_picked":["Masterful Stab","Slice"],"picked":"Tools of the Trade"},{"not_picked":["Outmaneuver","Dagger Throw"],"picked":"Prepared"},{"not_picked":["Bullet Time","Flechettes"],"picked":"Noxious Fumes"},{"not_picked":["Glass Knife","Tactician"],"picked":"Adrenaline"},{"not_picked":["Poisoned Stab","Accuracy"],"picked":"Caltrops"},{"not_picked":["Accuracy","Dodge and Roll"],"picked":"Well Laid Plans"},{"not_picked":["Flying Knee","Prepared"],"picked":"Noxious Fumes"},{"not_picked":["Noxious Fumes","Cloak And Dagger"],"picked":"Backflip"},{"not_picked":["Underhanded Strike","Backstab"],"picked":"Envenom"},{"not_picked":["Prepared","Flying Knee"],"picked":"Bane"}],"player_experience":773481,"potions_floor_usage":[16,16,16],"damage_taken":[{"damage":2,"enemies":"Jaw Worm","floor":1,"turns":8},{"damage":0,"enemies":"Cultist","floor":5,"turns":5},{"damage":0,"enemies":"Small Slimes","floor":7,"turns":4},{"damage":0,"enemies":"3 Louse","floor":8,"turns":3},{"damage":0,"enemies":"Red Slaver","floor":11,"turns":6},{"damage":1,"enemies":"2 Fungi Beasts","floor":13,"turns":3},{"damage":0,"enemies":"Blue Slaver","floor":14,"turns":4},{"damage":0,"enemies":"The Guardian","floor":16,"turns":14},{"damage":0,"enemies":"3 Byrds","floor":18,"turns":5},{"damage":0,"enemies":"Chosen","floor":20,"turns":4},{"damage":0,"enemies":"Snake Plant","floor":24,"turns":6},{"damage":3,"enemies":"Snecko","floor":25,"turns":6},{"damage":0,"enemies":"Centurion and Healer","floor":27,"turns":6},{"damage":5,"enemies":"3 Cultists","floor":30,"turns":5},{"damage":42,"enemies":"Collector","floor":33,"turns":10},{"damage":0,"enemies":"3 Shapes","floor":35,"turns":6},{"damage":3,"enemies":"Orb Walker","floor":36,"turns":4},{"damage":17,"enemies":"3 Darklings","floor":37,"turns":4},{"damage":2,"enemies":"Sphere and 2 Shapes","floor":39,"turns":5},{"damage":0,"enemies":"Maw","floor":41,"turns":6},{"damage":28,"enemies":"4 Shapes","floor":42,"turns":4},{"damage":0,"enemies":"3 Darklings","floor":46,"turns":4},{"damage":0,"enemies":"Maw","floor":47,"turns":6},{"damage":15,"enemies":"4 Shapes","floor":48,"turns":4},{"damage":37,"enemies":"Donu and Deca","floor":50,"turns":9}],"event_choices":[{"event_name":"Transmorgrifier","player_choice":"Transform","floor":2,"damage_taken":0},{"event_name":"Scrap Ooze","player_choice":"success","floor":4,"damage_taken":7},{"event_name":"Addict","player_choice":"Obtained Relic","floor":19,"damage_taken":0},{"event_name":"N\u0027loth","player_choice":"Traded a Orichalcum","floor":21,"damage_taken":0},{"event_name":"Vampires","player_choice":"Ignored","floor":22,"damage_taken":0},{"event_name":"Purifier","player_choice":"One Purge","floor":38,"damage_taken":0}],"boss_relics":[{"not_picked":["Philosopher\u0027s Stone","Snecko Eye"],"picked":"Sozu"},{"not_picked":["Runic Pyramid","White Beast Statue"],"picked":"Cursed Key"}],"potions_floor_spawned":[1,5,8,14,16,20,24,30,33,36,37,39,46,48],"seed_played":"-3096434551264000609","ascension_level":0,"is_trial":false}