{"path_per_floor":["M","M","?","M","?","R","E","M","T","R","M","M","R","M","R","B",null,"M","?","M","T","M","R","M","$","T","$","R","M","?","M","R"],"character_chosen":"THE_SILENT","items_purchased":["Frozen Egg 2","Deadly Poison","Backflip"],"gold_per_floor":[117,131,131,150,150,150,189,203,229,229,253,271,271,290,290,413,413,438,438,463,463,484,484,503,154,154,27,27,51,51,70,70],"floor_reached":33,"campfire_rested":2,"playtime":4002,"current_hp_per_floor":[62,62,55,47,47,47,36,36,36,59,59,59,59,48,48,5,61,73,73,51,51,46,54,48,48,48,48,56,50,50,19,51],"items_purged":["Parasite","Strike_G"],"gold":70,"score":415,"play_id":"69a983b9-c3b6-4ffa-b435-025863c3e437","is_prod":false,"is_daily":false,"is_ascension_mode":true,"campfire_upgraded":5,"path_taken":["M","M","?","M","?","R","E","M","T","R","?","M","R","?","R","BOSS","M","?","?","?","M","R","M","$","T","$","R","M","?","?","R","BOSS"],"build_version":"2018-02-12-PROD1","purchased_purges":2,"victory":false,"master_deck":["Defend_G","Defend_G","Defend_G","Defend_G","Defend_G","Strike_G","Strike_G","Strike_G","Survivor","Neutralize+1","Skewer","Backflip","Backflip","Footwork+1","Deadly Poison+1","Blur","Burst","Dagger Spray+1","PiercingWail","Calculated Gamble","Backflip","Deadly Poison+1","Backflip","Acrobatics+1","Doppelganger","Die Die Die"],"max_hp_per_floor":[70,70,70,70,65,65,79,79,79,79,79,79,79,79,79,79,79,79,79,79,79,79,79,79,76,76,76,76,76,76,76,76],"relics":["Ring of the Snake","Lantern","Golden Idol","Mango","Anchor","Eternal Feather","Girya","Frozen Egg 2","Ninja Scroll"],"card_choices":[{"not_picked":["Reflex","Dodge and Roll"],"picked":"Skewer"},{"not_picked":["Deflect","Slice"],"picked":"Backflip"},{"not_picked":["Flechettes","Malaise"],"picked":"Backflip"},{"not_picked":["Slice","PiercingWail"],"picked":"Footwork"},{"not_picked":["Caltrops","Calculated Gamble"],"picked":"Deadly Poison"},{"not_picked":["Acrobatics","Outmaneuver"],"picked":"Blur"},{"not_picked":["Slice","Masterful Stab"],"picked":"Burst"},{"not_picked":["Poisoned Stab","Underhanded Strike"],"picked":"Dagger Spray"},{"not_picked":["All Out Attack","Flying Knee"],"picked":"PiercingWail"},{"not_picked":["Skewer","Dagger Throw"],"picked":"Calculated Gamble"},{"not_picked":["Deflect","PiercingWail"],"picked":"Acrobatics"},{"not_picked":["PiercingWail","Dodge and Roll"],"picked":"Die Die Die"}],"player_experience":721273,"potions_floor_usage":[7,12,16,16,18,29,29,33],"damage_taken":[{"damage":1,"enemies":"Cultist","floor":1,"turns":4},{"damage":0,"enemies":"Jaw Worm","floor":2,"turns":5},{"damage":8,"enemies":"2 Louse","floor":4,"turns":3},{"damage":25,"enemies":"3 Sentries","floor":7,"turns":10},{"damage":0,"enemies":"Large Slime","floor":8,"turns":7},{"damage":0,"enemies":"Red Slaver","floor":11,"turns":5},{"damage":0,"enemies":"Lots of Slimes","floor":12,"turns":3},{"damage":11,"enemies":"Exordium Wildlife","floor":14,"turns":5},{"damage":43,"enemies":"Slime Boss","floor":16,"turns":23},{"damage":0,"enemies":"3 Byrds","floor":18,"turns":7},{"damage":22,"enemies":"Chosen","floor":20,"turns":11},{"damage":5,"enemies":"Centurion and Healer","floor":22,"turns":24},{"damage":6,"enemies":"Snake Plant","floor":24,"turns":6},{"damage":6,"enemies":"3 Cultists","floor":29,"turns":6},{"damage":31,"enemies":"Cultist and Chosen","floor":31,"turns":9},{"damage":52,"enemies":"Collector","floor":33,"turns":5}],"event_choices":[{"event_name":"Scrap Ooze","player_choice":"success","floor":3,"damage_taken":7},{"event_name":"Golden Idol","player_choice":"Lose Max HP","floor":5,"damage_taken":0},{"event_name":"The Library","player_choice":"Read","floor":19,"damage_taken":0},{"event_name":"Transmorgrifier","player_choice":"Transform","floor":30,"damage_taken":0}],"boss_relics":[{"not_picked":["Velvet Choker","Snecko Eye"],"picked":"Eternal Feather"}],"potions_floor_spawned":[2,8,12,14,16,20,24,31],"seed_played":"5930054719803765586","killed_by":"Collector","ascension_level":11,"is_trial":false}