{"gold_per_floor":[113,132,132,207,23,23,36,69,147,147,181,181,198,230,230,331,331,346,271,271,238,238,238,238,12,35,35,364,364,393,393,393,492,492,508,526,526,526,526,557,557,557,557,572,591,606,606,619,619,619,619,619,46,46],"floor_reached":54,"playtime":4862,"items_purged":["Defend_B","Defend_B"],"score":994,"play_id":"89b31834-6df3-43cb-9c2f-66cb00945f26","local_time":"20181205110139","is_ascension_mode":true,"campfire_choices":[{"floor":6,"key":"REST"},{"floor":10,"key":"REST"},{"floor":12,"key":"REST"},{"floor":15,"key":"REST"},{"data":"Creative AI","floor":24,"key":"SMITH"},{"floor":27,"key":"REST"},{"data":"Reboot","floor":29,"key":"SMITH"},{"floor":32,"key":"REST"},{"data":"Defragment","floor":41,"key":"SMITH"},{"floor":47,"key":"REST"},{"floor":49,"key":"RECALL"},{"floor":52,"key":"REST"}],"neow_cost":"TEN_PERCENT_HP_LOSS","seed_source_timestamp":1855322185970135,"circlet_count":0,"master_deck":["Defend_B","Zap","Dualcast","Creative AI","Hologram","Stack","BootSequence","Genetic Algorithm+1","Loop","Creative AI+1","Consume","Ball Lightning","Glacier+1","Reboot+1","Auto Shields","Redo+1","Echo Form","Leap","Streamline+1","Reboot","Biased Cognition","Conserve Battery+1","Blizzard","Master of Strategy","Defragment+1","Loop+1","Stack+1","Redo+1","Reinforced Body","Apotheosis","Good Instincts"],"relics":["Cracked Core","Bag of Preparation","Bag of Marbles","Bottled Flame","Centennial Puzzle","War Paint","Sozu","Omamori","Bronze Scales","Old Coin","Red Mask","Philosopher\u0027s Stone","Shuriken","Blue Candle","Darkstone Periapt","Medical Kit"],"potions_floor_usage":[8,11,18,28],"damage_taken":[{"damage":9,"enemies":"2 Louse","floor":1,"turns":3},{"damage":14,"enemies":"Jaw Worm","floor":2,"turns":6},{"damage":4,"enemies":"Small Slimes","floor":7,"turns":6},{"damage":22,"enemies":"Lagavulin","floor":8,"turns":6},{"damage":24,"enemies":"Gremlin Nob","floor":11,"turns":5},{"damage":6,"enemies":"Looter","floor":13,"turns":3},{"damage":40,"enemies":"3 Sentries","floor":14,"turns":6},{"damage":20,"enemies":"The Guardian","floor":16,"turns":13},{"damage":15,"enemies":"Spheric Guardian","floor":18,"turns":7},{"damage":12,"enemies":"2 Thieves","floor":21,"turns":5},{"damage":33,"enemies":"Gremlin Leader","floor":28,"turns":9},{"damage":12,"enemies":"Masked Bandits","floor":30,"turns":4},{"damage":21,"enemies":"Automaton","floor":33,"turns":12},{"damage":22,"enemies":"3 Darklings","floor":35,"turns":5},{"damage":1,"enemies":"3 Shapes","floor":36,"turns":6},{"damage":0,"enemies":"Giant Head","floor":40,"turns":10},{"damage":8,"enemies":"Transient","floor":44,"turns":5},{"damage":7,"enemies":"Spire Growth","floor":45,"turns":8},{"damage":30,"enemies":"4 Shapes","floor":46,"turns":5},{"damage":8,"enemies":"Jaw Worm Horde","floor":48,"turns":5},{"damage":11,"enemies":"Time Eater","floor":50,"turns":15},{"damage":69,"enemies":"Shield and Spear","floor":54,"turns":3}],"seed_played":"6473604401559280558","potions_obtained":[{"floor":1,"key":"Regen Potion"},{"floor":2,"key":"Explosive Potion"},{"floor":7,"key":"Strength Potion"},{"floor":16,"key":"Energy Potion"}],"is_trial":false,"path_per_floor":["M","M","?","?","$","R","M","E","T","R","E","R","M","E","R","B",null,"M","?","?","M","?","?","R","$","T","R","E","R","?","?","R","B",null,"M","M","?","?","?","E","R","T","T","M","M","M","R","M","R","B",null,"R","$","E"],"character_chosen":"DEFECT","items_purchased":["Bag of Preparation","Genetic Algorithm","Bronze Scales","Apotheosis","Medical Kit","Good Instincts"],"campfire_rested":8,"item_purchase_floors":[5,5,25,53,53,53],"current_hp_per_floor":[59,45,45,34,34,54,50,43,43,63,39,59,53,13,33,13,54,39,39,61,49,49,49,49,49,49,68,35,35,23,23,43,22,57,35,34,34,34,51,51,51,51,51,43,36,6,26,18,18,7,53,68,68,0],"gold":46,"neow_bonus":"THREE_RARE_CARDS","is_prod":false,"is_daily":false,"chose_seed":false,"campfire_upgraded":3,"win_rate":0,"timestamp":1544025699,"path_taken":["M","M","?","?","$","R","M","E","T","R","E","R","?","E","R","BOSS","M","?","?","M","?","?","R","$","T","R","E","R","?","?","R","BOSS","M","?","?","?","?","E","R","?","T","M","M","?","R","M","R","BOSS","R","$","E"],"build_version":"2018-11-15","purchased_purges":2,"victory":false,"max_hp_per_floor":[68,68,68,68,68,68,68,68,68,68,68,68,68,68,68,68,68,68,68,68,68,68,68,68,68,68,68,68,68,68,68,68,68,68,68,68,68,68,68,68,68,68,68,68,68,68,68,68,68,68,68,68,68,68],"card_choices":[{"not_picked":["All For One","Rainbow"],"picked":"Creative AI","floor":0},{"not_picked":["Consume","Beam Cell"],"picked":"Hologram","floor":1},{"not_picked":["Turbo","Auto Shields"],"picked":"Stack","floor":2},{"not_picked":["Stack","Rebound"],"picked":"Loop","floor":7},{"not_picked":["Thunder Strike","Multi-Cast"],"picked":"Creative AI","floor":8},{"not_picked":["FTL","Reprogram"],"picked":"Consume","floor":11},{"not_picked":["Hologram","Streamline"],"picked":"Ball Lightning","floor":13},{"not_picked":["Multi-Cast","Ball Lightning"],"picked":"Glacier","floor":14},{"not_picked":["Rainbow","Hyperbeam"],"picked":"Reboot","floor":16},{"not_picked":["Barrage","Steam"],"picked":"Auto Shields","floor":18},{"not_picked":["Hologram","Heatsinks+1"],"picked":"Redo+1","floor":21},{"not_picked":["Capacitor","Ball Lightning"],"picked":"Streamline+1","floor":28},{"not_picked":["Go for the Eyes","Cold Snap"],"picked":"Reboot","floor":30},{"not_picked":["Electrodynamics","Meteor Strike"],"picked":"Biased Cognition","floor":33},{"not_picked":["Hello World","Melter"],"picked":"Conserve Battery+1","floor":35},{"not_picked":["Steam+1","Leap"],"picked":"Blizzard","floor":36},{"not_picked":["Flash of Steel","Transmutation"],"picked":"Master of Strategy","floor":37},{"not_picked":["Double Energy","Steam Power+1"],"picked":"Defragment","floor":40},{"not_picked":["Ball Lightning+1","Rebound"],"picked":"Loop+1","floor":44},{"not_picked":["Redo","Blizzard+1"],"picked":"Stack+1","floor":45},{"not_picked":["Conserve Battery","Undo+1"],"picked":"Redo+1","floor":46},{"not_picked":["Streamline","Steam"],"picked":"Reinforced Body","floor":48}],"player_experience":2656488,"relics_obtained":[{"floor":8,"key":"Bag of Marbles"},{"floor":9,"key":"Bottled Flame"},{"floor":11,"key":"Centennial Puzzle"},{"floor":14,"key":"War Paint"},{"floor":28,"key":"Old Coin"},{"floor":30,"key":"Red Mask"},{"floor":40,"key":"Shuriken"},{"floor":42,"key":"Blue Candle"},{"floor":43,"key":"Darkstone Periapt"}],"event_choices":[{"damage_healed":0,"gold_gain":0,"cards_transformed":["Strike_B"],"player_choice":"Change","damage_taken":0,"max_hp_gain":0,"max_hp_loss":0,"event_name":"Living Wall","floor":3,"gold_loss":0,"cards_obtained":["BootSequence"]},{"damage_healed":0,"gold_gain":75,"player_choice":"Gather Gold","damage_taken":11,"max_hp_gain":0,"max_hp_loss":0,"event_name":"World of Goop","floor":4,"gold_loss":0},{"cards_removed":["Strike_B"],"damage_healed":0,"gold_gain":0,"player_choice":"Gave Gold","damage_taken":0,"max_hp_gain":0,"max_hp_loss":0,"event_name":"Beggar","floor":19,"gold_loss":75},{"damage_healed":22,"gold_gain":0,"player_choice":"Heal","damage_taken":0,"max_hp_gain":0,"max_hp_loss":0,"event_name":"The Library","floor":20,"gold_loss":0},{"damage_healed":0,"gold_gain":0,"player_choice":"Opened","damage_taken":0,"relics_obtained":["Omamori"],"max_hp_gain":0,"max_hp_loss":0,"event_name":"The Mausoleum","floor":22,"gold_loss":0},{"damage_healed":0,"gold_gain":0,"cards_transformed":["Strike_B","Strike_B"],"player_choice":"Became Test Subject","damage_taken":0,"max_hp_gain":0,"max_hp_loss":0,"event_name":"Drug Dealer","floor":23,"gold_loss":0,"cards_obtained":["Echo Form","Leap"]},{"damage_healed":0,"gold_gain":0,"player_choice":"Fought Bandits","damage_taken":0,"max_hp_gain":0,"max_hp_loss":0,"event_name":"Masked Bandits","floor":30,"gold_loss":0},{"cards_removed":["Defend_B"],"damage_healed":0,"gold_gain":0,"player_choice":"Purged","damage_taken":0,"max_hp_gain":0,"max_hp_loss":0,"event_name":"Purifier","floor":31,"gold_loss":0},{"damage_healed":0,"gold_gain":0,"player_choice":"Memory 1","damage_taken":0,"max_hp_gain":0,"max_hp_loss":0,"event_name":"SensoryStone","floor":37,"gold_loss":0},{"damage_healed":0,"gold_gain":0,"player_choice":"Ignored","damage_taken":0,"max_hp_gain":0,"max_hp_loss":0,"event_name":"Mysterious Sphere","floor":38,"gold_loss":0},{"damage_healed":17,"gold_gain":0,"player_choice":"Writhe","damage_taken":0,"max_hp_gain":0,"max_hp_loss":0,"event_name":"Winding Halls","floor":39,"gold_loss":0,"cards_obtained":["Writhe"]}],"is_beta":false,"boss_relics":[{"not_picked":["Inserter","Coffee Dripper"],"picked":"Sozu"},{"not_picked":["Calling Bell","Fusion Hammer"],"picked":"Philosopher\u0027s Stone"}],"items_purged_floors":[25,53],"is_endless":false,"potions_floor_spawned":[1,2,7,16,28,35,36],"killed_by":"Shield and Spear","ascension_level":7}