{"gold_per_floor":[114,30,30,45,60,90,90,105,130,145,160,190,190,205,205,305,305,320,33,48,48,63,93,93,12,62,62,77,107,122,122,122,222,222,237,337,337,337,74,74,104,131,131,161,161,161,11,26,26,26],"floor_reached":51,"playtime":5541,"items_purged":[],"score":753,"play_id":"ada9c286-93bc-4a91-aabe-f5b972f6d0b5","local_time":"20190507020614","daily_mods":["Draft","Green Cards","Binary"],"is_ascension_mode":false,"campfire_choices":[{"data":"Hello World","floor":7,"key":"SMITH"},{"data":"Loop","floor":15,"key":"SMITH"},{"data":"Noxious Fumes","floor":24,"key":"SMITH"},{"data":"Envenom","floor":27,"key":"SMITH"},{"data":"Well Laid Plans","floor":32,"key":"SMITH"},{"data":"Consume","floor":40,"key":"SMITH"},{"floor":45,"key":"REST"},{"data":"1","floor":49,"key":"LIFT"}],"neow_cost":"","seed_source_timestamp":2348356692802381,"circlet_count":0,"master_deck":["Predator","Leap","Self Repair","Backflip","Conserve Battery","Sucker Punch","Hello World+1","Skim","Cold Snap","Backflip","Genetic Algorithm","Self Repair","Loop+1","Conserve Battery","PiercingWail","Dash+1","Coolheaded","Electrodynamics","Steam","Double Energy","BootSequence","Envenom+1","Footwork+1","Noxious Fumes+1","Well Laid Plans+1","Outmaneuver","Echo Form","Loop","Glacier+1","After Image","Capacitor","Consume+1","Glacier+1"],"special_seed":18023,"relics":["Cracked Core","Question Card","Blood Vial","Oddly Smooth Stone","Letter Opener","Bag of Marbles","Art of War","Bronze Scales","Busted Crown","Dead Branch","PreservedInsect","Regal Pillow","Ginger","Pen Nib","Girya","Vajra"],"potions_floor_usage":[16,28,28,33,33,50,50,50],"damage_taken":[{"damage":4,"enemies":"Small Slimes","floor":1,"turns":5},{"damage":1,"enemies":"2 Louse","floor":4,"turns":3},{"damage":1,"enemies":"Cultist","floor":5,"turns":3},{"damage":17,"enemies":"3 Sentries","floor":6,"turns":7},{"damage":8,"enemies":"Lots of Slimes","floor":8,"turns":5},{"damage":11,"enemies":"3 Louse","floor":10,"turns":3},{"damage":5,"enemies":"Red Slaver","floor":11,"turns":5},{"damage":3,"enemies":"Lagavulin","floor":12,"turns":7},{"damage":0,"enemies":"Lots of Slimes","floor":14,"turns":3},{"damage":0,"enemies":"Hexaghost","floor":16,"turns":16},{"damage":10,"enemies":"Spheric Guardian","floor":18,"turns":5},{"damage":0,"enemies":"2 Thieves","floor":20,"turns":5},{"damage":13,"enemies":"Snecko","floor":22,"turns":6},{"damage":22,"enemies":"Gremlin Leader","floor":23,"turns":9},{"damage":3,"enemies":"3 Cultists","floor":28,"turns":5},{"damage":12,"enemies":"Book of Stabbing","floor":29,"turns":7},{"damage":14,"enemies":"Sentry and Sphere","floor":30,"turns":5},{"damage":2,"enemies":"Champ","floor":33,"turns":12},{"damage":8,"enemies":"3 Darklings","floor":35,"turns":5},{"damage":0,"enemies":"Mind Bloom Boss Battle","floor":36,"turns":7},{"damage":1,"enemies":"Nemesis","floor":41,"turns":9},{"damage":30,"enemies":"2 Orb Walkers","floor":42,"turns":5},{"damage":23,"enemies":"Giant Head","floor":44,"turns":9},{"damage":7,"enemies":"3 Shapes","floor":48,"turns":6},{"damage":18,"enemies":"Awakened One","floor":50,"turns":17}],"seed_played":"-4448055644271088173","potions_obtained":[{"floor":1,"key":"Dexterity Potion"},{"floor":6,"key":"Fire Potion"},{"floor":10,"key":"SmokeBomb"},{"floor":16,"key":"Regen Potion"},{"floor":22,"key":"Fire Potion"},{"floor":28,"key":"Strength Potion"},{"floor":30,"key":"FearPotion"},{"floor":35,"key":"Ancient Potion"},{"floor":36,"key":"LiquidBronze"}],"is_trial":false,"path_per_floor":["M","$","?","M","M","E","R","M","T","M","M","E","?","M","R","B",null,"M","$","M","?","M","E","R","$","T","R","M","E","M","?","R","B",null,"M","?","?","$","$","R","E","?","T","E","R","?","$","M","R","B",null],"character_chosen":"DEFECT","items_purchased":["PiercingWail","Dash","Noxious Fumes","Letter Opener","Loop","Capacitor","Consume","PreservedInsect","Vajra"],"campfire_rested":1,"item_purchase_floors":[2,2,19,19,25,39,39,39,47],"current_hp_per_floor":[75,75,75,75,75,65,65,71,71,62,73,75,75,75,75,75,75,72,72,74,74,75,67,67,67,67,67,75,75,61,61,61,75,75,75,75,75,75,75,75,75,52,52,52,75,75,75,75,75,71],"gold":26,"neow_bonus":"","is_prod":false,"is_daily":true,"chose_seed":false,"campfire_upgraded":6,"win_rate":0,"timestamp":1557209174,"path_taken":["M","$","?","M","M","E","R","M","T","M","M","E","?","?","R","BOSS","M","?","M","?","?","E","R","$","T","R","M","E","?","?","R","BOSS","M","?","?","?","$","R","E","?","T","E","R","?","$","M","R","BOSS"],"build_version":"2019-01-23","purchased_purges":0,"victory":true,"max_hp_per_floor":[75,75,75,75,75,75,75,75,75,75,75,75,75,75,75,75,75,75,75,75,75,75,75,75,75,75,75,75,75,75,75,75,75,75,75,75,75,75,75,75,75,75,75,75,75,75,75,75,75,75],"card_choices":[{"not_picked":["Endless Agony","Bane"],"picked":"Predator","floor":0},{"not_picked":["Rip and Tear","Eviscerate"],"picked":"Leap","floor":0},{"not_picked":["White Noise","Infinite Blades"],"picked":"Self Repair","floor":0},{"not_picked":["Deadly Poison","Underhanded Strike"],"picked":"Backflip","floor":0},{"not_picked":["Tempest","Sweeping Beam"],"picked":"Conserve Battery","floor":0},{"not_picked":["Beam Cell","Deflect"],"picked":"Sucker Punch","floor":0},{"not_picked":["Dagger Spray","Flying Knee"],"picked":"Hello World","floor":0},{"not_picked":["Rebound","Acrobatics"],"picked":"Underhanded Strike","floor":0},{"not_picked":["Beam Cell","Poisoned Stab"],"picked":"Skim","floor":0},{"not_picked":["Go for the Eyes","Caltrops"],"picked":"Cold Snap","floor":0},{"not_picked":["Bane","Stack"],"picked":"Backflip","floor":0},{"not_picked":["Coolheaded","Turbo"],"picked":"Genetic Algorithm","floor":0},{"not_picked":["Conserve Battery","Cold Snap"],"picked":"Self Repair","floor":0},{"not_picked":["Sweeping Beam","Poisoned Stab"],"picked":"Loop","floor":0},{"not_picked":["Rebound","Redo"],"picked":"Conserve Battery","floor":0},{"not_picked":["Turbo","Masterful Stab"],"picked":"SKIP","floor":1},{"not_picked":["Infinite Blades"],"picked":"Coolheaded","floor":4},{"not_picked":["Caltrops","Cold Snap"],"picked":"SKIP","floor":5},{"not_picked":["Dagger Throw","Fusion"],"picked":"SKIP","floor":6},{"not_picked":["Sucker Punch","Bane"],"picked":"Electrodynamics","floor":8},{"not_picked":["Setup","Conserve Battery"],"picked":"Steam","floor":10},{"not_picked":["Static Discharge","Acrobatics","Coolheaded"],"picked":"SKIP","floor":11},{"not_picked":["Heel Hook","Steam Power"],"picked":"Double Energy","floor":12},{"not_picked":["Steam Power","Terror"],"picked":"BootSequence","floor":14},{"not_picked":["Fission","Burst"],"picked":"Envenom","floor":16},{"not_picked":["Blizzard","BootSequence"],"picked":"Footwork+1","floor":18},{"not_picked":["Conserve Battery+1","Streamline"],"picked":"Well Laid Plans","floor":20},{"not_picked":["Expertise","Static Discharge","Skewer"],"picked":"SKIP","floor":22},{"not_picked":["Backflip","Well Laid Plans"],"picked":"Echo Form","floor":23},{"not_picked":["Compile Driver","Choke"],"picked":"Glacier+1","floor":28},{"not_picked":["Sweeping Beam","Streamline","Underhanded Strike+1"],"picked":"SKIP","floor":29},{"not_picked":["Hello World","Gash","Rip and Tear"],"picked":"SKIP","floor":30},{"not_picked":["Biased Cognition","Meteor Strike"],"picked":"After Image","floor":33},{"not_picked":["Rebound"],"picked":"SKIP","floor":35},{"not_picked":["Streamline"],"picked":"SKIP","floor":41},{"not_picked":["Sucker Punch"],"picked":"SKIP","floor":44},{"not_picked":[],"picked":"Glacier+1","floor":48}],"player_experience":3613003,"relics_obtained":[{"floor":6,"key":"Question Card"},{"floor":9,"key":"Blood Vial"},{"floor":12,"key":"Oddly Smooth Stone"},{"floor":23,"key":"Bag of Marbles"},{"floor":26,"key":"Art of War"},{"floor":29,"key":"Bronze Scales"},{"floor":36,"key":"Dead Branch"},{"floor":41,"key":"Regal Pillow"},{"floor":42,"key":"Ginger"},{"floor":43,"key":"Pen Nib"},{"floor":44,"key":"Girya"}],"event_choices":[{"damage_healed":0,"gold_gain":0,"player_choice":"Ignored","damage_taken":0,"max_hp_gain":0,"max_hp_loss":0,"event_name":"Liars Game","floor":3,"gold_loss":0},{"damage_healed":0,"gold_gain":0,"player_choice":"Upgraded","damage_taken":0,"max_hp_gain":0,"max_hp_loss":0,"event_name":"Upgrade Shrine","floor":13,"gold_loss":0,"cards_upgraded":["Dash"]},{"damage_healed":0,"gold_gain":0,"cards_transformed":["Underhanded Strike"],"player_choice":"Transformed","damage_taken":0,"max_hp_gain":0,"max_hp_loss":0,"event_name":"Transmorgrifier","floor":21,"gold_loss":0,"cards_obtained":["Outmaneuver"]},{"damage_healed":0,"gold_gain":0,"player_choice":"Ignored","damage_taken":0,"max_hp_gain":0,"max_hp_loss":0,"event_name":"Ghosts","floor":31,"gold_loss":0},{"damage_healed":0,"gold_gain":0,"player_choice":"Fight","damage_taken":0,"max_hp_gain":0,"max_hp_loss":0,"event_name":"MindBloom","floor":36,"gold_loss":0},{"damage_healed":0,"gold_gain":0,"player_choice":"Ignored","damage_taken":0,"max_hp_gain":0,"max_hp_loss":0,"event_name":"Tomb of Lord Red Mask","floor":37,"gold_loss":0},{"damage_healed":0,"gold_gain":0,"player_choice":"Fight","damage_taken":0,"max_hp_gain":0,"max_hp_loss":0,"event_name":"Mysterious Sphere","floor":42,"gold_loss":0},{"damage_healed":0,"gold_gain":0,"player_choice":"Ignored","damage_taken":0,"max_hp_gain":0,"max_hp_loss":0,"event_name":"SecretPortal","floor":46,"gold_loss":0}],"is_beta":false,"boss_relics":[{"not_picked":["Runic Dome","Ectoplasm","Empty Cage"]},{"not_picked":["Nuclear Battery","Lizard Tail"],"picked":"Busted Crown"}],"items_purged_floors":[],"is_endless":false,"potions_floor_spawned":[1,6,10,16,22,28,30,35,36,48],"ascension_level":0}