{"path_per_floor":["M","?","?","M","?","R","E","?","T","T","$","?","R","M","R","B",null,"M","?","?","M","T","E","$","?","T","M","R","E","M","M","R","B",null,"M","M","M"],"character_chosen":"THE_SILENT","items_purchased":["Anchor","Membership Card","Grand Finale"],"gold_per_floor":[145,145,145,170,170,170,208,208,208,234,2,81,81,100,100,229,229,250,250,250,264,290,331,64,64,64,84,84,125,150,173,173,294,294,314,330,344],"floor_reached":38,"campfire_rested":1,"playtime":10566,"current_hp_per_floor":[68,73,55,55,55,55,13,13,13,13,13,8,30,30,30,20,75,75,59,59,67,67,53,53,53,53,35,35,23,8,30,30,23,75,63,26,9],"items_purged":["Strike_G"],"gold":344,"play_id":"fc358025-9f7f-408b-bb52-afe5d3e159b1","is_prod":false,"is_daily":false,"campfire_rituals":0,"campfire_upgraded":3,"is_hardmode":false,"path_taken":["M","?","?","M","?","R","E","?","T","?","$","?","R","M","R","BOSS","M","?","?","M","?","E","?","?","T","M","R","E","M","M","R","BOSS","M","M","M","?"],"build_version":"2018-01-18-PROD4","purchased_purges":1,"victory":false,"master_deck":["Defend_G","Defend_G","Defend_G","Strike_G","Strike_G","Survivor","Neutralize","Poisoned Stab","Footwork","Slice","Venomology","Slice","Die Die Die","Backflip","Footwork","Flying Knee","Distraction","Grand Finale","Writhe","Well Laid Plans","Infinite Blades","Prepared","Backstab","Die Die Die","Deadly Poison","Noxious Fumes","Dagger Throw","Cloak And Dagger","Cloak And Dagger","Escape Plan"],"max_hp_per_floor":[70,75,75,75,75,75,75,75,75,75,75,75,75,75,75,75,75,75,75,75,75,75,75,75,75,75,75,75,75,75,75,75,75,75,75,75,75],"relics":["Ring of the Snake","Tiny Chest","Golden Idol","Ancient Tea Set","Calipers","Whetstone","Anchor","War Paint","Lizard Tail","Enchiridion","Juzu Bracelet","Peace Pipe","Membership Card","Gremlin Horn","Ginger","Bag of Marbles","Astrolabe"],"campfire_meditates":0,"card_choices":[{"not_picked":["Outmaneuver","Quick Slash"],"picked":"Poisoned Stab"},{"not_picked":["Flying Knee","Blur"],"picked":"Footwork"},{"not_picked":["Poisoned Stab","Endless Agony"],"picked":"Slice"},{"not_picked":["Bane","Flying Knee"],"picked":"Venomology"},{"not_picked":["Outmaneuver","Deadly Poison"],"picked":"Slice"},{"not_picked":["Unload","Doppelganger"],"picked":"Die Die Die"},{"not_picked":["Eviscerate","PiercingWail"],"picked":"Backflip"},{"not_picked":["Blade Dance","Dodge and Roll"],"picked":"Flying Knee"},{"not_picked":["Dagger Throw","Backstab"],"picked":"Distraction"},{"not_picked":["Bouncing Flask","Skewer"],"picked":"Well Laid Plans"},{"not_picked":["Flechettes","Crippling Poison"],"picked":"Infinite Blades"},{"not_picked":["Deadly Poison","Dodge and Roll"],"picked":"Prepared"},{"not_picked":["PiercingWail","Eviscerate"],"picked":"Backstab"},{"not_picked":["A Thousand Cuts","Night Terror"],"picked":"Die Die Die"},{"not_picked":["Flying Knee","Choke"],"picked":"Cloak And Dagger"},{"not_picked":["Underhanded Strike","Outmaneuver"],"picked":"Cloak And Dagger"},{"not_picked":["Accuracy","Dodge and Roll"],"picked":"Escape Plan"}],"player_experience":176936,"potions_floor_usage":[12,14,16,16,18,21,23,23,23,30,30,30,31,31,33,33,36,37,37,38],"damage_taken":[{"damage":2,"enemies":"Small Slimes","floor":1,"turns":4},{"damage":0,"enemies":"Jaw Worm","floor":4,"turns":4},{"damage":42,"enemies":"Gremlin Nob","floor":7,"turns":6},{"damage":5,"enemies":"3 Sentries","floor":12,"turns":7},{"damage":0,"enemies":"2 Louse","floor":14,"turns":1},{"damage":25,"enemies":"Slime Boss","floor":16,"turns":14},{"damage":0,"enemies":"Shell Parasite","floor":18,"turns":7},{"damage":4,"enemies":"Spheric Guardian","floor":21,"turns":6},{"damage":14,"enemies":"Book of Stabbing","floor":23,"turns":7},{"damage":18,"enemies":"Snecko","floor":27,"turns":11},{"damage":12,"enemies":"Slavers","floor":29,"turns":7},{"damage":15,"enemies":"Snake Plant","floor":30,"turns":4},{"damage":18,"enemies":"Chosen and Byrds","floor":31,"turns":8},{"damage":22,"enemies":"Collector","floor":33,"turns":14},{"damage":12,"enemies":"3 Shapes","floor":35,"turns":4},{"damage":37,"enemies":"3 Darklings","floor":36,"turns":4},{"damage":17,"enemies":"Sphere and 2 Shapes","floor":37,"turns":5},{"damage":14,"enemies":"Mysterious Sphere","floor":38,"turns":1}],"event_choices":[{"event_name":"Big Fish","player_choice":"Donut","floor":2,"damage_taken":0},{"event_name":"Golden Idol","player_choice":"Take Damage","floor":3,"damage_taken":0},{"event_name":"Liars Game","player_choice":"disagreed","floor":5,"damage_taken":0},{"event_name":"Shining Light","player_choice":"Ignored","floor":8,"damage_taken":0},{"event_name":"Dead Adventurer","player_choice":"Searched \u00272\u0027 times","floor":12,"damage_taken":0},{"event_name":"Cursed Tome","player_choice":"Obtained Book","floor":19,"damage_taken":0},{"event_name":"The Library","player_choice":"Read","floor":20,"damage_taken":0},{"event_name":"The Mausoleum","player_choice":"Yes","floor":25,"damage_taken":0},{"event_name":"Mysterious Sphere","player_choice":"Fight","floor":38,"damage_taken":0}],"boss_relics":[{"not_picked":["Cursed Key","Ectoplasm"],"picked":"Lizard Tail"},{"not_picked":["White Beast Statue","Snecko Eye"],"picked":"Astrolabe"}],"potions_floor_spawned":[7,14,18,21,29,31,36,37],"seed_played":"-5240633941608361602","killed_by":"Mysterious Sphere","is_trial":false}