{"path_per_floor":["M","?","$","?","M","E","R","M","T","?","M","R","M","M","R","B",null,"M","$","?","?","M","R","E","M","T","M","R","E","R","?","R","B",null,"M","?","$","?","M","R","M"],"character_chosen":"THE_SILENT","items_purchased":["Dramatic Entrance","Ancient Tea Set","Footwork","Peace Pipe"],"gold_per_floor":[118,118,16,16,34,359,359,370,396,396,415,415,427,441,441,545,545,545,16,16,16,16,16,16,16,16,16,16,16,16,16,16,16,16,16,16,16,16,16,16,16],"floor_reached":42,"campfire_rested":2,"playtime":4677,"current_hp_per_floor":[63,49,49,49,49,49,49,49,56,49,49,49,49,60,60,48,70,58,58,58,58,65,65,64,60,74,74,74,31,58,42,69,58,83,72,62,62,67,63,63,29],"items_purged":[],"gold":16,"play_id":"a6d8129c-5cae-4ec5-b8ee-0b4e8c835df7","is_prod":false,"is_daily":false,"is_ascension_mode":true,"campfire_upgraded":6,"path_taken":["M","?","$","?","M","E","R","M","T","?","M","R","M","M","R","BOSS","M","$","?","?","M","R","E","M","T","M","R","E","R","?","R","BOSS","M","?","$","?","?","R","M","M"],"build_version":"2018-02-01-PROD3","purchased_purges":0,"victory":false,"master_deck":["Defend_G","Defend_G","Defend_G","Defend_G+1","Defend_G","Strike_G+1","Strike_G","Strike_G","Strike_G","Survivor","Neutralize+1","PiercingWail","Dramatic Entrance","Dagger Spray+1","Noxious Fumes+1","Night Terror+1","Prepared","Venomology","Footwork+1","Footwork","A Thousand Cuts+1","Acrobatics","Calculated Gamble","Envenom","Backflip","Madness","Madness+1","Tactician"],"max_hp_per_floor":[70,70,70,70,70,70,70,70,77,77,77,77,77,77,77,77,77,77,77,77,77,77,77,77,77,91,91,91,91,91,91,91,91,91,91,91,91,91,91,91,91],"relics":["Ring of the Snake","NeowsBlessing","Old Coin","Strawberry","Ectoplasm","Ancient Tea Set","Peace Pipe","Sundial","Mango","Blood Vial","Nilry\u0027s Codex","Question Card"],"card_choices":[{"not_picked":["Eviscerate","Sucker Punch"],"picked":"PiercingWail"},{"not_picked":["Underhanded Strike","Sucker Punch"],"picked":"Dagger Spray"},{"not_picked":["Infinite Blades","Flying Knee"],"picked":"Noxious Fumes"},{"not_picked":["Sucker Punch","Flying Knee"],"picked":"Cloak And Dagger"},{"not_picked":["Dagger Throw","Setup"],"picked":"Night Terror"},{"not_picked":["Acrobatics","Heel Hook"],"picked":"Prepared"},{"not_picked":["Tools of the Trade","Tactician"],"picked":"Venomology"},{"not_picked":["Reflex","Catalyst"],"picked":"Footwork"},{"not_picked":["Accuracy","Bouncing Flask"],"picked":"A Thousand Cuts"},{"not_picked":["Bane","PiercingWail"],"picked":"Acrobatics"},{"not_picked":["Distraction","Poisoned Stab"],"picked":"Calculated Gamble"},{"not_picked":["Storm of Steel","Venomology"],"picked":"Envenom"},{"not_picked":["Outmaneuver","Deflect","Masterful Stab"],"picked":"Backflip"},{"not_picked":["Choke","Dagger Throw","Sucker Punch"],"picked":"Tactician"}],"player_experience":582899,"potions_floor_usage":[14,16,18,22,22,22,22,22,24,24,25,27,33,33,33,33,35,35,35,39,39,41,41],"damage_taken":[{"damage":0,"enemies":"Cultist","floor":1,"turns":1},{"damage":0,"enemies":"Blue Slaver","floor":5,"turns":1},{"damage":0,"enemies":"3 Sentries","floor":6,"turns":1},{"damage":0,"enemies":"2 Louse","floor":8,"turns":1},{"damage":0,"enemies":"Lots of Slimes","floor":11,"turns":1},{"damage":0,"enemies":"3 Louse","floor":13,"turns":2},{"damage":1,"enemies":"Looter","floor":14,"turns":4},{"damage":12,"enemies":"The Guardian","floor":16,"turns":12},{"damage":12,"enemies":"Chosen","floor":18,"turns":5},{"damage":8,"enemies":"Spheric Guardian","floor":22,"turns":8},{"damage":1,"enemies":"Book of Stabbing","floor":24,"turns":8},{"damage":4,"enemies":"3 Cultists","floor":25,"turns":5},{"damage":0,"enemies":"Snake Plant","floor":27,"turns":7},{"damage":43,"enemies":"Gremlin Leader","floor":29,"turns":7},{"damage":13,"enemies":"Collector","floor":33,"turns":9},{"damage":13,"enemies":"3 Darklings","floor":35,"turns":4},{"damage":6,"enemies":"Orb Walker","floor":39,"turns":4},{"damage":36,"enemies":"4 Shapes","floor":41,"turns":7},{"damage":34,"enemies":"3 Darklings","floor":42,"turns":2}],"event_choices":[{"event_name":"Shining Light","player_choice":"Entered Light","floor":2,"damage_taken":0},{"event_name":"Upgrade Shrine","player_choice":"Upgraded","floor":4,"damage_taken":0},{"event_name":"Golden Wing","player_choice":"Card Removal","floor":10,"damage_taken":0},{"event_name":"The Lab","player_choice":"Got Potions","floor":20,"damage_taken":0},{"event_name":"Beggar","player_choice":"Ignored","floor":21,"damage_taken":0},{"event_name":"Cursed Tome","player_choice":"Obtained Book","floor":31,"damage_taken":0},{"event_name":"Winding Halls","player_choice":"Embrace Madness","floor":36,"damage_taken":0},{"event_name":"Bonfire Elementals","player_choice":"COMMON","floor":38,"damage_taken":0}],"boss_relics":[{"not_picked":["Sozu","Lizard Tail"],"picked":"Ectoplasm"},{"not_picked":["Calling Bell","Runic Dome"],"picked":"Question Card"}],"potions_floor_spawned":[1,8,11,18,29,33,35,39],"seed_played":"-4165320971516636951","killed_by":"3 Darklings","ascension_level":7,"is_trial":false}