{"gold_per_floor":[11,21,21,34,9,9,26,26,26,61,161,177,177,191,191,269,269,281,296,314,314,414,414],"floor_reached":23,"playtime":1166,"items_purged":[],"score":318,"play_id":"ffc8e122-757f-4dad-a467-5f32f3d0c3de","local_time":"20190208122042","is_ascension_mode":true,"campfire_choices":[{"data":"Zap","floor":6,"key":"SMITH"},{"data":"Genetic Algorithm","floor":8,"key":"SMITH"},{"data":"Go for the Eyes","floor":13,"key":"SMITH"},{"data":"Beam Cell","floor":15,"key":"SMITH"}],"neow_cost":"NO_GOLD","seed_source_timestamp":830398899405033,"circlet_count":0,"master_deck":["AscendersBane","Strike_B","Strike_B","Strike_B","Strike_B","Defend_B","Defend_B","Defend_B","Defend_B","Zap+1","Dualcast","Leap","Genetic Algorithm+1","Streamline","Gash","Ball Lightning","Go for the Eyes+1","Beam Cell+1","Leap","Rainbow","Glacier","Steam"],"relics":["Cracked Core","Torii","Kunai","Gambling Chip","Sozu"],"potions_floor_usage":[10,23],"damage_taken":[{"damage":0,"enemies":"Small Slimes","floor":1,"turns":3},{"damage":0,"enemies":"2 Louse","floor":2,"turns":2},{"damage":1,"enemies":"Cultist","floor":4,"turns":3},{"damage":1,"enemies":"3 Louse","floor":7,"turns":3},{"damage":19,"enemies":"3 Sentries","floor":10,"turns":7},{"damage":1,"enemies":"Looter","floor":12,"turns":2},{"damage":9,"enemies":"Red Slaver","floor":14,"turns":2},{"damage":5,"enemies":"Hexaghost","floor":16,"turns":9},{"damage":24,"enemies":"2 Thieves","floor":18,"turns":4},{"damage":12,"enemies":"Spheric Guardian","floor":19,"turns":4},{"damage":9,"enemies":"Snecko","floor":20,"turns":6},{"damage":37,"enemies":"Book of Stabbing","floor":23,"turns":6}],"seed_played":"-4590191164411235687","potions_obtained":[{"floor":7,"key":"Regen Potion"},{"floor":10,"key":"EssenceOfSteel"}],"is_trial":false,"path_per_floor":["M","M","?","M","$","R","M","R","T","E","?","M","R","M","R","B",null,"M","M","M","?","?","E"],"character_chosen":"DEFECT","items_purchased":["Gash"],"campfire_rested":0,"item_purchase_floors":[5],"current_hp_per_floor":[68,68,68,67,67,67,66,66,66,62,62,61,61,52,52,47,68,44,32,23,23,23,0],"gold":414,"neow_bonus":"ONE_RARE_RELIC","is_prod":false,"is_daily":false,"chose_seed":false,"campfire_upgraded":4,"win_rate":0,"timestamp":1549646442,"path_taken":["M","M","?","M","$","R","M","R","T","E","?","M","R","?","R","BOSS","M","M","M","?","?","E"],"build_version":"2019-01-23","purchased_purges":0,"victory":false,"max_hp_per_floor":[75,75,75,75,75,75,75,75,75,75,75,75,75,75,75,75,75,75,75,75,75,75,75],"card_choices":[{"not_picked":["Hologram","Fusion"],"picked":"Leap","floor":1},{"not_picked":["Storm","Sunder"],"picked":"Genetic Algorithm","floor":2},{"not_picked":["Rip and Tear","Rebound"],"picked":"Streamline","floor":4},{"not_picked":["Redo","Skim"],"picked":"Ball Lightning","floor":7},{"not_picked":["Sunder","Tempest"],"picked":"Go for the Eyes","floor":10},{"not_picked":["Coolheaded","Recycle"],"picked":"Beam Cell","floor":12},{"not_picked":["Rebound","Stack"],"picked":"Leap","floor":14},{"not_picked":["Multi-Cast","Hyperbeam"],"picked":"Rainbow","floor":16},{"not_picked":["Reprogram","Rebound","Redo"],"picked":"SKIP","floor":18},{"not_picked":["Gash","Beam Cell"],"picked":"Glacier","floor":19},{"not_picked":["Go for the Eyes","Ball Lightning"],"picked":"Steam","floor":20}],"player_experience":3032455,"relics_obtained":[{"floor":9,"key":"Kunai"},{"floor":10,"key":"Gambling Chip"}],"event_choices":[{"damage_healed":0,"gold_gain":0,"player_choice":"Ignored","damage_taken":0,"max_hp_gain":0,"max_hp_loss":0,"event_name":"Shining Light","floor":3,"gold_loss":0},{"damage_healed":0,"gold_gain":100,"player_choice":"Pray","damage_taken":0,"max_hp_gain":0,"max_hp_loss":0,"event_name":"Golden Shrine","floor":11,"gold_loss":0},{"damage_healed":0,"gold_gain":0,"player_choice":"Ignored","damage_taken":0,"max_hp_gain":0,"max_hp_loss":0,"event_name":"Ghosts","floor":21,"gold_loss":0},{"damage_healed":0,"gold_gain":100,"player_choice":"Pray","damage_taken":0,"max_hp_gain":0,"max_hp_loss":0,"event_name":"Golden Shrine","floor":22,"gold_loss":0}],"is_beta":false,"boss_relics":[{"not_picked":["Ectoplasm","Cursed Key"],"picked":"Sozu"}],"items_purged_floors":[],"is_endless":false,"potions_floor_spawned":[7,10,18,19,20],"killed_by":"Book of Stabbing","ascension_level":13}