{"gold_per_floor":[115,131,131,306,34,34,67,67,67,67,67,67,67,127,127,277,277,311,334,334,334,350,350,383,383,437,562,125,125,125,125,125,251,251,269,283,616,616,627,627,13,40,40,58,58,92,103,121,121,121],"floor_reached":51,"playtime":4460,"items_purged":["Regret","Writhe"],"score":1056,"play_id":"d809de8e-703b-430c-ae93-ec8f5a5d5f57","local_time":"20190720172750","is_ascension_mode":true,"campfire_choices":[{"data":"Magnetism","floor":6.0,"key":"SMITH"},{"data":"Neutralize","floor":8,"key":"SMITH"},{"data":"After Image","floor":10,"key":"SMITH"},{"floor":12,"key":"REST"},{"data":"Predator","floor":15,"key":"SMITH"},{"data":"Noxious Fumes","floor":23,"key":"SMITH"},{"floor":25,"key":"REST"},{"floor":30,"key":"REST"},{"data":"J.A.X.","floor":32,"key":"SMITH"},{"data":"After Image","floor":40,"key":"SMITH"},{"floor":49,"key":"REST"}],"neow_cost":"NONE","seed_source_timestamp":583238588721599,"circlet_count":0,"master_deck":["Strike_G","Strike_G","Defend_G","Defend_G","Defend_G","Survivor","Neutralize+1","After Image+1","Leg Sweep","Quick Slash","Magnetism+1","Crippling Poison","Predator+1","Glass Knife","Injury","Writhe","Dodge and Roll","Backstab+1","J.A.X.+1","Footwork","Noxious Fumes+1","Backflip+1","Catalyst","Well Laid Plans","Catalyst","Flechettes","Writhe","After Image+1","Corpse Explosion+1","After Image+1","Deflect+1","Catalyst","Well Laid Plans","Flechettes+1","Panache","Night Terror+1","Die Die Die","Backflip","Skewer+1","Envenom","PiercingWail"],"special_seed":0,"relics":["Ring of the Snake","Vajra","Meat on the Bone","Question Card","Matryoshka","Calling Bell","Strawberry","Mercury Hourglass","Mango","Potion Belt","Art of War","Tiny Chest","Torii","Bottled Lightning","Regal Pillow","Astrolabe","Oddly Smooth Stone","War Paint","Bag of Preparation","Blue Candle","Kunai"],"potions_floor_usage":[7,16,24,33,33,33,42,44,47,48,50],"damage_taken":[{"damage":0.0,"enemies":"Small Slimes","floor":1.0,"turns":5.0},{"damage":0.0,"enemies":"Jaw Worm","floor":2.0,"turns":8.0},{"damage":21,"enemies":"3 Sentries","floor":7,"turns":14},{"damage":22,"enemies":"Gremlin Nob","floor":14,"turns":6},{"damage":26,"enemies":"The Guardian","floor":16,"turns":12},{"damage":13,"enemies":"Shell Parasite","floor":18,"turns":8},{"damage":8,"enemies":"3 Byrds","floor":19,"turns":6},{"damage":15,"enemies":"3 Cultists","floor":22,"turns":6},{"damage":42,"enemies":"Book of Stabbing","floor":24,"turns":9},{"damage":21,"enemies":"Colosseum Slavers","floor":27,"turns":6},{"damage":32,"enemies":"Colosseum Nobs","floor":27,"turns":5},{"damage":18,"enemies":"Automaton","floor":33,"turns":9},{"damage":4,"enemies":"3 Shapes","floor":35,"turns":3},{"damage":17,"enemies":"Orb Walker","floor":36,"turns":5},{"damage":19,"enemies":"4 Shapes","floor":39,"turns":3},{"damage":3,"enemies":"Reptomancer","floor":42,"turns":6},{"damage":6,"enemies":"Transient","floor":44,"turns":5},{"damage":6,"enemies":"Giant Head","floor":46,"turns":7},{"damage":36,"enemies":"3 Darklings","floor":47,"turns":5},{"damage":28,"enemies":"Jaw Worm Horde","floor":48,"turns":5},{"damage":51,"enemies":"Donu and Deca","floor":50,"turns":9}],"seed_played":"1467525822991491450","potions_obtained":[{"floor":1.0,"key":"SteroidPotion"},{"floor":14,"key":"Energy Potion"},{"floor":19,"key":"EssenceOfSteel"},{"floor":27,"key":"AttackPotion"},{"floor":39,"key":"AttackPotion"},{"floor":42,"key":"AttackPotion"},{"floor":47,"key":"PowerPotion"}],"is_trial":false,"path_per_floor":["M","M","?","?","$","R","E","R","T","R","?","R","?","E","R","B",null,"M","M","?","?","M","R","E","R","T","?","$","?","R","?","R","B",null,"M","M","?","?","M","R","$","E","T","M","?","E","M","M","R","B",null],"character_chosen":"THE_SILENT","items_purchased":["Magnetism","Well Laid Plans","Catalyst","Flechettes","Block Potion","Dexterity Potion","Dexterity Potion","Oddly Smooth Stone","Panache","Night Terror","Die Die Die","GhostInAJar"],"campfire_rested":4,"item_purchase_floors":[5,28,28,28,28,28,28,41,41,41,41,41],"current_hp_per_floor":[63,63,63,63,63,63,42,42,42,42,35,56,56,34,34,20,75,62,54,54,54,51,51,21,46,46,17,17,17,42,42,42,36,74,70,53,53,53,46,46,46,55,55,49,49,55,31,15,55,16],"gold":121,"neow_bonus":"TRANSFORM_CARD","is_prod":false,"is_daily":false,"chose_seed":false,"campfire_upgraded":7,"win_rate":0,"timestamp":1563665270,"path_taken":["M","M","?","?","$","R","E","R","T","R","?","R","?","E","R","BOSS","M","M","?","?","M","R","E","R","T","?","$","?","R","?","R","BOSS","M","M","?","?","M","R","$","E","T","M","?","E","?","M","R","BOSS"],"build_version":"2019-07-18","purchased_purges":2,"victory":true,"max_hp_per_floor":[70,70,70,70,70,70,70,70,70,70,70,70,65,65,65,65,86,86,86,86,86,86,86,86,86,86,86,86,86,86,86,86,86,86,86,86,86,86,86,86,86,86,86,86,86,86,86,86,86,86],"card_choices":[{"not_picked":["Heel Hook","Masterful Stab"],"picked":"Leg Sweep","floor":1.0},{"not_picked":["Accuracy","Deadly Poison"],"picked":"Quick Slash","floor":2.0},{"not_picked":["Choke","Catalyst"],"picked":"Crippling Poison","floor":7},{"not_picked":["Deadly Poison","Slice","Sucker Punch"],"picked":"Predator","floor":14},{"not_picked":["Venomology","Tools of the Trade","Grand Finale"],"picked":"Glass Knife","floor":16},{"not_picked":["Endless Agony","Flying Knee","Deadly Poison"],"picked":"Dodge and Roll","floor":18},{"not_picked":["Dagger Throw","Blade Dance","Flechettes"],"picked":"Backstab+1","floor":19},{"not_picked":["Acrobatics","Blade Dance+1","Slice"],"picked":"Noxious Fumes","floor":22},{"not_picked":["Bullet Time","Finisher","Dodge and Roll"],"picked":"Backflip","floor":24},{"not_picked":["Predator","Deadly Poison","Phantasmal Killer"],"picked":"Catalyst","floor":27},{"not_picked":["Storm of Steel","A Thousand Cuts","Venomology"],"picked":"After Image","floor":33},{"not_picked":["Underhanded Strike","Masterful Stab+1","Sucker Punch"],"picked":"Catalyst","floor":35},{"not_picked":["Dodge and Roll","Endless Agony+1","Deflect"],"picked":"Well Laid Plans","floor":36},{"not_picked":["Sucker Punch+1","Deflect","Dodge and Roll+1"],"picked":"Flechettes+1","floor":39},{"not_picked":["Endless Agony","Dagger Spray","Bane"],"picked":"Backflip","floor":42},{"not_picked":["Quick Slash","Prepared","Escape Plan+1"],"picked":"Skewer+1","floor":44},{"not_picked":["Burst","Predator+1","Dash+1"],"picked":"Envenom","floor":46},{"not_picked":["Quick Slash","Slice","Expertise+1"],"picked":"PiercingWail","floor":47},{"not_picked":["Poisoned Stab+1","Setup","Reflex","Sucker Punch"],"picked":"SKIP","floor":48}],"player_experience":1240280,"relics_obtained":[{"floor":7,"key":"Meat on the Bone"},{"floor":9,"key":"Question Card"},{"floor":14,"key":"Matryoshka"},{"floor":17,"key":"Strawberry"},{"floor":17,"key":"Mercury Hourglass"},{"floor":17,"key":"Mango"},{"floor":24,"key":"Potion Belt"},{"floor":26,"key":"Art of War"},{"floor":26,"key":"Tiny Chest"},{"floor":27,"key":"Torii"},{"floor":27,"key":"Bottled Lightning"},{"floor":42,"key":"War Paint"},{"floor":43,"key":"Bag of Preparation"},{"floor":43,"key":"Blue Candle"},{"floor":46,"key":"Kunai"}],"event_choices":[{"damage_healed":0.0,"max_hp_gain":0.0,"max_hp_loss":0.0,"gold_gain":0.0,"event_name":"Big Fish","player_choice":"Box","floor":3.0,"gold_loss":0.0,"damage_taken":0.0,"relics_obtained":["Vajra"],"cards_obtained":["Regret"]},{"damage_healed":0.0,"max_hp_gain":0.0,"max_hp_loss":0.0,"gold_gain":175.0,"event_name":"Liars Game","player_choice":"AGREE","floor":4.0,"gold_loss":0.0,"damage_taken":0.0,"cards_obtained":["Doubt"]},{"cards_removed":["Doubt"],"damage_healed":0,"gold_gain":0,"player_choice":"Card Removal","damage_taken":7,"max_hp_gain":0,"max_hp_loss":0,"event_name":"Golden Wing","floor":11,"gold_loss":0},{"damage_healed":0,"gold_gain":0,"player_choice":"Lose Max HP","damage_taken":0,"relics_obtained":["Golden Idol"],"max_hp_gain":0,"max_hp_loss":5,"event_name":"Golden Idol","floor":13,"gold_loss":0},{"damage_healed":0,"gold_gain":0,"player_choice":"Obtain J.A.X.","damage_taken":0,"max_hp_gain":0,"max_hp_loss":0,"event_name":"Drug Dealer","floor":20,"gold_loss":0,"cards_obtained":["J.A.X."]},{"damage_healed":0,"gold_gain":0,"player_choice":"Read","damage_taken":0,"max_hp_gain":0,"max_hp_loss":0,"event_name":"The Library","floor":21,"gold_loss":0,"cards_obtained":["Footwork"]},{"damage_healed":0,"gold_gain":0,"player_choice":"Fight","damage_taken":0,"max_hp_gain":0,"max_hp_loss":0,"event_name":"Colosseum","floor":27,"gold_loss":0},{"damage_healed":0,"gold_gain":0,"player_choice":"Fought Nobs","damage_taken":0,"max_hp_gain":0,"max_hp_loss":0,"event_name":"Colosseum","floor":27,"gold_loss":0},{"damage_healed":0,"gold_gain":0,"player_choice":"Ignored","damage_taken":0,"max_hp_gain":0,"max_hp_loss":0,"event_name":"Ghosts","floor":29,"gold_loss":0},{"damage_healed":0,"gold_gain":0,"player_choice":"Opened","damage_taken":0,"relics_obtained":["Regal Pillow"],"max_hp_gain":0,"max_hp_loss":0,"event_name":"The Mausoleum","floor":31,"gold_loss":0,"cards_obtained":["Writhe"]},{"damage_healed":0,"gold_gain":333,"player_choice":"Gave Idol","damage_taken":0,"max_hp_gain":0,"max_hp_loss":0,"event_name":"The Moai Head","floor":37,"relics_lost":["Golden Idol"],"gold_loss":0},{"damage_healed":0,"gold_gain":0,"player_choice":"Ignored","damage_taken":0,"max_hp_gain":0,"max_hp_loss":0,"event_name":"Tomb of Lord Red Mask","floor":38,"gold_loss":0},{"cards_removed":["Defend_G"],"damage_healed":0,"gold_gain":0,"player_choice":"Removed Skill","damage_taken":0,"max_hp_gain":0,"max_hp_loss":0,"event_name":"Falling","floor":45,"gold_loss":0}],"is_beta":true,"boss_relics":[{"not_picked":["Lizard Tail","Velvet Choker"],"picked":"Calling Bell"},{"not_picked":["WristBlade","Pandora\u0027s Box"],"picked":"Astrolabe"}],"items_purged_floors":[5,28],"is_endless":false,"potions_floor_spawned":[1,14,19,27,27,39,42,47],"ascension_level":7}