{"path_per_floor":["M","?","M","?","M","R","M","?","T","M","?","$","R","?","R","B",null,"M","M","M","M","?","R","$"],"character_chosen":"THE_SILENT","items_purchased":["Escape Plan","Dagger Spray"],"gold_per_floor":[19,19,32,32,51,51,63,63,89,108,183,35,35,61,61,135,135,145,161,181,194,194,194,70],"floor_reached":25,"campfire_rested":2,"playtime":3034,"current_hp_per_floor":[73,61,61,44,44,69,69,74,74,71,60,60,60,42,67,3,65,59,59,59,52,80,80,80],"items_purged":["Parasite","Strike_G"],"gold":70,"score":343,"play_id":"5fe0d5f8-c121-407e-9e87-2d4d7913f7be","local_time":"20180307001915","is_prod":false,"is_daily":false,"is_ascension_mode":true,"campfire_upgraded":2,"timestamp":1520399955,"path_taken":["M","?","M","?","M","R","M","?","T","M","?","$","R","?","R","BOSS","M","M","M","M","?","R","?","E"],"build_version":"2018-03-01-PROD1","purchased_purges":2,"victory":false,"master_deck":["Defend_G+1","Defend_G","Defend_G","Defend_G","Defend_G","Strike_G","Survivor","Neutralize+1","Expertise","Backflip+1","Die Die Die","Prepared","Escape Plan","PiercingWail","After Image","Acrobatics+1","After Image+1","Flechettes+1","Backflip+1","Backflip+1","Dagger Spray"],"max_hp_per_floor":[84,84,84,84,84,84,84,89,89,89,89,86,86,86,86,86,86,86,86,86,86,86,86,86],"relics":["Ring of the Snake","Anchor","Oddly Smooth Stone","Odd Mushroom","Astrolabe"],"card_choices":[{"not_picked":["Quick Slash","Skewer"],"picked":"Expertise"},{"not_picked":["Calculated Gamble","Bane"],"picked":"Backflip"},{"not_picked":["Poisoned Stab","Setup"],"picked":"Die Die Die"},{"not_picked":["Poisoned Stab","Cloak And Dagger"],"picked":"Prepared"},{"not_picked":["Riddle With Holes","Flying Knee"],"picked":"PiercingWail"},{"not_picked":["Die Die Die","Tactician"],"picked":"After Image"},{"not_picked":["Flechettes","Dodge and Roll"],"picked":"Backflip"},{"not_picked":["Dodge and Roll","Caltrops"],"picked":"Backflip"}],"player_experience":937861,"potions_floor_usage":[10,10,25,25,25],"damage_taken":[{"damage":4,"enemies":"2 Louse","floor":1,"turns":3},{"damage":0,"enemies":"Jaw Worm","floor":3,"turns":4},{"damage":0,"enemies":"Cultist","floor":5,"turns":5},{"damage":0,"enemies":"3 Louse","floor":7,"turns":2},{"damage":3,"enemies":"Large Slime","floor":10,"turns":9},{"damage":18,"enemies":"The Mushroom Lair","floor":14,"turns":5},{"damage":64,"enemies":"The Guardian","floor":16,"turns":30},{"damage":6,"enemies":"Spheric Guardian","floor":18,"turns":6},{"damage":0,"enemies":"Shell Parasite","floor":19,"turns":8},{"damage":0,"enemies":"Snake Plant","floor":20,"turns":6},{"damage":7,"enemies":"Sentry and Sphere","floor":21,"turns":10},{"damage":89,"enemies":"Gremlin Leader","floor":25,"turns":14}],"event_choices":[{"event_name":"Scrap Ooze","player_choice":"success","floor":2,"damage_taken":12},{"event_name":"Shining Light","player_choice":"Entered Light","floor":4,"damage_taken":0},{"event_name":"Big Fish","player_choice":"Donut","floor":8,"damage_taken":0},{"event_name":"World of Goop","player_choice":"Gather Gold","floor":11,"damage_taken":0},{"event_name":"Mushrooms","player_choice":"Fought Mushrooms","floor":14,"damage_taken":0},{"event_name":"The Library","player_choice":"Heal","floor":22,"damage_taken":0}],"boss_relics":[{"not_picked":["White Beast Statue","Calling Bell"],"picked":"Astrolabe"}],"potions_floor_spawned":[1,7,18,20,21],"seed_played":"-478346310105118345","killed_by":"Gremlin Leader","ascension_level":13,"is_trial":false}