{"gold_per_floor":[99,99,99,99,99,99,99,99,99,99,6,6,6,6,6,6,6,6,6,6,6,6,6,6,6,6,6,6,6,6,6,6,6],"floor_reached":33,"playtime":5493,"items_purged":[],"score":269,"play_id":"7bcbc850-a135-4e21-823c-6738fea06e19","local_time":"20190715225357","is_ascension_mode":false,"campfire_choices":[{"data":"Armaments","floor":6,"key":"SMITH"},{"floor":15,"key":"REST"},{"floor":24,"key":"REST"},{"floor":28,"key":"REST"},{"floor":32,"key":"REST"}],"neow_cost":"NONE","seed_source_timestamp":169440209383541,"circlet_count":0,"master_deck":["Strike_R","Strike_R","Strike_R","Defend_R","Defend_R","Defend_R","Bash","Anger","Flame Barrier","Carnage","Armaments+1","Headbutt+1","Power Through","Rampage","Warcry","True Grit","Double Tap","Clothesline","Heavy Blade","Sword Boomerang+1","Seeing Red","Writhe","Iron Wave+1","Sever Soul","Bloodletting+1","Decay","Ghostly Armor"],"relics":["Ectoplasm","Pear","Letter Opener","Ancient Tea Set","Empty Cage","Bag of Marbles","FossilizedHelix","Bottled Lightning","Nilry\u0027s Codex"],"potions_floor_usage":[20,30,30,33],"damage_taken":[{"damage":2,"enemies":"Cultist","floor":1,"turns":5},{"damage":0,"enemies":"Small Slimes","floor":3,"turns":2},{"damage":2,"enemies":"2 Louse","floor":4,"turns":3},{"damage":2,"enemies":"Blue Slaver","floor":5,"turns":2},{"damage":0,"enemies":"3 Louse","floor":7,"turns":2},{"damage":0,"enemies":"2 Fungi Beasts","floor":10,"turns":3},{"damage":13,"enemies":"3 Sentries","floor":12,"turns":6},{"damage":46,"enemies":"Hexaghost","floor":16,"turns":10},{"damage":6,"enemies":"Spheric Guardian","floor":18,"turns":4},{"damage":10,"enemies":"Shell Parasite","floor":19,"turns":3},{"damage":8,"enemies":"3 Cultists","floor":20,"turns":6},{"damage":62,"enemies":"Gremlin Leader","floor":23,"turns":10},{"damage":14,"enemies":"Cultist and Chosen","floor":25,"turns":5},{"damage":0,"enemies":"Centurion and Healer","floor":27,"turns":5},{"damage":24,"enemies":"3 Cultists","floor":30,"turns":5},{"damage":81,"enemies":"Champ","floor":33,"turns":14}],"seed_played":"-8991107558848214604","potions_obtained":[{"floor":4,"key":"SpeedPotion"},{"floor":7,"key":"Fire Potion"},{"floor":10,"key":"Dexterity Potion"},{"floor":12,"key":"SteroidPotion"},{"floor":20,"key":"Explosive Potion"},{"floor":25,"key":"Swift Potion"},{"floor":30,"key":"BloodPotion"}],"is_trial":false,"path_per_floor":["M","T","M","M","M","R","M","?","T","M","$","E","?","$","R","B",null,"M","M","M","?","?","E","R","M","T","M","R","?","M","?","R","B"],"character_chosen":"IRONCLAD","items_purchased":["Rampage","Warcry"],"campfire_rested":4,"item_purchase_floors":[11,11],"current_hp_per_floor":[78,88,88,86,84,84,84,84,84,84,84,71,64,64,90,44,90,84,74,66,66,66,4,31,17,17,17,44,44,20,4,31,0],"gold":6,"neow_bonus":"BOSS_RELIC","is_prod":false,"is_daily":false,"chose_seed":false,"campfire_upgraded":1,"win_rate":0.0,"timestamp":1563249237,"path_taken":["M","?","M","M","M","R","M","?","T","M","$","E","?","?","R","BOSS","M","M","M","?","?","E","R","M","T","M","R","?","M","?","R","BOSS"],"build_version":"2019-07-05","purchased_purges":0,"victory":false,"max_hp_per_floor":[80,90,90,90,90,90,90,90,90,90,90,90,90,90,90,90,90,90,90,90,90,90,90,90,90,90,90,90,90,90,90,90,90],"card_choices":[{"not_picked":["Clothesline","Power Through"],"picked":"Anger","floor":1},{"not_picked":["Twin Strike","Cleave"],"picked":"Flame Barrier","floor":3},{"not_picked":["Twin Strike","Heavy Blade"],"picked":"Carnage","floor":4},{"not_picked":["Dropkick","Thunderclap"],"picked":"Armaments","floor":5},{"not_picked":["Spot Weakness","Offering"],"picked":"Headbutt","floor":7},{"not_picked":["Armaments","Inflame"],"picked":"Power Through","floor":10},{"not_picked":["Rupture","Thunderclap"],"picked":"True Grit","floor":12},{"not_picked":["Feed","Berserk"],"picked":"Double Tap","floor":16},{"not_picked":["Infernal Blade","Flex"],"picked":"Clothesline","floor":18},{"not_picked":["Twin Strike+1","Reckless Charge+1"],"picked":"Heavy Blade","floor":19},{"not_picked":["Metallicize+1","Hemokinesis"],"picked":"Sword Boomerang+1","floor":20},{"not_picked":["Clothesline","Hemokinesis"],"picked":"Iron Wave+1","floor":23},{"not_picked":["Seeing Red","Iron Wave"],"picked":"Sever Soul","floor":25},{"not_picked":["Heavy Blade+1","Clash"],"picked":"Bloodletting+1","floor":27},{"not_picked":["Iron Wave+1","Clothesline"],"picked":"Ghostly Armor","floor":30}],"player_experience":5323,"relics_obtained":[{"floor":2,"key":"Pear"},{"floor":9,"key":"Letter Opener"},{"floor":12,"key":"Ancient Tea Set"},{"floor":23,"key":"FossilizedHelix"},{"floor":26,"key":"Bottled Lightning"},{"floor":31,"key":"Nilry\u0027s Codex"}],"event_choices":[{"damage_healed":0,"gold_gain":0,"player_choice":"Grow","damage_taken":0,"max_hp_gain":0,"max_hp_loss":0,"event_name":"Living Wall","floor":8,"gold_loss":0,"cards_upgraded":["Headbutt"]},{"cards_removed":["Defend_R"],"damage_healed":0,"gold_gain":0,"player_choice":"Card Removal","damage_taken":7,"max_hp_gain":0,"max_hp_loss":0,"event_name":"Golden Wing","floor":13,"gold_loss":0},{"damage_healed":0,"gold_gain":0,"player_choice":"Read","damage_taken":0,"max_hp_gain":0,"max_hp_loss":0,"event_name":"The Library","floor":21,"gold_loss":0,"cards_obtained":["Seeing Red"]},{"damage_healed":0,"gold_gain":0,"player_choice":"Opened","damage_taken":0,"relics_obtained":["Bag of Marbles"],"max_hp_gain":0,"max_hp_loss":0,"event_name":"The Mausoleum","floor":22,"gold_loss":0,"cards_obtained":["Writhe"]},{"damage_healed":0,"gold_gain":0,"player_choice":"Smashed Altar","damage_taken":0,"max_hp_gain":0,"max_hp_loss":0,"event_name":"Forgotten Altar","floor":29,"gold_loss":0,"cards_obtained":["Decay"]},{"damage_healed":0,"gold_gain":0,"player_choice":"Obtained Book","damage_taken":16,"max_hp_gain":0,"max_hp_loss":0,"event_name":"Cursed Tome","floor":31,"gold_loss":0}],"is_beta":false,"boss_relics":[{"not_picked":["Busted Crown","Sozu"],"picked":"Empty Cage"}],"items_purged_floors":[],"is_endless":false,"potions_floor_spawned":[4,7,10,12,16,20,25,30],"killed_by":"Champ","ascension_level":0}