{"path_per_floor":["M","M","?","$","M","R","$","R","T","M","M","R","M","M","R","B",null,"M","?","M","M","$","R","M","R","T","M","R","M","M","$","R","B",null,"M","?","?","M","?","M","?","R","T","$","?","M","R","$","R","B"],"character_chosen":"THE_SILENT","items_purchased":["Well Laid Plans","Dexterity Potion","Dexterity Potion"],"gold_per_floor":[113,124,124,49,62,62,62,62,62,78,94,94,112,124,124,220,220,240,155,167,179,79,79,96,96,149,167,167,186,200,3,3,98,98,114,114,165,177,177,189,189,189,241,91,91,105,105,3,3,3],"floor_reached":51,"campfire_rested":2,"playtime":5204,"current_hp_per_floor":[70,70,70,70,70,70,70,70,70,70,70,70,70,70,70,69,70,70,77,77,76,76,76,73,73,73,70,70,70,68,68,68,68,77,53,53,42,42,42,35,25,48,48,48,48,48,71,71,71,46],"items_purged":["Strike_G","Strike_G","Clumsy","Clumsy"],"gold":3,"score":542,"play_id":"7f5f78e4-47f5-4845-8e09-a7c4c698fd70","is_prod":false,"is_daily":false,"is_ascension_mode":false,"campfire_upgraded":9,"path_taken":["M","M","?","$","M","R","$","R","T","M","M","R","M","M","R","BOSS","M","?","M","M","$","R","M","R","T","M","R","M","?","$","R","BOSS","M","?","?","?","?","M","?","R","T","$","?","M","R","?","R","BOSS"],"build_version":"2018-02-15-PROD1","purchased_purges":4,"victory":true,"master_deck":["Defend_G","Defend_G","Defend_G","Defend_G","Defend_G","Strike_G","Strike_G","Survivor","Neutralize+1","Prepared","Glass Knife+1","Backflip","Footwork+1","Envenom+1","Concentrate+1","Distraction+1","Backflip+1","Backflip+1","Bouncing Flask+1","Well Laid Plans","Burst+1","Terror","Caltrops+1","Catalyst","Backflip+1","Setup+1","Calculated Gamble+1","Blur","Madness","Madness","Acrobatics+1"],"max_hp_per_floor":[70,70,70,70,70,70,70,70,70,70,70,70,70,70,70,70,70,70,77,77,77,77,77,77,77,77,77,77,77,77,77,77,77,77,77,77,77,77,77,77,77,77,77,77,77,77,77,77,77,77],"relics":["Ring of the Snake","Prayer Wheel","Cursed Key","Strawberry","Bag of Marbles","Orrery","Tingsha","Happy Flower"],"card_choices":[{"not_picked":["Quick Slash","Backflip"],"picked":"Dagger Spray"},{"not_picked":["Deadly Poison","Cloak And Dagger"],"picked":"Prepared"},{"not_picked":["Doppelganger","Dagger Spray"],"picked":"Backflip"},{"not_picked":["Masterful Stab","Dash"],"picked":"Footwork"},{"not_picked":["Venomology","Wraith Form"],"picked":"Envenom"},{"not_picked":["Poisoned Stab","Cloak And Dagger"],"picked":"Concentrate"},{"not_picked":["Setup","Dagger Throw"],"picked":"Distraction"},{"not_picked":["Dagger Spray","Deadly Poison"],"picked":"Backflip"},{"not_picked":["Quick Slash","Bane"],"picked":"Backflip"},{"not_picked":["Eviscerate","Expertise"],"picked":"Bouncing Flask"},{"not_picked":["Wraith Form","Storm of Steel"],"picked":"Burst"},{"not_picked":["Deadly Poison","Skewer"],"picked":"Terror"},{"not_picked":["Distraction","Dagger Spray"],"picked":"Caltrops"},{"not_picked":["Quick Slash","Well Laid Plans"],"picked":"Catalyst"},{"not_picked":["Bouncing Flask","Backstab"],"picked":"Backflip"},{"not_picked":["Quick Slash","Deadly Poison"],"picked":"Setup"},{"not_picked":["PiercingWail","Bane"],"picked":"Calculated Gamble"},{"not_picked":["Dagger Spray","Backflip"],"picked":"Blur"},{"not_picked":["Slice","Dagger Spray"],"picked":"Acrobatics"}],"player_experience":811567,"potions_floor_usage":[10,16,24,24,27,30,37,50,50,50],"damage_taken":[{"damage":0,"enemies":"Jaw Worm","floor":1,"turns":5},{"damage":0,"enemies":"Cultist","floor":2,"turns":6},{"damage":0,"enemies":"2 Louse","floor":5,"turns":1},{"damage":0,"enemies":"Exordium Thugs","floor":10,"turns":2},{"damage":0,"enemies":"Red Slaver","floor":11,"turns":4},{"damage":0,"enemies":"Blue Slaver","floor":13,"turns":3},{"damage":0,"enemies":"Gremlin Gang","floor":14,"turns":2},{"damage":1,"enemies":"The Guardian","floor":16,"turns":19},{"damage":0,"enemies":"Chosen","floor":18,"turns":6},{"damage":0,"enemies":"3 Byrds","floor":20,"turns":5},{"damage":1,"enemies":"Centurion and Healer","floor":21,"turns":8},{"damage":3,"enemies":"Snecko","floor":24,"turns":8},{"damage":3,"enemies":"Snake Plant","floor":27,"turns":5},{"damage":0,"enemies":"3 Cultists","floor":29,"turns":5},{"damage":2,"enemies":"Snecko","floor":30,"turns":3},{"damage":0,"enemies":"Automaton","floor":33,"turns":10},{"damage":24,"enemies":"3 Darklings","floor":35,"turns":5},{"damage":11,"enemies":"Mysterious Sphere","floor":37,"turns":6},{"damage":0,"enemies":"Orb Walker","floor":38,"turns":3},{"damage":7,"enemies":"4 Shapes","floor":40,"turns":9},{"damage":0,"enemies":"Maw","floor":46,"turns":7},{"damage":25,"enemies":"Awakened One","floor":50,"turns":13}],"event_choices":[{"event_name":"Living Wall","player_choice":"Change","floor":3,"damage_taken":0},{"event_name":"Addict","player_choice":"Obtained Relic","floor":19,"damage_taken":0},{"event_name":"The Lab","player_choice":"Got Potions","floor":36,"damage_taken":0},{"event_name":"Mysterious Sphere","player_choice":"Fight","floor":37,"damage_taken":0},{"event_name":"Tomb of Lord Red Mask","player_choice":"Ignored","floor":39,"damage_taken":0},{"event_name":"Winding Halls","player_choice":"Embrace Madness","floor":41,"damage_taken":0}],"boss_relics":[{"not_picked":["White Beast Statue","Pandora\u0027s Box"],"picked":"Cursed Key"},{"not_picked":["Question Card","Calling Bell"],"picked":"Orrery"}],"potions_floor_spawned":[5,13,18,21,24,38,40,46],"seed_played":"9108155820585425879","ascension_level":0,"is_trial":false}