{"gold_per_floor":[119,20,20,34,48,83,95,95,147,177,187,197,162,162,162,241,241,252,252,116,31,31,31,47,47,71,71,12,37,56,68,68,68],"floor_reached":33,"playtime":1749,"items_purged":[],"score":517,"play_id":"12c7512b-7127-44eb-a22a-f5317b22d8e4","local_time":"20190707233057","is_ascension_mode":true,"campfire_choices":[{"data":"Trip","floor":8.0,"key":"SMITH"},{"floor":15.0,"key":"REST"},{"floor":23,"key":"REST"},{"data":"Neutralize","floor":25,"key":"SMITH"},{"floor":27,"key":"REST"},{"floor":32,"key":"REST"}],"neow_cost":"NONE","seed_source_timestamp":0,"circlet_count":0,"master_deck":["AscendersBane","Strike_G","Strike_G","Strike_G","Strike_G","Strike_G","Defend_G","Defend_G","Defend_G","Defend_G","Defend_G","Survivor+1","Neutralize+1","Well Laid Plans","Trip+1","Dash","Backflip","Malaise+1","Slice","Dagger Spray","Grand Finale","Acrobatics","Dodge and Roll","Leg Sweep","Storm of Steel","Neutralize+1","Dagger Throw","Blade Dance"],"special_seed":0,"relics":["Ring of the Serpent","NeowsBlessing","Singing Bowl","Art of War","Tiny Chest","Ninja Scroll","Ancient Tea Set","Snake Skull"],"potions_floor_usage":[30,33],"damage_taken":[{"damage":0.0,"enemies":"Small Slimes","floor":1.0,"turns":1.0},{"damage":0.0,"enemies":"Cultist","floor":4.0,"turns":1.0},{"damage":0.0,"enemies":"2 Louse","floor":5.0,"turns":1.0},{"damage":32.0,"enemies":"Lagavulin","floor":6.0,"turns":13.0},{"damage":1.0,"enemies":"Looter","floor":7.0,"turns":4.0},{"damage":0.0,"enemies":"3 Louse","floor":11.0,"turns":4.0},{"damage":0.0,"enemies":"Large Slime","floor":12.0,"turns":4.0},{"damage":12.0,"enemies":"The Guardian","floor":16.0,"turns":13.0},{"damage":35.0,"enemies":"3 Byrds","floor":18.0,"turns":8.0},{"damage":9,"enemies":"Spheric Guardian","floor":24,"turns":4},{"damage":26,"enemies":"Book of Stabbing","floor":29,"turns":7},{"damage":13,"enemies":"Snake Plant","floor":30,"turns":8},{"damage":5,"enemies":"Snecko","floor":31,"turns":8},{"damage":61,"enemies":"Champ","floor":33,"turns":10}],"seed_played":"3350587975706249396","potions_obtained":[{"floor":1.0,"key":"Ancient Potion"},{"floor":6.0,"key":"Explosive Potion"},{"floor":12.0,"key":"Dexterity Potion"},{"floor":30,"key":"Strength Potion"}],"is_trial":false,"path_per_floor":["M","$","?","M","M","E","M","R","T","?","M","M","?","?","R","B",null,"M","?","$","?","?","R","M","R","T","R","$","E","M","M","R","B"],"character_chosen":"THE_SILENT","items_purchased":["Trip","Acrobatics","Dodge and Roll","AttackPotion","Dagger Throw"],"campfire_rested":4,"item_purchase_floors":[2,20,20,20,28],"current_hp_per_floor":[59,59,59,59,59,27,26,26,26,26,26,28,45,25,45,33,59,26,26,26,26,26,47,40,40,40,61,61,37,26,21,43,0],"gold":68,"neow_bonus":"THREE_ENEMY_KILL","is_prod":false,"is_daily":false,"chose_seed":false,"campfire_upgraded":2,"win_rate":0,"timestamp":1562563857,"path_taken":["M","$","?","?","M","E","M","R","T","?","M","M","?","?","R","BOSS","M","?","$","?","?","R","?","R","T","R","$","E","M","M","R","BOSS"],"build_version":"2019-07-03","purchased_purges":0,"victory":false,"max_hp_per_floor":[66,66,66,66,66,66,66,66,66,66,66,68,68,68,68,68,68,70,70,70,70,70,70,72,72,72,72,72,74,76,76,76,76],"card_choices":[{"not_picked":["Outmaneuver","Dagger Spray"],"picked":"Well Laid Plans","floor":1.0},{"not_picked":["Flying Knee","Caltrops"],"picked":"Dash","floor":4.0},{"not_picked":["Flying Knee","Underhanded Strike"],"picked":"Backflip","floor":5.0},{"not_picked":["After Image","Choke"],"picked":"Malaise","floor":6.0},{"not_picked":["Poisoned Stab","Outmaneuver"],"picked":"Slice","floor":7.0},{"not_picked":["Sucker Punch","Flechettes"],"picked":"Dagger Spray","floor":11.0},{"not_picked":["Poisoned Stab","Bouncing Flask","Deadly Poison"],"picked":"Singing Bowl","floor":12.0},{"not_picked":["After Image","Storm of Steel"],"picked":"Grand Finale","floor":16.0},{"not_picked":["Sucker Punch","Deadly Poison","Outmaneuver+1"],"picked":"Singing Bowl","floor":18.0},{"not_picked":["Endless Agony","Outmaneuver+1","Predator"],"picked":"Singing Bowl","floor":24},{"not_picked":["Concentrate","Well Laid Plans","Dagger Spray"],"picked":"Singing Bowl","floor":29},{"not_picked":["Dagger Spray+1","Expertise","Predator"],"picked":"Singing Bowl","floor":30},{"not_picked":["Deflect+1","Skewer"],"picked":"Blade Dance","floor":31}],"player_experience":1145858,"relics_obtained":[{"floor":6.0,"key":"Singing Bowl"},{"floor":9.0,"key":"Art of War"},{"floor":26,"key":"Ancient Tea Set"},{"floor":29,"key":"Snake Skull"}],"event_choices":[{"damage_healed":0.0,"max_hp_gain":0.0,"max_hp_loss":0.0,"gold_gain":0.0,"event_name":"Upgrade Shrine","player_choice":"Upgraded","floor":3.0,"gold_loss":0.0,"damage_taken":0.0,"cards_upgraded":["Neutralize"]},{"damage_healed":0.0,"max_hp_gain":0.0,"max_hp_loss":0.0,"gold_gain":0.0,"event_name":"Dead Adventurer","player_choice":"Searched \u00271\u0027 times","floor":10.0,"gold_loss":0.0,"damage_taken":0.0,"relics_obtained":["Tiny Chest"]},{"damage_healed":17.0,"max_hp_gain":0.0,"max_hp_loss":0.0,"gold_gain":0.0,"event_name":"The Cleric","player_choice":"Healed","floor":13.0,"gold_loss":35.0,"damage_taken":0.0},{"damage_healed":0.0,"max_hp_gain":0.0,"max_hp_loss":0.0,"gold_gain":0.0,"event_name":"Shining Light","player_choice":"Entered Light","floor":14.0,"gold_loss":0.0,"damage_taken":20.0,"cards_upgraded":["Malaise","Survivor"]},{"damage_healed":0.0,"max_hp_gain":0.0,"max_hp_loss":0.0,"gold_gain":0.0,"event_name":"Cursed Tome","player_choice":"Ignored","floor":19.0,"gold_loss":0.0,"damage_taken":0.0},{"damage_healed":0.0,"max_hp_gain":0.0,"max_hp_loss":0.0,"gold_gain":0.0,"event_name":"Addict","player_choice":"Obtained Relic","floor":21.0,"gold_loss":85.0,"damage_taken":0.0,"relics_obtained":["Ninja Scroll"]},{"damage_healed":0,"gold_gain":0,"player_choice":"3 cards matched","damage_taken":0,"max_hp_gain":0,"max_hp_loss":0,"event_name":"Match and Keep!","floor":22,"gold_loss":0,"cards_obtained":["Leg Sweep","Storm of Steel","Neutralize"]}],"is_beta":true,"boss_relics":[{"not_picked":["Pandora\u0027s Box","White Beast Statue"],"picked":"Ring of the Serpent"}],"items_purged_floors":[],"is_endless":false,"potions_floor_spawned":[1,6,12,30],"killed_by":"Champ","ascension_level":19}