{"gold_per_floor":[214,389,0,16,30,62,62,62,114,114,114,114,145,160,160,284,284,299,320,320,334,353,353,268,268,268,59,80,80,80,93,93,93],"floor_reached":33,"playtime":1670,"items_purged":["Doubt"],"score":280,"play_id":"6e6c37e1-4123-4144-a051-4b621d885342","local_time":"20190624161325","is_ascension_mode":false,"campfire_choices":[{"data":"Bash","floor":8,"key":"SMITH"},{"data":"Sword Boomerang","floor":10,"key":"SMITH"},{"data":"Cleave","floor":12,"key":"SMITH"},{"data":"Wild Strike","floor":15,"key":"SMITH"},{"floor":23,"key":"REST"},{"data":"Bite","floor":25,"key":"SMITH"},{"data":"Bite","floor":32,"key":"SMITH"}],"neow_cost":"NONE","seed_source_timestamp":1006808765092255,"circlet_count":0,"master_deck":["Defend_R","Defend_R","Defend_R","Defend_R","Bash+1","Seeing Red","Wild Strike+1","Cleave+1","Sword Boomerang+1","Limit Break","Twin Strike+1","Shockwave+1","Bite+1","Bite+1","Bite","Bite","Bite"],"relics":["Burning Blood","Singing Bowl","Regal Pillow","Golden Idol","Centennial Puzzle","Ginger","Runic Pyramid","Sundial","Pocketwatch","Toolbox"],"potions_floor_usage":[6,6,13,16,19,21,29,31],"damage_taken":[{"damage":6,"enemies":"Jaw Worm","floor":1,"turns":3},{"damage":7,"enemies":"2 Louse","floor":4,"turns":3},{"damage":0,"enemies":"Small Slimes","floor":5,"turns":3},{"damage":31,"enemies":"Lagavulin","floor":6,"turns":5},{"damage":6,"enemies":"3 Sentries","floor":13,"turns":5},{"damage":8,"enemies":"Red Slaver","floor":14,"turns":4},{"damage":27,"enemies":"Slime Boss","floor":16,"turns":9},{"damage":18,"enemies":"3 Byrds","floor":18,"turns":5},{"damage":13,"enemies":"Spheric Guardian","floor":19,"turns":4},{"damage":57,"enemies":"Shelled Parasite and Fungi","floor":21,"turns":10},{"damage":21,"enemies":"Centurion and Healer","floor":22,"turns":6},{"damage":24,"enemies":"Snecko","floor":28,"turns":6},{"damage":28,"enemies":"Colosseum Slavers","floor":29,"turns":3},{"damage":9,"enemies":"Snake Plant","floor":31,"turns":4},{"damage":85,"enemies":"Champ","floor":33,"turns":12}],"seed_played":"-3440475160110046941","potions_obtained":[{"floor":1,"key":"SkillPotion"},{"floor":6,"key":"Block Potion"},{"floor":14,"key":"Strength Potion"},{"floor":16,"key":"SpeedPotion"},{"floor":19,"key":"SkillPotion"},{"floor":21,"key":"Dexterity Potion"},{"floor":28,"key":"SteroidPotion"}],"is_trial":false,"path_per_floor":["M","?","$","M","M","E","?","R","T","R","?","R","E","M","R","B",null,"M","M","?","M","M","R","?","R","T","$","M","?","?","M","R","B"],"character_chosen":"IRONCLAD","items_purchased":["Singing Bowl","PowerPotion","Toolbox"],"campfire_rested":1,"item_purchase_floors":[3,3,27],"current_hp_per_floor":[80,80,80,79,80,55,55,55,55,55,55,55,57,57,57,36,78,66,59,54,21,26,58,58,58,58,58,52,41,41,51,51,0],"gold":93,"neow_bonus":"HUNDRED_GOLD","is_prod":false,"is_daily":false,"chose_seed":false,"campfire_upgraded":6,"win_rate":0,"timestamp":1561407205,"path_taken":["M","?","$","M","M","E","?","R","T","R","?","R","E","?","R","BOSS","M","M","?","M","M","R","?","R","T","$","M","?","?","M","R","BOSS"],"build_version":"2019-01-23","purchased_purges":1,"victory":false,"max_hp_per_floor":[80,80,80,80,80,80,74,74,74,74,74,74,76,78,78,78,78,78,78,54,56,58,58,58,58,58,58,60,60,60,62,62,62],"card_choices":[{"not_picked":["Reckless Charge","Havoc"],"picked":"Seeing Red","floor":1},{"not_picked":["Burning Pact","Dual Wield"],"picked":"Wild Strike","floor":4},{"not_picked":["Clash","Reckless Charge"],"picked":"Cleave","floor":5},{"not_picked":["Carnage","Iron Wave"],"picked":"Sword Boomerang","floor":6},{"not_picked":["Infernal Blade","Clash","Bloodletting"],"picked":"Singing Bowl","floor":13},{"not_picked":["Warcry","True Grit","Perfected Strike"],"picked":"Singing Bowl","floor":14},{"not_picked":["Exhume","Immolate"],"picked":"Limit Break","floor":16},{"not_picked":["Iron Wave","Pommel Strike"],"picked":"Twin Strike+1","floor":18},{"not_picked":["Blood for Blood","Havoc+1"],"picked":"Shockwave+1","floor":19},{"not_picked":["Uppercut","Rupture","Armaments"],"picked":"Singing Bowl","floor":21},{"not_picked":["Rage","Cleave+1","Pommel Strike"],"picked":"Singing Bowl","floor":22},{"not_picked":["Bloodletting","Thunderclap+1","Havoc"],"picked":"Singing Bowl","floor":28},{"not_picked":["Rage","Power Through","Cleave+1"],"picked":"Singing Bowl","floor":31}],"player_experience":3822513,"relics_obtained":[{"floor":6,"key":"Regal Pillow"},{"floor":9,"key":"Centennial Puzzle"},{"floor":13,"key":"Ginger"},{"floor":26,"key":"Pocketwatch"}],"event_choices":[{"damage_healed":0,"gold_gain":175,"player_choice":"AGREE","damage_taken":0,"max_hp_gain":0,"max_hp_loss":0,"event_name":"Liars Game","floor":2,"gold_loss":0,"cards_obtained":["Doubt"]},{"damage_healed":0,"gold_gain":0,"player_choice":"Lose Max HP","damage_taken":0,"relics_obtained":["Golden Idol"],"max_hp_gain":0,"max_hp_loss":6,"event_name":"Golden Idol","floor":7,"gold_loss":0},{"cards_removed":["Strike_R"],"damage_healed":0,"gold_gain":0,"player_choice":"Offered Basic","damage_taken":0,"max_hp_gain":0,"max_hp_loss":0,"event_name":"Bonfire Elementals","floor":11,"gold_loss":0},{"damage_healed":0,"gold_gain":0,"player_choice":"Became a vampire","damage_taken":0,"max_hp_gain":0,"max_hp_loss":24,"event_name":"Vampires","floor":20,"gold_loss":0,"cards_obtained":["Bite","Bite","Bite","Bite","Bite"]},{"damage_healed":0,"gold_gain":0,"player_choice":"Obtained Relic","damage_taken":0,"relics_obtained":["Sundial"],"max_hp_gain":0,"max_hp_loss":0,"event_name":"Addict","floor":24,"gold_loss":85},{"damage_healed":0,"gold_gain":0,"player_choice":"Fight","damage_taken":0,"max_hp_gain":0,"max_hp_loss":0,"event_name":"Colosseum","floor":29,"gold_loss":0},{"damage_healed":0,"gold_gain":0,"player_choice":"Fled From Nobs","damage_taken":0,"max_hp_gain":0,"max_hp_loss":0,"event_name":"Colosseum","floor":29,"gold_loss":0},{"damage_healed":0,"gold_gain":0,"player_choice":"Ignored","damage_taken":0,"max_hp_gain":0,"max_hp_loss":0,"event_name":"Ghosts","floor":30,"gold_loss":0}],"is_beta":false,"boss_relics":[{"not_picked":["Eternal Feather","Runic Dome"],"picked":"Runic Pyramid"}],"items_purged_floors":[3],"is_endless":false,"potions_floor_spawned":[1,6,14,16,19,21,28],"killed_by":"Champ","ascension_level":0}