{"gold_per_floor":[114,130,140,140,22,66,66,66,114,139,175,175,200,200,200,319,319,337,357,375,375,399,399,437,2,2,2,2,2,2,36,36,156,156,179,512,63,116,14,14,27,27,27,45,45,78,95,109,109,109],"floor_reached":51,"playtime":2518,"items_purged":["All Out Attack"],"score":873,"play_id":"22188768-da29-4c85-904c-3d8ccc2624f7","local_time":"20190504135828","is_ascension_mode":false,"campfire_choices":[{"floor":7,"key":"REST"},{"data":"Bouncing Flask","floor":12,"key":"SMITH"},{"floor":15,"key":"REST"},{"data":"Footwork","floor":23,"key":"SMITH"},{"data":"Catalyst","floor":27,"key":"SMITH"},{"floor":32,"key":"REST"},{"data":"Noxious Fumes","floor":40,"key":"SMITH"},{"floor":42,"key":"REST"},{"data":"Catalyst","floor":45,"key":"SMITH"},{"floor":49,"key":"REST"}],"neow_cost":"NONE","seed_source_timestamp":2139019878130514,"circlet_count":0,"master_deck":["Survivor","Neutralize","PiercingWail","Footwork+1","Backflip","Catalyst+1","Bouncing Flask+1","Dagger Spray","After Image","Storm of Steel","Malaise","Venomology","Caltrops","Corpse Explosion","Flying Knee","Catalyst+1","Deflect+1","Burst","Dash","Leg Sweep","Endless Agony","Cloak And Dagger","Calculated Gamble","Die Die Die","Backflip","Noxious Fumes+1","Well Laid Plans","Footwork","PiercingWail","Noxious Fumes","Backflip","Blur","Leg Sweep+1"],"relics":["Ring of the Snake","Omamori","Centennial Puzzle","Anchor","Pandora\u0027s Box","PreservedInsect","Happy Flower","Juzu Bracelet","The Courier","Peace Pipe","Calipers","Runic Pyramid","Lee\u0027s Waffle","Snake Skull","The Specimen","Mango","Dodecahedron"],"potions_floor_usage":[1,6,11,13,16,16,16,20,20,24,31,38,41,50,50],"damage_taken":[{"damage":0,"enemies":"Jaw Worm","floor":1,"turns":5},{"damage":0,"enemies":"2 Louse","floor":2,"turns":3},{"damage":1,"enemies":"Cultist","floor":3,"turns":4},{"damage":30,"enemies":"Lagavulin","floor":6,"turns":13},{"damage":0,"enemies":"Blue Slaver","floor":10,"turns":5},{"damage":18,"enemies":"3 Sentries","floor":11,"turns":8},{"damage":9,"enemies":"Lots of Slimes","floor":13,"turns":4},{"damage":48,"enemies":"Slime Boss","floor":16,"turns":13},{"damage":0,"enemies":"3 Byrds","floor":18,"turns":2},{"damage":7,"enemies":"Chosen","floor":19,"turns":4},{"damage":6,"enemies":"Snecko","floor":20,"turns":5},{"damage":7,"enemies":"Shelled Parasite and Fungi","floor":22,"turns":6},{"damage":10,"enemies":"Slavers","floor":24,"turns":3},{"damage":10,"enemies":"Book of Stabbing","floor":31,"turns":5},{"damage":0,"enemies":"Collector","floor":33,"turns":3},{"damage":8,"enemies":"3 Shapes","floor":35,"turns":2},{"damage":33,"enemies":"2 Orb Walkers","floor":38,"turns":6},{"damage":0,"enemies":"3 Darklings","floor":41,"turns":5},{"damage":0,"enemies":"Transient","floor":44,"turns":5},{"damage":0,"enemies":"Giant Head","floor":46,"turns":4},{"damage":16,"enemies":"Spire Growth","floor":47,"turns":3},{"damage":1,"enemies":"Jaw Worm Horde","floor":48,"turns":3},{"damage":11,"enemies":"Time Eater","floor":50,"turns":4}],"seed_played":"9145838498518470407","potions_obtained":[{"floor":0,"key":"LiquidBronze"},{"floor":0,"key":"Fruit Juice"},{"floor":0,"key":"AttackPotion"},{"floor":1,"key":"GamblersBrew"},{"floor":2,"key":"Block Potion"},{"floor":6,"key":"Ancient Potion"},{"floor":11,"key":"SpeedPotion"},{"floor":13,"key":"Regen Potion"},{"floor":18,"key":"LiquidBronze"},{"floor":19,"key":"SkillPotion"},{"floor":38,"key":"Energy Potion"},{"floor":41,"key":"Explosive Potion"}],"is_trial":false,"path_per_floor":["M","M","M","?","$","E","R","?","T","M","E","R","M","?","R","B",null,"M","M","M","?","M","R","E","$","T","R","T","?","?","E","R","B",null,"M","?","$","?","$","R","M","R","T","M","R","E","M","M","R","B",null],"character_chosen":"THE_SILENT","items_purchased":["Footwork","Backflip","Happy Flower","Juzu Bracelet","Poison Potion","Noxious Fumes","Lee\u0027s Waffle","Snake Skull","Well Laid Plans","Footwork","PiercingWail","Noxious Fumes"],"campfire_rested":5,"item_purchase_floors":[5,5,25,25,25,37,37,37,37,37,39,39],"current_hp_per_floor":[75,75,74,56,56,26,48,48,48,48,30,30,21,21,43,10,75,75,68,62,62,55,55,45,45,45,45,45,45,45,35,57,57,75,67,67,82,49,49,49,49,73,87,87,87,87,71,70,96,85],"gold":109,"neow_bonus":"THREE_SMALL_POTIONS","is_prod":false,"is_daily":false,"chose_seed":false,"campfire_upgraded":5,"win_rate":0,"timestamp":1556992708,"path_taken":["M","M","M","?","$","E","R","?","T","M","E","R","M","?","R","BOSS","M","?","M","?","?","R","E","$","T","R","?","?","?","E","R","BOSS","M","?","$","?","$","R","M","R","T","M","R","E","M","M","R","BOSS"],"build_version":"2019-01-23","purchased_purges":1,"victory":true,"max_hp_per_floor":[75,75,75,75,75,75,75,75,75,75,75,75,75,75,75,75,75,75,75,75,75,75,75,75,75,75,75,75,75,75,75,75,75,75,75,75,82,82,82,82,82,82,96,96,96,96,96,96,96,96],"card_choices":[{"not_picked":["Slice","Cloak And Dagger"],"picked":"PiercingWail","floor":1},{"not_picked":["Concentrate","Bane"],"picked":"Dagger Throw","floor":2},{"not_picked":["Grand Finale","Dagger Throw","Heel Hook"],"picked":"SKIP","floor":3},{"not_picked":["Bane","Blade Dance"],"picked":"Catalyst","floor":6},{"not_picked":["Slice","Prepared"],"picked":"Bouncing Flask","floor":10},{"not_picked":["Reflex","Grand Finale","Quick Slash"],"picked":"SKIP","floor":11},{"not_picked":["Predator","Flying Knee"],"picked":"Dagger Spray","floor":13},{"not_picked":["Bullet Time","Die Die Die"],"picked":"After Image","floor":16},{"not_picked":["Crippling Poison","Expertise"],"picked":"Catalyst","floor":18},{"not_picked":["Bane","Dodge and Roll"],"picked":"Deflect+1","floor":19},{"not_picked":["Cloak And Dagger","Quick Slash+1","Deadly Poison"],"picked":"SKIP","floor":20},{"not_picked":["Outmaneuver","Infinite Blades"],"picked":"Dash","floor":22},{"not_picked":["Endless Agony","Poisoned Stab","Sucker Punch"],"picked":"SKIP","floor":24},{"not_picked":["Expertise+1","Dagger Throw"],"picked":"Calculated Gamble","floor":31},{"not_picked":["Corpse Explosion","Night Terror"],"picked":"Die Die Die","floor":33},{"not_picked":["Dagger Throw","Quick Slash+1"],"picked":"Backflip","floor":35},{"not_picked":["Reflex+1","Flying Knee+1"],"picked":"Backflip","floor":41},{"not_picked":["Deflect+1","Eviscerate","Infinite Blades+1"],"picked":"SKIP","floor":44},{"not_picked":["Predator","Riddle With Holes+1"],"picked":"Blur","floor":46},{"not_picked":["Deflect+1","Quick Slash+1"],"picked":"Leg Sweep+1","floor":47},{"not_picked":["All Out Attack","Prepared","Choke"],"picked":"SKIP","floor":48}],"player_experience":3588546,"relics_obtained":[{"floor":6,"key":"Omamori"},{"floor":9,"key":"Centennial Puzzle"},{"floor":11,"key":"Anchor"},{"floor":24,"key":"PreservedInsect"},{"floor":26,"key":"The Courier"},{"floor":28,"key":"Peace Pipe"},{"floor":31,"key":"Calipers"},{"floor":38,"key":"The Specimen"},{"floor":43,"key":"Mango"},{"floor":46,"key":"Dodecahedron"}],"event_choices":[{"damage_healed":0,"gold_gain":0,"player_choice":"Take Damage","damage_taken":18,"relics_obtained":["Golden Idol"],"max_hp_gain":0,"max_hp_loss":0,"event_name":"Golden Idol","floor":4,"gold_loss":0},{"damage_healed":0,"gold_gain":0,"player_choice":"Ignored","damage_taken":0,"max_hp_gain":0,"max_hp_loss":0,"event_name":"Shining Light","floor":8,"gold_loss":0},{"cards_removed":["Strike_G"],"damage_healed":0,"gold_gain":0,"player_choice":"Purged","damage_taken":0,"max_hp_gain":0,"max_hp_loss":0,"event_name":"Purifier","floor":14,"gold_loss":0},{"damage_healed":0,"gold_gain":0,"cards_transformed":["Eviscerate"],"player_choice":"Transformed","damage_taken":0,"max_hp_gain":0,"max_hp_loss":0,"event_name":"Transmorgrifier","floor":21,"gold_loss":0,"cards_obtained":["Burst"]},{"damage_healed":0,"gold_gain":0,"player_choice":"Read","damage_taken":0,"max_hp_gain":0,"max_hp_loss":0,"event_name":"The Library","floor":29,"gold_loss":0,"cards_obtained":["Leg Sweep"]},{"damage_healed":0,"gold_gain":0,"cards_transformed":["Predator","Dagger Throw"],"player_choice":"Became Test Subject","damage_taken":0,"max_hp_gain":0,"max_hp_loss":0,"event_name":"Drug Dealer","floor":30,"gold_loss":0,"cards_obtained":["Endless Agony","Cloak And Dagger"]},{"damage_healed":0,"gold_gain":333,"player_choice":"Gave Idol","damage_taken":0,"max_hp_gain":0,"max_hp_loss":0,"event_name":"The Moai Head","floor":36,"relics_lost":["Golden Idol"],"gold_loss":0},{"damage_healed":0,"gold_gain":0,"player_choice":"Fight","damage_taken":0,"max_hp_gain":0,"max_hp_loss":0,"event_name":"Mysterious Sphere","floor":38,"gold_loss":0}],"is_beta":false,"boss_relics":[{"not_picked":["Lizard Tail","Busted Crown"],"picked":"Pandora\u0027s Box"},{"not_picked":["Tiny House","White Beast Statue"],"picked":"Runic Pyramid"}],"items_purged_floors":[25],"is_endless":false,"potions_floor_spawned":[1,2,6,11,13,18,19,33,38,41,44,46],"ascension_level":0}