{"gold_per_floor":[117,135,10,29,29,29,44,61,61,61,79,90,90,104,104,104],"floor_reached":16,"playtime":902,"items_purged":["Strike_G"],"score":96,"play_id":"e8e4c47e-df99-4f66-a185-bc69499039d3","local_time":"20190707113352","is_ascension_mode":false,"campfire_choices":[{"data":"Neutralize","floor":6,"key":"SMITH"},{"data":"Leg Sweep","floor":10,"key":"SMITH"},{"data":"Night Terror","floor":13,"key":"SMITH"},{"data":"Crippling Poison","floor":15,"key":"SMITH"}],"neow_cost":"NONE","seed_source_timestamp":2114007647690108,"circlet_count":0,"master_deck":["Strike_G","Strike_G","Strike_G","Strike_G","Defend_G","Defend_G","Defend_G","Defend_G","Defend_G","Survivor","Neutralize+1","Flying Knee","Backflip","Flying Knee","Leg Sweep+1","Night Terror+1","PiercingWail","Crippling Poison+1"],"relics":["Ring of the Snake","Singing Bowl"],"potions_floor_usage":[11,14,14,16,16,16,16,16],"damage_taken":[{"damage":1,"enemies":"Cultist","floor":1,"turns":4},{"damage":0,"enemies":"2 Louse","floor":2,"turns":3},{"damage":0,"enemies":"Small Slimes","floor":4,"turns":3},{"damage":1,"enemies":"Looter","floor":7,"turns":4},{"damage":6,"enemies":"Large Slime","floor":8,"turns":7},{"damage":0,"enemies":"Gremlin Gang","floor":11,"turns":1},{"damage":1,"enemies":"Exordium Wildlife","floor":12,"turns":7},{"damage":4,"enemies":"Exordium Thugs","floor":14,"turns":5},{"damage":57,"enemies":"Slime Boss","floor":16,"turns":10}],"seed_played":"8925828713496618506","potions_obtained":[{"floor":0,"key":"SpeedPotion"},{"floor":0,"key":"Explosive Potion"},{"floor":0,"key":"EntropicBrew"},{"floor":11,"key":"Poison Potion"},{"floor":14,"key":"GamblersBrew"}],"is_trial":false,"path_per_floor":["M","M","$","M","$","R","M","M","T","R","M","M","R","M","R","B"],"character_chosen":"THE_SILENT","items_purchased":["Flying Knee"],"campfire_rested":0,"item_purchase_floors":[3],"current_hp_per_floor":[69,69,69,69,69,69,68,62,62,62,62,61,61,57,57,0],"gold":104,"neow_bonus":"THREE_SMALL_POTIONS","is_prod":false,"is_daily":false,"chose_seed":false,"campfire_upgraded":4,"win_rate":0,"timestamp":1562513632,"path_taken":["M","M","?","M","$","R","M","M","T","R","M","M","R","M","R","BOSS"],"build_version":"2019-07-05","purchased_purges":1,"victory":false,"max_hp_per_floor":[70,70,70,70,70,70,70,70,70,70,70,70,70,70,70,70],"card_choices":[{"not_picked":["Slice","Quick Slash"],"picked":"Flying Knee","floor":1},{"not_picked":["Bane","Predator"],"picked":"Backflip","floor":2},{"not_picked":["Concentrate","Flechettes"],"picked":"Leg Sweep","floor":4},{"not_picked":["Prepared","Cloak And Dagger","All Out Attack"],"picked":"SKIP","floor":7},{"not_picked":["Deadly Poison","Cloak And Dagger","Tactician"],"picked":"SKIP","floor":8},{"not_picked":["Deadly Poison","Infinite Blades"],"picked":"Night Terror","floor":11},{"not_picked":["Bane","Acrobatics"],"picked":"PiercingWail","floor":12},{"not_picked":["Flechettes","Deflect"],"picked":"Crippling Poison","floor":14}],"player_experience":3920191,"relics_obtained":[{"floor":9,"key":"Singing Bowl"}],"event_choices":[],"is_beta":false,"boss_relics":[],"items_purged_floors":[3],"is_endless":false,"potions_floor_spawned":[7,11,12,14],"killed_by":"Slime Boss","ascension_level":0}