{"path_per_floor":["M","?","M","?","T","R","M","R","T","M","M","R","?","$","R","B",null,"M","$","?","?","$","M","M","R","T","T","M","R","M","M","R","B",null,"M","M","?","$","M","R","E","R","T","M","M","M","M","$","R"],"character_chosen":"IRONCLAD","items_purchased":["Anchor","Armaments","Shrug It Off","Art of War","Metallicize","Shrug It Off","Dexterity Potion","Fire Potion"],"gold_per_floor":[111,111,122,122,122,122,133,133,133,148,161,161,211,31,31,127,127,146,23,23,123,23,38,54,54,54,81,100,100,112,125,125,223,223,243,258,258,21,36,36,66,66,66,80,96,113,131,33,33],"floor_reached":50,"campfire_rested":0,"playtime":5499,"current_hp_per_floor":[80,80,80,62,62,62,69,69,69,72,79,79,79,79,79,77,80,80,80,64,64,64,80,58,58,58,58,70,70,56,63,63,74,80,74,63,63,63,65,65,60,60,60,60,70,77,70,70,70],"items_purged":["Strike_R","Strike_R"],"gold":33,"play_id":"7ece3da3-80ea-4372-8498-77a336e5dfd2","is_prod":false,"is_daily":false,"is_ascension_mode":false,"campfire_upgraded":10,"path_taken":["M","?","M","?","?","R","M","R","T","M","?","R","?","$","R","BOSS","M","$","?","?","?","M","M","R","T","?","M","R","?","M","R","BOSS","M","M","?","$","M","R","E","R","T","M","M","M","?","$","R","BOSS"],"build_version":"2018-02-01-PROD3","purchased_purges":2,"victory":false,"master_deck":["Strike_R","Strike_R","Defend_R","Defend_R","Defend_R","Defend_R","Bash+1","Twin Strike","Inflame+1","True Grit+1","Inflame","Cleave","Armaments+1","Demon Form+1","Body Slam+1","Shrug It Off+1","Seeing Red+1","Spot Weakness+1","Impervious","Thunderclap+1","Heavy Blade+1","Metallicize","Shrug It Off+1","Flame Barrier+1","Inflame+1","Pommel Strike+1","Battle Trance+1"],"max_hp_per_floor":[80,80,80,80,80,80,80,80,80,80,80,80,80,80,80,80,80,80,80,80,80,80,80,80,80,80,80,80,80,80,80,80,80,80,80,80,80,80,80,80,80,80,80,80,80,80,80,80,80],"relics":["Burning Blood","Pen Nib","Ornamental Fan","Bird Faced Urn","Magic Flower","Anchor","Mark of Pain","Enchiridion","Dream Catcher","Bag of Marbles","Question Card","Art of War","Bag of Preparation","Kunai"],"card_choices":[{"not_picked":["Burning Pact","Uppercut"],"picked":"Twin Strike"},{"not_picked":["Havoc","Sever Soul"],"picked":"True Grit"},{"not_picked":["Reckless Charge","Clash"],"picked":"Inflame"},{"not_picked":["Twin Strike","Searing Blow"],"picked":"Cleave"},{"not_picked":["Juggernaut","Double Tap"],"picked":"Demon Form"},{"not_picked":["Anger","Pommel Strike"],"picked":"Body Slam"},{"not_picked":["Uppercut","Second Wind"],"picked":"Seeing Red"},{"not_picked":["Iron Wave","Clash"],"picked":"Spot Weakness"},{"not_picked":["Brutality","Double Tap"],"picked":"Impervious"},{"not_picked":["Rage","Bloodletting","Shrug It Off"],"picked":"Thunderclap"},{"not_picked":["Perfected Strike","Flame Barrier","Evolve"],"picked":"Heavy Blade"},{"not_picked":["True Grit","Wild Strike","Dropkick"],"picked":"Flame Barrier"},{"not_picked":["Anger","Exhume","Hemokinesis"],"picked":"Inflame"},{"not_picked":["Combust","Infernal Blade","Sword Boomerang"],"picked":"Pommel Strike"},{"not_picked":["Sever Soul","Combust","Rampage"],"picked":"Battle Trance"}],"player_experience":552044,"potions_floor_usage":[16,16,33,33,36,36,41,41,50,50,50],"damage_taken":[{"damage":2,"enemies":"Small Slimes","floor":1,"turns":4},{"damage":0,"enemies":"Cultist","floor":3,"turns":2},{"damage":1,"enemies":"Jaw Worm","floor":7,"turns":3},{"damage":9,"enemies":"Exordium Thugs","floor":10,"turns":4},{"damage":5,"enemies":"Looter","floor":11,"turns":3},{"damage":27,"enemies":"The Guardian","floor":16,"turns":8},{"damage":15,"enemies":"Shell Parasite","floor":18,"turns":5},{"damage":2,"enemies":"3 Byrds","floor":23,"turns":5},{"damage":38,"enemies":"Sentry and Sphere","floor":24,"turns":6},{"damage":0,"enemies":"Snake Plant","floor":28,"turns":1},{"damage":35,"enemies":"Cultist and Chosen","floor":30,"turns":8},{"damage":14,"enemies":"Centurion and Healer","floor":31,"turns":6},{"damage":10,"enemies":"Champ","floor":33,"turns":8},{"damage":15,"enemies":"Orb Walker","floor":35,"turns":4},{"damage":32,"enemies":"3 Darklings","floor":36,"turns":6},{"damage":22,"enemies":"Maw","floor":39,"turns":7},{"damage":26,"enemies":"2 Orb Walkers","floor":41,"turns":4},{"damage":24,"enemies":"4 Shapes","floor":44,"turns":4},{"damage":14,"enemies":"3 Darklings","floor":45,"turns":6},{"damage":14,"enemies":"Sphere and 2 Shapes","floor":46,"turns":4},{"damage":19,"enemies":"Maw","floor":47,"turns":6},{"damage":84,"enemies":"Awakened One","floor":50,"turns":7}],"event_choices":[{"event_name":"Living Wall","player_choice":"Change","floor":2,"damage_taken":0},{"event_name":"Scrap Ooze","player_choice":"success","floor":4,"damage_taken":18},{"event_name":"Golden Wing","player_choice":"Gained Gold","floor":13,"damage_taken":0},{"event_name":"Cursed Tome","player_choice":"Obtained Book","floor":20,"damage_taken":0},{"event_name":"Golden Shrine","player_choice":"Pray","floor":21,"damage_taken":0},{"event_name":"Tomb of Lord Red Mask","player_choice":"Ignored","floor":37,"damage_taken":0}],"boss_relics":[{"not_picked":["White Beast Statue","Eternal Feather"],"picked":"Mark of Pain"},{"not_picked":["Black Star","Runic Dome"],"picked":"Question Card"}],"potions_floor_spawned":[1,10,11,28,31,33,35,39,41],"seed_played":"-9042984641086491835","killed_by":"Awakened One","ascension_level":0,"is_trial":false}