{"gold_per_floor":[219,231,231,245,2,37,37,52,52,52,71,42,42],"floor_reached":13,"playtime":746,"items_purged":["Strike_G"],"score":170,"play_id":"9c5e6fa2-cccb-4a55-9139-353c9608e103","local_time":"20190423122204","is_ascension_mode":true,"campfire_choices":[{"floor":7,"key":"REST"},{"floor":10,"key":"REST"}],"neow_cost":"NONE","seed_source_timestamp":1184617852178713,"circlet_count":0,"master_deck":["AscendersBane","Defend_G","Defend_G","Defend_G","Defend_G","Defend_G","Strike_G","Strike_G","Strike_G","Strike_G","Survivor","Neutralize+1","Sucker Punch","PiercingWail","Flying Knee","Backstab","Leg Sweep","PiercingWail","Catalyst","Backflip","Well Laid Plans","Cloak And Dagger"],"relics":["Ring of the Snake","Question Card","Gremlin Horn"],"potions_floor_usage":[13],"damage_taken":[{"damage":2,"enemies":"Jaw Worm","floor":1,"turns":7},{"damage":0,"enemies":"Cultist","floor":2,"turns":4},{"damage":1,"enemies":"Small Slimes","floor":4,"turns":5},{"damage":51,"enemies":"3 Sentries","floor":6,"turns":16},{"damage":11,"enemies":"Exordium Thugs","floor":8,"turns":8},{"damage":0,"enemies":"3 Louse","floor":11,"turns":2},{"damage":49,"enemies":"Gremlin Nob","floor":13,"turns":4}],"seed_played":"-8451187980836732491","potions_obtained":[{"floor":2,"key":"Dexterity Potion"},{"floor":6,"key":"Block Potion"},{"floor":11,"key":"PowerPotion"}],"is_trial":false,"path_per_floor":["M","M","?","M","$","E","R","M","T","R","M","$","E"],"character_chosen":"THE_SILENT","items_purchased":["Backstab","Leg Sweep","PiercingWail","Cloak And Dagger"],"campfire_rested":2,"item_purchase_floors":[5,5,5,12],"current_hp_per_floor":[57,57,57,56,56,5,24,13,13,32,32,32,0],"gold":42,"neow_bonus":"HUNDRED_GOLD","is_prod":false,"is_daily":false,"chose_seed":false,"campfire_upgraded":0,"win_rate":0,"timestamp":1556036524,"path_taken":["M","M","?","?","$","E","R","M","T","R","M","$","E"],"build_version":"2019-01-23","purchased_purges":1,"victory":false,"max_hp_per_floor":[66,66,66,66,66,66,66,66,66,66,66,66,66],"card_choices":[{"not_picked":["Prepared","Deflect"],"picked":"Sucker Punch","floor":1},{"not_picked":["Slice","Prepared"],"picked":"PiercingWail","floor":2},{"not_picked":["Doppelganger","Underhanded Strike"],"picked":"Flying Knee","floor":4},{"not_picked":["Crippling Poison","Dash"],"picked":"Catalyst","floor":6},{"not_picked":["Infinite Blades","Predator","Dodge and Roll"],"picked":"Backflip","floor":8},{"not_picked":["Quick Slash","Reflex","Riddle With Holes"],"picked":"Well Laid Plans","floor":11}],"player_experience":3474243,"relics_obtained":[{"floor":6,"key":"Question Card"},{"floor":9,"key":"Gremlin Horn"}],"event_choices":[{"damage_healed":0,"gold_gain":0,"player_choice":"Upgraded","damage_taken":0,"max_hp_gain":0,"max_hp_loss":0,"event_name":"Upgrade Shrine","floor":3,"gold_loss":0,"cards_upgraded":["Neutralize"]}],"is_beta":false,"boss_relics":[],"items_purged_floors":[5],"is_endless":false,"potions_floor_spawned":[2,6,11],"killed_by":"Gremlin Nob","ascension_level":20}