{"gold_per_floor":[363,57,7,7,18,48,48,60,142,173,173,193,211,234,234,355,355,373,373,386,426,23,23,23,23,23,94,94,114,41,55,55,153,153,168,390,85,96,121,133,174,186,198,47,65,65,98,110,110,110],"floor_reached":51,"playtime":2596,"items_purged":["Pain","Perfected Strike","Strike_R"],"score":738,"play_id":"0471255d-33bb-4b17-8ea6-d91597a6c908","local_time":"20190621165525","is_ascension_mode":false,"campfire_choices":[{"data":"Bash","floor":7,"key":"SMITH"},{"data":"Panacea","floor":15,"key":"SMITH"},{"data":"Armaments","floor":23,"key":"SMITH"},{"data":"Demon Form","floor":28,"key":"SMITH"},{"data":"Flame Barrier","floor":32,"key":"SMITH"},{"data":"Sword Boomerang","floor":40,"key":"SMITH"},{"data":"True Grit","floor":42,"key":"SMITH"},{"data":"Dual Wield","floor":46,"key":"SMITH"},{"data":"Battle Trance","floor":49,"key":"SMITH"}],"neow_cost":"CURSE","seed_source_timestamp":749193697044979,"circlet_count":0,"master_deck":["Strike_R","Strike_R","Strike_R","Defend_R","Defend_R","Defend_R","Bash+1","Shrug It Off","Rampage","Panacea+1","Cleave","Immolate","Shrug It Off","Exhume","Demon Form+1","Spot Weakness+1","Power Through","Sword Boomerang+1","True Grit+1","Armaments+1","Flame Barrier+1","Warcry+1","Reaper","Shrug It Off","Dual Wield+1","Entrench+1","Battle Trance+1"],"relics":["Burning Blood","Anchor","Tiny Chest","Juzu Bracelet","Bloody Idol","Sozu","Red Mask","Oddly Smooth Stone","Singing Bowl","Mercury Hourglass","Snecko Eye","Ice Cream","MawBank","Nunchaku","Shuriken","Centennial Puzzle"],"potions_floor_usage":[16,16,16],"damage_taken":[{"damage":10,"enemies":"Small Slimes","floor":1,"turns":5},{"damage":0,"enemies":"2 Louse","floor":5,"turns":2},{"damage":20,"enemies":"Gremlin Nob","floor":6,"turns":4},{"damage":1,"enemies":"Cultist","floor":8,"turns":3},{"damage":1,"enemies":"3 Sentries","floor":10,"turns":5},{"damage":1,"enemies":"3 Louse","floor":12,"turns":2},{"damage":4,"enemies":"Exordium Wildlife","floor":13,"turns":2},{"damage":0,"enemies":"2 Fungi Beasts","floor":14,"turns":3},{"damage":12,"enemies":"Hexaghost","floor":16,"turns":9},{"damage":10,"enemies":"3 Byrds","floor":18,"turns":5},{"damage":10,"enemies":"Chosen","floor":20,"turns":5},{"damage":31,"enemies":"Masked Bandits","floor":21,"turns":4},{"damage":11,"enemies":"Snecko","floor":29,"turns":5},{"damage":0,"enemies":"3 Cultists","floor":31,"turns":3},{"damage":41,"enemies":"Automaton","floor":33,"turns":12},{"damage":0,"enemies":"3 Shapes","floor":35,"turns":4},{"damage":8,"enemies":"Orb Walker","floor":38,"turns":4},{"damage":20,"enemies":"Giant Head","floor":41,"turns":7},{"damage":20,"enemies":"Transient","floor":45,"turns":5},{"damage":6,"enemies":"Nemesis","floor":47,"turns":7},{"damage":0,"enemies":"Writhing Mass","floor":48,"turns":4},{"damage":10,"enemies":"Awakened One","floor":50,"turns":9}],"seed_played":"1651317292221817590","potions_obtained":[{"floor":6,"key":"GamblersBrew"},{"floor":8,"key":"Swift Potion"},{"floor":12,"key":"PowerPotion"}],"is_trial":false,"path_per_floor":["M","$","?","?","M","E","R","M","T","E","?","M","M","M","R","B",null,"M","?","M","?","$","R","?","$","T","T","R","M","$","M","R","B",null,"M","?","$","M","T","R","E","R","T","$","M","R","E","M","R","B",null],"character_chosen":"IRONCLAD","items_purchased":["Shrug It Off","Rampage","Panacea","Block Potion","Oddly Smooth Stone","Sword Boomerang","True Grit","Armaments","Flame Barrier","Ice Cream","Dual Wield"],"campfire_rested":0,"item_purchase_floors":[2,2,2,2,22,22,22,22,30,37,44],"current_hp_per_floor":[76,76,76,76,80,66,66,71,71,76,56,61,63,69,69,63,80,76,76,72,47,47,47,47,47,47,52,52,54,54,65,65,35,82,82,82,82,84,84,84,84,86,86,86,79,79,88,88,88,88],"gold":110,"neow_bonus":"TWO_FIFTY_GOLD","is_prod":false,"is_daily":false,"chose_seed":false,"campfire_upgraded":9,"win_rate":0,"timestamp":1561150525,"path_taken":["M","$","?","?","M","E","R","?","T","E","?","M","M","M","R","BOSS","M","?","M","?","$","R","?","?","T","?","R","M","$","M","R","BOSS","M","?","$","M","?","R","E","R","T","$","M","R","E","M","R","BOSS"],"build_version":"2019-01-23","purchased_purges":3,"victory":true,"max_hp_per_floor":[80,80,80,80,80,80,80,80,80,80,80,80,80,80,80,80,80,80,80,80,80,80,80,80,80,80,80,80,82,82,82,82,82,82,82,82,82,84,84,84,86,86,86,86,88,88,88,88,88,88],"card_choices":[{"not_picked":["Second Wind","Dropkick"],"picked":"Perfected Strike","floor":1},{"not_picked":["Whirlwind","Sword Boomerang"],"picked":"Cleave","floor":5},{"not_picked":["Thunderclap","Blood for Blood","Rage"],"picked":"SKIP","floor":6},{"not_picked":["True Grit","Wild Strike"],"picked":"Immolate","floor":8},{"not_picked":["Pommel Strike","Clash"],"picked":"Shrug It Off","floor":10},{"not_picked":["Hemokinesis","Pommel Strike","Warcry"],"picked":"SKIP","floor":12},{"not_picked":["Pommel Strike","Whirlwind"],"picked":"Exhume","floor":13},{"not_picked":["Iron Wave","Cleave","Fire Breathing"],"picked":"SKIP","floor":14},{"not_picked":["Brutality","Impervious"],"picked":"Demon Form","floor":16},{"not_picked":["Havoc","Pommel Strike","Flex"],"picked":"SKIP","floor":18},{"not_picked":["Dropkick","Wild Strike"],"picked":"Spot Weakness+1","floor":20},{"not_picked":["Searing Blow","Perfected Strike"],"picked":"Power Through","floor":21},{"not_picked":["Armaments","Whirlwind","Thunderclap+1"],"picked":"Singing Bowl","floor":29},{"not_picked":["Heavy Blade","Double Tap"],"picked":"Warcry+1","floor":31},{"not_picked":["Double Tap","Barricade"],"picked":"Reaper","floor":33},{"not_picked":["Iron Wave","Sword Boomerang"],"picked":"Shrug It Off","floor":35},{"not_picked":["Twin Strike+1","Uppercut","Pommel Strike"],"picked":"Singing Bowl","floor":38},{"not_picked":["Thunderclap+1","Carnage+1","Twin Strike+1"],"picked":"Singing Bowl","floor":41},{"not_picked":["Flex","Sword Boomerang","Reaper"],"picked":"Singing Bowl","floor":45},{"not_picked":["Sever Soul","Combust+1"],"picked":"Entrench+1","floor":47},{"not_picked":["Heavy Blade+1","Whirlwind+1"],"picked":"Battle Trance","floor":48}],"player_experience":3803903,"relics_obtained":[{"floor":6,"key":"Anchor"},{"floor":9,"key":"Tiny Chest"},{"floor":10,"key":"Juzu Bracelet"},{"floor":21,"key":"Red Mask"},{"floor":26,"key":"Singing Bowl"},{"floor":27,"key":"Mercury Hourglass"},{"floor":39,"key":"MawBank"},{"floor":41,"key":"Nunchaku"},{"floor":43,"key":"Shuriken"},{"floor":47,"key":"Centennial Puzzle"}],"event_choices":[{"cards_removed":["Strike_R"],"damage_healed":0,"gold_gain":0,"player_choice":"Card Removal","damage_taken":0,"max_hp_gain":0,"max_hp_loss":0,"event_name":"The Cleric","floor":3,"gold_loss":50},{"cards_removed":["Defend_R"],"damage_healed":0,"gold_gain":0,"player_choice":"Purged","damage_taken":0,"max_hp_gain":0,"max_hp_loss":0,"event_name":"Purifier","floor":4,"gold_loss":0},{"damage_healed":0,"gold_gain":0,"player_choice":"Take Damage","damage_taken":20,"relics_obtained":["Golden Idol"],"max_hp_gain":0,"max_hp_loss":0,"event_name":"Golden Idol","floor":11,"gold_loss":0},{"damage_healed":0,"gold_gain":0,"player_choice":"Ignored","damage_taken":0,"max_hp_gain":0,"max_hp_loss":0,"event_name":"Vampires","floor":19,"gold_loss":0},{"damage_healed":0,"gold_gain":0,"player_choice":"Fought Bandits","damage_taken":0,"max_hp_gain":0,"max_hp_loss":0,"event_name":"Masked Bandits","floor":21,"gold_loss":0},{"damage_healed":0,"gold_gain":0,"player_choice":"Gave Idol","damage_taken":0,"relics_obtained":["Bloody Idol"],"max_hp_gain":0,"max_hp_loss":0,"event_name":"Forgotten Altar","floor":24,"relics_lost":["Golden Idol"],"gold_loss":0},{"damage_healed":0,"gold_gain":222,"player_choice":"Wore Mask","damage_taken":0,"max_hp_gain":0,"max_hp_loss":0,"event_name":"Tomb of Lord Red Mask","floor":36,"gold_loss":0}],"is_beta":false,"boss_relics":[{"not_picked":["Empty Cage","Mark of Pain"],"picked":"Sozu"},{"not_picked":["Black Blood","Runic Cube"],"picked":"Snecko Eye"}],"items_purged_floors":[2,22,44],"is_endless":false,"potions_floor_spawned":[6,8,12,13,18,21,48],"ascension_level":0}