{"path_per_floor":["M","$","T","M","M","R","M","M","T","R","M","R","?","$","R","B",null,"M","?","M","M","?","E","M","R","T","M","M","$","R","M","R","B",null,"M","M","M","M","?","M","R","M","T","R","$","R","$","?","R","B"],"character_chosen":"THE_SILENT","items_purchased":["Panache","Dark Shackles","Dexterity Potion","Snake Skull","Well Laid Plans","Swift Potion"],"gold_per_floor":[116,41,41,61,77,77,92,110,110,110,128,128,128,28,28,130,130,140,140,160,172,172,201,211,211,266,277,291,13,13,30,30,128,158,177,195,215,229,229,245,245,260,283,283,87,87,0,0,0,0],"floor_reached":51,"campfire_rested":4,"playtime":5202,"current_hp_per_floor":[69,69,69,69,69,69,56,56,56,56,50,50,32,32,32,13,70,70,70,66,62,62,43,43,43,43,16,16,16,37,37,58,39,75,75,65,29,26,26,26,48,43,43,65,65,65,65,65,65,34],"items_purged":["Strike_G","Strike_G"],"gold":0,"score":463,"play_id":"0291f000-6143-46cb-a70c-32a98df88209","is_prod":false,"is_daily":false,"is_ascension_mode":false,"campfire_upgraded":7,"path_taken":["M","$","?","M","M","R","M","?","T","R","M","R","?","$","R","BOSS","M","?","M","?","?","E","M","R","T","M","M","$","R","M","R","BOSS","M","M","M","M","?","M","R","M","T","R","?","R","$","?","R","BOSS"],"build_version":"2018-02-22-PROD1","purchased_purges":2,"victory":true,"master_deck":["Defend_G","Defend_G+1","Defend_G","Defend_G","Defend_G+1","Strike_G","Strike_G","Survivor+1","Neutralize+1","Wraith Form+1","Dagger Throw","Prepared","Backflip+1","Wraith Form+1","Bouncing Flask+1","Footwork+1","Distraction+1","PiercingWail","Panache+1","Dark Shackles","Malaise+1","After Image","Dagger Spray","Catalyst+1","Well Laid Plans"],"max_hp_per_floor":[70,70,70,70,70,70,70,70,70,70,70,70,70,70,70,70,70,70,70,70,70,70,70,70,70,70,70,70,70,70,70,70,70,75,75,75,75,75,75,75,75,75,75,75,75,75,75,75,75,75],"relics":["Ring of the Snake","Sundial","Anchor","War Paint","Velvet Choker","Ancient Tea Set","Tiny Chest","Tiny House","Lantern","Snake Skull","Red Mask"],"card_choices":[{"not_picked":["Outmaneuver","Backstab"],"picked":"Dagger Throw"},{"not_picked":["Sucker Punch","Cloak And Dagger"],"picked":"Prepared"},{"not_picked":["Dodge and Roll","Bane"],"picked":"Backflip"},{"not_picked":["Corpse Explosion","Die Die Die"],"picked":"Wraith Form"},{"not_picked":["Caltrops","Well Laid Plans"],"picked":"Bouncing Flask"},{"not_picked":["Eviscerate","Accuracy"],"picked":"Distraction"},{"not_picked":["Caltrops","Slice"],"picked":"PiercingWail"},{"not_picked":["Underhanded Strike","Endless Agony"],"picked":"Malaise"},{"not_picked":["Envenom","Grand Finale"],"picked":"After Image"},{"not_picked":["Dodge and Roll","Concentrate"],"picked":"Dagger Spray"},{"not_picked":["Deadly Poison","Reflex"],"picked":"Catalyst"}],"player_experience":839487,"potions_floor_usage":[5,8,16,16,28,33,33,35,37,37,50,50,50,50],"damage_taken":[{"damage":1,"enemies":"Cultist","floor":1,"turns":5},{"damage":0,"enemies":"Small Slimes","floor":4,"turns":4},{"damage":0,"enemies":"2 Louse","floor":5,"turns":4},{"damage":13,"enemies":"Exordium Wildlife","floor":7,"turns":8},{"damage":0,"enemies":"2 Fungi Beasts","floor":8,"turns":6},{"damage":6,"enemies":"Exordium Thugs","floor":11,"turns":7},{"damage":19,"enemies":"Hexaghost","floor":16,"turns":12},{"damage":0,"enemies":"Shell Parasite","floor":18,"turns":6},{"damage":4,"enemies":"3 Byrds","floor":20,"turns":5},{"damage":4,"enemies":"Snecko","floor":21,"turns":4},{"damage":19,"enemies":"Gremlin Leader","floor":23,"turns":10},{"damage":0,"enemies":"Snake Plant","floor":24,"turns":5},{"damage":27,"enemies":"Slaver and Parasite","floor":27,"turns":8},{"damage":0,"enemies":"Chosen and Byrds","floor":28,"turns":7},{"damage":0,"enemies":"Centurion and Healer","floor":31,"turns":6},{"damage":19,"enemies":"Automaton","floor":33,"turns":12},{"damage":0,"enemies":"3 Shapes","floor":35,"turns":7},{"damage":10,"enemies":"Orb Walker","floor":36,"turns":5},{"damage":51,"enemies":"Sphere and 2 Shapes","floor":37,"turns":9},{"damage":3,"enemies":"4 Shapes","floor":38,"turns":4},{"damage":0,"enemies":"Maw","floor":40,"turns":8},{"damage":5,"enemies":"3 Darklings","floor":42,"turns":8},{"damage":31,"enemies":"Donu and Deca","floor":50,"turns":8}],"event_choices":[{"event_name":"Scrap Ooze","player_choice":"success","floor":13,"damage_taken":18},{"event_name":"The Library","player_choice":"Read","floor":19,"damage_taken":0},{"event_name":"Cursed Tome","player_choice":"Ignored","floor":22,"damage_taken":0},{"event_name":"Tomb of Lord Red Mask","player_choice":"Paid","floor":48,"damage_taken":0}],"boss_relics":[{"not_picked":["Runic Pyramid","Snecko Eye"],"picked":"Velvet Choker"},{"not_picked":["Orrery","Eternal Feather"],"picked":"Tiny House"}],"potions_floor_spawned":[4,5,7,8,23,27,31,33,36,42],"seed_played":"5226948951400741520","ascension_level":0,"is_trial":false}