{"gold_per_floor":[119,134,19,19,34,34,65,140,440,458,458,477,477],"floor_reached":13,"playtime":1143,"items_purged":[],"score":162,"play_id":"3a6da50b-9d00-4836-b00c-5e94ba533add","local_time":"20181111182527","is_ascension_mode":true,"campfire_choices":[{"data":"Mind Blast","floor":6,"key":"SMITH"},{"floor":11,"key":"REST"}],"neow_cost":"NONE","seed_source_timestamp":605743781753268,"circlet_count":0,"master_deck":["AscendersBane","Defend_G","Defend_G","Defend_G","Defend_G","Defend_G","Strike_G","Strike_G","Strike_G","Strike_G","Strike_G","Survivor","Neutralize","Backflip","Dodge and Roll","Poisoned Stab","Mind Blast+1","Sucker Punch","Backflip","PiercingWail","Venomology"],"relics":["Ring of the Snake","Du-Vu Doll","Paper Crane","Old Coin"],"potions_floor_usage":[5,7,10,13],"damage_taken":[{"damage":6,"enemies":"Cultist","floor":1,"turns":6},{"damage":1,"enemies":"2 Louse","floor":2,"turns":3},{"damage":1,"enemies":"Small Slimes","floor":5,"turns":5},{"damage":29,"enemies":"Lagavulin","floor":7,"turns":7},{"damage":9,"enemies":"Exordium Wildlife","floor":10,"turns":5},{"damage":0,"enemies":"Lots of Slimes","floor":12,"turns":5},{"damage":46,"enemies":"Gremlin Nob","floor":13,"turns":4}],"seed_played":"-2778322527394123487","potions_obtained":[{"floor":1,"key":"Explosive Potion"},{"floor":5,"key":"Fruit Juice"},{"floor":7,"key":"LiquidBronze"}],"is_trial":false,"path_per_floor":["M","M","$","T","M","R","E","?","T","M","R","M","?"],"character_chosen":"THE_SILENT","items_purchased":["Poisoned Stab","Mind Blast"],"campfire_rested":1,"item_purchase_floors":[3,3],"current_hp_per_floor":[59,58,58,58,62,62,33,22,22,13,36,36,0],"gold":477,"neow_bonus":"TEN_PERCENT_HP_BONUS","is_prod":false,"is_daily":false,"chose_seed":false,"campfire_upgraded":1,"win_rate":0,"timestamp":1541978727,"path_taken":["M","M","?","?","M","R","E","?","T","M","R","M","?"],"build_version":"2018-11-08","purchased_purges":0,"victory":false,"max_hp_per_floor":[72,72,72,72,77,77,77,77,77,77,77,77,77],"card_choices":[{"not_picked":["Choke","Outmaneuver"],"picked":"Backflip","floor":1},{"not_picked":["Blade Dance","Caltrops"],"picked":"Dodge and Roll","floor":2},{"not_picked":["Leg Sweep","Backflip"],"picked":"Sucker Punch","floor":5},{"not_picked":["Leg Sweep","Flying Knee"],"picked":"Backflip","floor":7},{"not_picked":["Cloak And Dagger","Quick Slash"],"picked":"PiercingWail","floor":10},{"not_picked":["Blade Dance","Quick Slash"],"picked":"Venomology","floor":12}],"player_experience":2204884,"relics_obtained":[{"floor":4,"key":"Du-Vu Doll"},{"floor":7,"key":"Paper Crane"},{"floor":9,"key":"Old Coin"}],"event_choices":[{"damage_healed":0,"gold_gain":75,"player_choice":"Gather Gold","damage_taken":11,"max_hp_gain":0,"max_hp_loss":0,"event_name":"World of Goop","floor":8,"gold_loss":0},{"damage_healed":0,"gold_gain":0,"player_choice":"Searched \u00271\u0027 times","damage_taken":0,"max_hp_gain":0,"max_hp_loss":0,"event_name":"Dead Adventurer","floor":13,"gold_loss":0}],"is_beta":false,"boss_relics":[],"items_purged_floors":[],"is_endless":false,"potions_floor_spawned":[1,5,7],"killed_by":"Gremlin Nob","ascension_level":18}