{"gold_per_floor":[114,129,144,144,69,99,99,129,154,169,199,274,304,319,319,419,419,434,23,38,38,53,53,83,83,108,108,108,123,153,183,183,283,283,298,313,328,17,47,47,62,62,62,92,92,107,137,152,152,152],"floor_reached":51,"playtime":3348,"items_purged":["Eviscerate"],"score":1100,"play_id":"d8bb851d-0249-4d5e-9f50-bc5c0fce2b8b","local_time":"20190528235645","daily_mods":["Insanity","Time Dilation","DeadlyEvents"],"is_ascension_mode":false,"campfire_choices":[{"data":"Well Laid Plans","floor":7,"key":"SMITH"},{"data":"Night Terror","floor":15,"key":"SMITH"},{"floor":23,"key":"REST"},{"floor":25,"key":"REST"},{"data":"Mayhem","floor":28,"key":"SMITH"},{"data":"Noxious Fumes","floor":32,"key":"SMITH"},{"data":"Crippling Poison","floor":40,"key":"SMITH"},{"data":"Leg Sweep","floor":42,"key":"SMITH"},{"data":"Bouncing Flask","floor":45,"key":"SMITH"},{"floor":49,"key":"REST"}],"neow_cost":"","seed_source_timestamp":0,"circlet_count":0,"master_deck":["Expertise+1","Escape Plan","Deflect","Caltrops","Calculated Gamble","Calculated Gamble","Dodge and Roll","Cloak And Dagger","Calculated Gamble","Bane","Sucker Punch","Poisoned Stab","Acrobatics","Bouncing Flask+1","Dagger Throw","Underhanded Strike","Slice","Prepared","PiercingWail","Terror","Bane","Leg Sweep+1","Poisoned Stab","Cloak And Dagger","Poisoned Stab","Masterful Stab","PiercingWail","Dodge and Roll","Slice","Dagger Throw","Infinite Blades","Slice","Flying Knee","Backflip","Outmaneuver","Deadly Poison","Terror","Acrobatics","Leg Sweep","Dagger Throw","Quick Slash","Dagger Spray","Outmaneuver","Riddle With Holes","Dagger Throw","Well Laid Plans+1","Backstab","Night Terror+1","PiercingWail","Corpse Explosion+1","Backflip","Tools of the Trade","Noxious Fumes+1","Storm of Steel+1","Catalyst+1","Mayhem+1","Noxious Fumes+1","Backflip","Crippling Poison+1","Blade Dance+1","Blade Dance+1","Dark Shackles","Die Die Die","Cloak And Dagger+1","Dodge and Roll+1"],"special_seed":18045,"relics":["Ring of the Snake","NlothsMask","Lantern","Mummified Hand","FossilizedHelix","Shuriken","Happy Flower","Astrolabe","Ancient Tea Set","Potion Belt","Bag of Marbles","Pear","Singing Bowl","Kunai","Philosopher\u0027s Stone","War Paint","Paper Crane","The Specimen","PreservedInsect","Gremlin Horn"],"potions_floor_usage":[16,30,33,44,50,50],"damage_taken":[{"damage":0,"enemies":"Cultist","floor":1,"turns":2},{"damage":0,"enemies":"Small Slimes","floor":2,"turns":2},{"damage":0,"enemies":"Jaw Worm","floor":3,"turns":3},{"damage":10,"enemies":"Gremlin Nob","floor":6,"turns":3},{"damage":7,"enemies":"Lagavulin","floor":8,"turns":4},{"damage":0,"enemies":"Large Slime","floor":10,"turns":2},{"damage":6,"enemies":"3 Sentries","floor":11,"turns":5},{"damage":0,"enemies":"Gremlin Nob","floor":13,"turns":2},{"damage":0,"enemies":"2 Fungi Beasts","floor":14,"turns":1},{"damage":0,"enemies":"Hexaghost","floor":16,"turns":5},{"damage":0,"enemies":"Spheric Guardian","floor":18,"turns":2},{"damage":0,"enemies":"2 Thieves","floor":20,"turns":2},{"damage":24,"enemies":"Shelled Parasite and Fungi","floor":22,"turns":3},{"damage":0,"enemies":"Gremlin Leader","floor":24,"turns":6},{"damage":0,"enemies":"Snecko","floor":29,"turns":2},{"damage":6,"enemies":"Book of Stabbing","floor":30,"turns":3},{"damage":23,"enemies":"Gremlin Leader","floor":31,"turns":4},{"damage":0,"enemies":"Champ","floor":33,"turns":8},{"damage":0,"enemies":"3 Darklings","floor":35,"turns":6},{"damage":0,"enemies":"3 Shapes","floor":36,"turns":4},{"damage":0,"enemies":"Jaw Worm Horde","floor":37,"turns":2},{"damage":26,"enemies":"Giant Head","floor":39,"turns":7},{"damage":0,"enemies":"Maw","floor":41,"turns":5},{"damage":6,"enemies":"Reptomancer","floor":44,"turns":4},{"damage":0,"enemies":"Transient","floor":46,"turns":5},{"damage":0,"enemies":"Nemesis","floor":47,"turns":1},{"damage":0,"enemies":"4 Shapes","floor":48,"turns":2},{"damage":36,"enemies":"Awakened One","floor":50,"turns":9}],"seed_played":"-6599637533551132899","potions_obtained":[{"floor":1,"key":"Block Potion"},{"floor":2,"key":"SkillPotion"},{"floor":6,"key":"LiquidBronze"},{"floor":10,"key":"PowerPotion"},{"floor":11,"key":"Regen Potion"},{"floor":18,"key":"SpeedPotion"},{"floor":29,"key":"SkillPotion"},{"floor":36,"key":"SteroidPotion"},{"floor":37,"key":"SteroidPotion"},{"floor":41,"key":"Weak Potion"},{"floor":47,"key":"SkillPotion"}],"is_trial":false,"path_per_floor":["M","M","M","?","$","E","R","E","T","M","E","T","E","M","R","B",null,"M","$","M","?","M","R","E","R","T","?","R","M","E","E","R","B",null,"M","M","M","$","E","R","M","R","T","E","R","M","E","M","R","B",null],"character_chosen":"THE_SILENT","items_purchased":["Ancient Tea Set","Mayhem","Noxious Fumes","War Paint","Dark Shackles","Die Die Die"],"campfire_rested":3,"item_purchase_floors":[19,19,19,38,38,38],"current_hp_per_floor":[70,70,70,70,70,60,60,53,53,53,47,47,47,47,47,61,70,70,70,70,57,33,55,55,75,75,85,85,85,81,60,60,62,91,93,93,93,93,67,67,67,67,67,63,63,65,67,69,99,63],"gold":152,"neow_bonus":"","is_prod":false,"is_daily":true,"chose_seed":false,"campfire_upgraded":7,"win_rate":0,"timestamp":1559102205,"path_taken":["M","?","M","?","$","E","R","?","T","?","E","?","E","M","R","BOSS","M","$","M","?","M","R","E","R","T","?","R","M","?","E","R","BOSS","M","M","?","$","?","R","M","R","T","E","R","M","E","M","R","BOSS"],"build_version":"2019-01-23","purchased_purges":1,"victory":true,"max_hp_per_floor":[70,70,70,70,70,70,70,70,70,70,70,70,70,70,70,70,70,70,70,70,75,75,75,75,75,75,85,85,85,87,89,89,91,91,93,93,93,93,93,93,93,93,93,95,95,97,99,101,101,101],"card_choices":[{"not_picked":["Cloak And Dagger","Flying Knee","Distraction"],"picked":"SKIP","floor":1},{"not_picked":["Escape Plan","Setup"],"picked":"Well Laid Plans","floor":2},{"not_picked":["Crippling Poison","Blur"],"picked":"Backstab","floor":3},{"not_picked":["Eviscerate","Endless Agony","Prepared"],"picked":"SKIP","floor":6},{"not_picked":["Backflip","Reflex"],"picked":"Night Terror","floor":8},{"not_picked":["Heel Hook","Masterful Stab"],"picked":"PiercingWail","floor":10},{"not_picked":["Blade Dance","Poisoned Stab","Sucker Punch"],"picked":"SKIP","floor":11},{"not_picked":["Crippling Poison","Dagger Throw"],"picked":"Corpse Explosion","floor":13},{"not_picked":["Acrobatics","Slice"],"picked":"Backflip","floor":14},{"not_picked":["Die Die Die","Burst"],"picked":"Tools of the Trade","floor":16},{"not_picked":["Dagger Spray","Prepared","Distraction"],"picked":"SKIP","floor":18},{"not_picked":["Deflect","Predator","Poisoned Stab"],"picked":"SKIP","floor":20},{"not_picked":["Underhanded Strike","Blade Dance"],"picked":"Backflip","floor":22},{"not_picked":["Distraction","Riddle With Holes","Bane"],"picked":"SKIP","floor":24},{"not_picked":["Acrobatics","Backflip"],"picked":"Crippling Poison","floor":29},{"not_picked":["Prepared","Well Laid Plans","Outmaneuver"],"picked":"Singing Bowl","floor":30},{"not_picked":["Noxious Fumes","Dash","Backflip"],"picked":"Singing Bowl","floor":31},{"not_picked":["Doppelganger","Phantasmal Killer","Tools of the Trade"],"picked":"Singing Bowl","floor":33},{"not_picked":["Leg Sweep","Escape Plan","Terror+1"],"picked":"Singing Bowl","floor":35},{"not_picked":["Skewer","Acrobatics+1"],"picked":"Blade Dance+1","floor":36},{"not_picked":["Flying Knee","Underhanded Strike+1"],"picked":"Blade Dance+1","floor":37},{"not_picked":["Calculated Gamble","Masterful Stab"],"picked":"Cloak And Dagger+1","floor":39},{"not_picked":["Slice","Noxious Fumes+1"],"picked":"Dodge and Roll+1","floor":41},{"not_picked":["Venomology","Dagger Spray+1","Reflex+1"],"picked":"Singing Bowl","floor":44},{"not_picked":["Flechettes+1","Slice+1","Outmaneuver+1"],"picked":"Singing Bowl","floor":46},{"not_picked":["Tools of the Trade","Deflect+1","Skewer"],"picked":"Singing Bowl","floor":47},{"not_picked":["Finisher","Flechettes+1","Accuracy+1"],"picked":"Singing Bowl","floor":48}],"player_experience":3721715,"relics_obtained":[{"floor":6,"key":"Lantern"},{"floor":8,"key":"Mummified Hand"},{"floor":11,"key":"FossilizedHelix"},{"floor":12,"key":"Shuriken"},{"floor":13,"key":"Happy Flower"},{"floor":24,"key":"Potion Belt"},{"floor":26,"key":"Bag of Marbles"},{"floor":30,"key":"Singing Bowl"},{"floor":31,"key":"Kunai"},{"floor":39,"key":"Paper Crane"},{"floor":43,"key":"The Specimen"},{"floor":44,"key":"PreservedInsect"},{"floor":47,"key":"Gremlin Horn"}],"event_choices":[{"damage_healed":0,"gold_gain":0,"player_choice":"Trade","damage_taken":0,"relics_obtained":["NlothsMask"],"max_hp_gain":0,"max_hp_loss":0,"event_name":"FaceTrader","floor":4,"gold_loss":0},{"damage_healed":0,"gold_gain":0,"player_choice":"Shed Blood","damage_taken":18,"max_hp_gain":5,"max_hp_loss":0,"event_name":"Forgotten Altar","floor":21,"gold_loss":0},{"cards_removed":["Quick Slash"],"damage_healed":0,"gold_gain":0,"player_choice":"Gave Card","damage_taken":0,"relics_obtained":["Pear"],"max_hp_gain":0,"max_hp_loss":0,"event_name":"WeMeetAgain","floor":27,"gold_loss":0}],"is_beta":false,"boss_relics":[{"not_picked":["Busted Crown","Fusion Hammer"],"picked":"Astrolabe"},{"not_picked":["Runic Dome","Empty Cage"],"picked":"Philosopher\u0027s Stone"}],"items_purged_floors":[5],"is_endless":false,"potions_floor_spawned":[1,2,6,10,11,18,22,29,36,37,41,47],"ascension_level":0}