{"gold_per_floor":[367,378,553,564,18,18,32,60,113,113,14,30,65,75,75,180,180,194,208,219,219,219,219,249,267,293,201,221,256,271,287,287,385,385,400,416,431,445,19,53,53,72,96,96],"floor_reached":44,"playtime":3463,"items_purged":["Doubt","Strike_G","Strike_G"],"score":596,"play_id":"5a715622-98f8-4995-92b1-3f268c370290","local_time":"20181110172857","is_ascension_mode":false,"campfire_choices":[{"data":"Apotheosis","floor":6,"key":"SMITH"},{"data":"Neutralize","floor":10,"key":"SMITH"},{"data":"Calculated Gamble","floor":15,"key":"SMITH"},{"data":"Adrenaline","floor":23,"key":"SMITH"},{"floor":32,"key":"REST"}],"neow_cost":"TEN_PERCENT_HP_LOSS","seed_source_timestamp":513631959337312,"circlet_count":0,"master_deck":["Defend_G","Defend_G","Defend_G","Defend_G","Defend_G","Strike_G","Strike_G","Strike_G","Survivor","Neutralize+1","Calculated Gamble+1","Poisoned Stab","Backflip","Apotheosis+1","Flying Knee","Sucker Punch","Blur","Adrenaline+1","Leg Sweep","Backflip","PiercingWail+1","Necronomicurse","PiercingWail+1","Outmaneuver+1","After Image","Backstab","Underhanded Strike+1","Quick Slash+1","Footwork","Quick Slash+1","Master of Strategy","Distraction+1"],"relics":["Ring of the Serpent","Matryoshka","Mercury Hourglass","Bag of Marbles","Smiling Mask","Torii","Sozu","Necronomicon","Gremlin Horn","Omamori","Orichalcum","Ornamental Fan","Ginger","Tingsha","Letter Opener","Pen Nib"],"potions_floor_usage":[8,8,8,13,13,24,24],"damage_taken":[{"damage":2,"enemies":"Jaw Worm","floor":1,"turns":5},{"damage":3,"enemies":"2 Louse","floor":2,"turns":3},{"damage":0,"enemies":"Cultist","floor":4,"turns":4},{"damage":0,"enemies":"2 Fungi Beasts","floor":7,"turns":3},{"damage":10,"enemies":"3 Sentries","floor":8,"turns":8},{"damage":0,"enemies":"Exordium Wildlife","floor":12,"turns":3},{"damage":2,"enemies":"Lagavulin","floor":13,"turns":4},{"damage":0,"enemies":"3 Louse","floor":14,"turns":2},{"damage":0,"enemies":"Hexaghost","floor":16,"turns":11},{"damage":0,"enemies":"Spheric Guardian","floor":18,"turns":4},{"damage":0,"enemies":"2 Thieves","floor":19,"turns":4},{"damage":1,"enemies":"Cultist and Chosen","floor":20,"turns":8},{"damage":0,"enemies":"Slavers","floor":24,"turns":7},{"damage":1,"enemies":"Centurion and Healer","floor":25,"turns":10},{"damage":0,"enemies":"Shelled Parasite and Fungi","floor":28,"turns":7},{"damage":1,"enemies":"Book of Stabbing","floor":29,"turns":8},{"damage":0,"enemies":"Snake Plant","floor":30,"turns":5},{"damage":1,"enemies":"Centurion and Healer","floor":31,"turns":9},{"damage":13,"enemies":"Champ","floor":33,"turns":20},{"damage":1,"enemies":"Orb Walker","floor":35,"turns":4},{"damage":0,"enemies":"3 Shapes","floor":36,"turns":5},{"damage":7,"enemies":"Spire Growth","floor":37,"turns":7},{"damage":8,"enemies":"Sphere and 2 Shapes","floor":38,"turns":6},{"damage":16,"enemies":"Giant Head","floor":40,"turns":10},{"damage":0,"enemies":"4 Shapes","floor":42,"turns":2},{"damage":33,"enemies":"Reptomancer","floor":44,"turns":2}],"seed_played":"5939517303066178051","potions_obtained":[{"floor":1,"key":"GhostInAJar"},{"floor":2,"key":"GamblersBrew"},{"floor":8,"key":"Block Potion"},{"floor":12,"key":"Ancient Potion"},{"floor":16,"key":"Dexterity Potion"}],"is_trial":false,"path_per_floor":["M","M","?","M","$","R","M","E","T","R","$","M","E","M","R","B",null,"M","M","M","?","?","R","E","M","T","?","M","E","M","M","R","B",null,"M","M","M","M","$","E","?","M","T","E"],"character_chosen":"THE_SILENT","items_purchased":["Matryoshka","Apotheosis","Dexterity Potion","Energy Potion","Footwork","Tingsha"],"campfire_rested":1,"item_purchase_floors":[5,5,5,11,39,39],"current_hp_per_floor":[61,58,58,58,58,58,58,48,48,48,48,48,46,46,46,46,63,63,63,62,46,46,46,46,45,45,45,45,44,44,43,61,48,63,62,62,55,47,47,31,31,31,31,0],"gold":96,"neow_bonus":"TWO_FIFTY_GOLD","is_prod":false,"is_daily":false,"chose_seed":false,"campfire_upgraded":4,"win_rate":0,"timestamp":1541888937,"path_taken":["M","M","?","M","$","R","M","E","T","R","$","M","E","M","R","BOSS","M","M","M","?","?","R","E","M","T","?","M","E","M","?","R","BOSS","M","M","M","M","$","E","?","M","T","E"],"build_version":"2018-11-08","purchased_purges":3,"victory":false,"max_hp_per_floor":[63,63,63,63,63,63,63,63,63,63,63,63,63,63,63,63,63,63,63,63,63,63,63,63,63,63,63,63,63,63,63,63,63,63,63,63,63,63,63,63,63,63,63,63],"card_choices":[{"not_picked":["Expertise","Underhanded Strike"],"picked":"Calculated Gamble","floor":1},{"not_picked":["Slice","Sucker Punch"],"picked":"Poisoned Stab","floor":2},{"not_picked":["Dodge and Roll","Sucker Punch"],"picked":"Backflip","floor":4},{"not_picked":["Acrobatics","Prepared"],"picked":"Flying Knee","floor":7},{"not_picked":["Eviscerate","Blade Dance","Infinite Blades"],"picked":"SKIP","floor":8},{"not_picked":["Distraction","Dodge and Roll"],"picked":"Sucker Punch","floor":12},{"not_picked":["Dagger Spray","Accuracy"],"picked":"Blur","floor":13},{"not_picked":["Cloak And Dagger","Phantasmal Killer","Underhanded Strike"],"picked":"SKIP","floor":14},{"not_picked":["Phantasmal Killer","Grand Finale"],"picked":"Adrenaline","floor":16},{"not_picked":["Flying Knee","Slice"],"picked":"Leg Sweep","floor":18},{"not_picked":["Acrobatics","Dodge and Roll"],"picked":"Backflip","floor":19},{"not_picked":["Distraction","Acrobatics+1"],"picked":"PiercingWail+1","floor":20},{"not_picked":["Eviscerate","Wraith Form v2"],"picked":"PiercingWail+1","floor":24},{"not_picked":["All Out Attack","Underhanded Strike+1","Prepared"],"picked":"SKIP","floor":25},{"not_picked":["Masterful Stab","Deadly Poison"],"picked":"Outmaneuver+1","floor":28},{"not_picked":["Slice","Endless Agony","Sucker Punch+1"],"picked":"SKIP","floor":29},{"not_picked":["Dagger Throw","Cloak And Dagger","Doppelganger"],"picked":"SKIP","floor":30},{"not_picked":["Bane+1","Eviscerate","Blade Dance"],"picked":"SKIP","floor":31},{"not_picked":["Wraith Form v2","Envenom"],"picked":"After Image","floor":33},{"not_picked":["Poisoned Stab+1","Flechettes+1"],"picked":"Backstab","floor":35},{"not_picked":["Bane+1","Reflex","PiercingWail"],"picked":"SKIP","floor":36},{"not_picked":["Outmaneuver","Quick Slash+1"],"picked":"Underhanded Strike+1","floor":37},{"not_picked":["Slice","Accuracy+1"],"picked":"Quick Slash+1","floor":38},{"not_picked":["Deflect","Catalyst+1"],"picked":"Quick Slash+1","floor":40},{"not_picked":["Apotheosis","Forethought"],"picked":"Master of Strategy","floor":41},{"not_picked":["Endless Agony+1","Poisoned Stab"],"picked":"Distraction+1","floor":42}],"player_experience":2190397,"relics_obtained":[{"floor":8,"key":"Mercury Hourglass"},{"floor":9,"key":"Bag of Marbles"},{"floor":9,"key":"Smiling Mask"},{"floor":13,"key":"Torii"},{"floor":21,"key":"Necronomicon"},{"floor":24,"key":"Gremlin Horn"},{"floor":26,"key":"Omamori"},{"floor":26,"key":"Orichalcum"},{"floor":29,"key":"Ginger"},{"floor":40,"key":"Letter Opener"},{"floor":43,"key":"Pen Nib"}],"event_choices":[{"damage_healed":0,"gold_gain":175,"player_choice":"AGREE","damage_taken":0,"max_hp_gain":0,"max_hp_loss":0,"event_name":"Liars Game","floor":3,"gold_loss":0,"cards_obtained":["Doubt"]},{"damage_healed":0,"gold_gain":0,"player_choice":"Obtained Book","damage_taken":16,"max_hp_gain":0,"max_hp_loss":0,"event_name":"Cursed Tome","floor":21,"gold_loss":0},{"damage_healed":0,"gold_gain":0,"player_choice":"Ignored","damage_taken":0,"max_hp_gain":0,"max_hp_loss":0,"event_name":"Ghosts","floor":22,"gold_loss":0},{"damage_healed":0,"gold_gain":0,"player_choice":"Paid Gold","damage_taken":0,"relics_obtained":["Ornamental Fan"],"max_hp_gain":0,"max_hp_loss":0,"event_name":"WeMeetAgain","floor":27,"gold_loss":92},{"damage_healed":0,"gold_gain":0,"player_choice":"Memory 1","damage_taken":0,"max_hp_gain":0,"max_hp_loss":0,"event_name":"SensoryStone","floor":41,"gold_loss":0}],"is_beta":false,"boss_relics":[{"not_picked":["Lizard Tail","Orrery"],"picked":"Sozu"},{"not_picked":["Eternal Feather","Coffee Dripper"],"picked":"Ring of the Serpent"}],"items_purged_floors":[5,11,39],"is_endless":false,"potions_floor_spawned":[1,2,8,12,16,19,25,28,31,33,35,37,38],"killed_by":"Reptomancer","ascension_level":0}