{"gold_per_floor":[112,112,31,51,66,100,120,120,120,120,178,192,15,40,40,137,137,148,148,47,47,66,66,85,85,109,109,126,126,126,126,126,224,224,244,244,87,101,112,112,129,129,155,165,165,178,178,23,23,23],"floor_reached":51,"playtime":3485,"items_purged":["Strike_G"],"score":620,"play_id":"3787ef33-5f72-42b3-8c85-42caa8ab6da3","local_time":"20190627091524","is_ascension_mode":false,"campfire_choices":[{"data":"Noxious Fumes","floor":8,"key":"SMITH"},{"data":"Bane","floor":15,"key":"SMITH"},{"data":"Footwork","floor":23,"key":"SMITH"},{"data":"Bouncing Flask","floor":25,"key":"SMITH"},{"data":"Well Laid Plans","floor":27,"key":"SMITH"},{"floor":32,"key":"REST"},{"floor":40,"key":"REST"},{"floor":49,"key":"REST"}],"neow_cost":"NONE","seed_source_timestamp":1239106326751651,"circlet_count":0,"master_deck":["Survivor","Neutralize","Sucker Punch","Noxious Fumes+1","Leg Sweep+1","All Out Attack","Well Laid Plans+1","Bane+1","Deflect","After Image","Flechettes","Footwork+1","Unload","Flying Knee","Finisher","Grand Finale","Cloak And Dagger","Setup","PiercingWail+1","Backflip","Leg Sweep","Bouncing Flask+1","Terror","Regret","Pain","Tools of the Trade","Footwork","Dark Shackles","Bandage Up","Escape Plan+1","Backflip+1","Backflip+1","Burst"],"relics":["Ring of the Snake","Juzu Bracelet","GremlinMask","Dodecahedron","Blue Candle","Meat on the Bone","Ancient Tea Set","Pandora\u0027s Box","Paper Crane","War Paint","WarpedTongs","Sozu","Bag of Preparation","Bronze Scales"],"potions_floor_usage":[6,12,16,18,33,33,33,50],"damage_taken":[{"damage":0,"enemies":"Jaw Worm","floor":1,"turns":4},{"damage":1,"enemies":"Cultist","floor":4,"turns":4},{"damage":2,"enemies":"Small Slimes","floor":5,"turns":5},{"damage":11,"enemies":"3 Sentries","floor":6,"turns":6},{"damage":17,"enemies":"Exordium Thugs","floor":7,"turns":6},{"damage":5,"enemies":"2 Fungi Beasts","floor":12,"turns":4},{"damage":18,"enemies":"Slime Boss","floor":16,"turns":7},{"damage":0,"enemies":"3 Byrds","floor":18,"turns":4},{"damage":7,"enemies":"Chosen","floor":22,"turns":5},{"damage":3,"enemies":"Snake Plant","floor":24,"turns":6},{"damage":1,"enemies":"Chosen and Byrds","floor":28,"turns":6},{"damage":9,"enemies":"Collector","floor":33,"turns":8},{"damage":4,"enemies":"Orb Walker","floor":35,"turns":4},{"damage":3,"enemies":"3 Darklings","floor":38,"turns":7},{"damage":51,"enemies":"Sphere and 2 Shapes","floor":39,"turns":8},{"damage":7,"enemies":"Writhing Mass","floor":41,"turns":8},{"damage":12,"enemies":"3 Darklings","floor":44,"turns":6},{"damage":3,"enemies":"Maw","floor":46,"turns":9},{"damage":4,"enemies":"Time Eater","floor":50,"turns":13}],"seed_played":"1144829631417337119","potions_obtained":[{"floor":4,"key":"SteroidPotion"},{"floor":5,"key":"SteroidPotion"},{"floor":7,"key":"Regen Potion"},{"floor":16,"key":"Explosive Potion"},{"floor":18,"key":"EssenceOfSteel"},{"floor":28,"key":"AttackPotion"},{"floor":33,"key":"FearPotion"}],"is_trial":false,"path_per_floor":["M","?","$","M","M","E","M","R","T","?","?","M","$","T","R","B",null,"M","?","$","?","M","R","M","R","T","R","M","?","?","?","R","B",null,"M","?","$","M","M","R","M","?","T","M","?","M","?","$","R","B",null],"character_chosen":"THE_SILENT","items_purchased":["Noxious Fumes","GhostInAJar","Deflect","PiercingWail","Backflip","Bag of Preparation","Burst"],"campfire_rested":3,"item_purchase_floors":[3,13,13,20,20,37,48],"current_hp_per_floor":[70,70,70,69,67,56,39,39,39,27,27,46,46,46,46,40,70,70,70,70,70,63,63,60,60,60,60,59,46,46,46,68,59,75,71,61,61,62,27,49,46,46,46,38,38,47,47,47,68,68],"gold":23,"neow_bonus":"RANDOM_COMMON_RELIC","is_prod":false,"is_daily":false,"chose_seed":false,"campfire_upgraded":5,"win_rate":0,"timestamp":1561641324,"path_taken":["M","?","$","M","M","E","M","R","T","?","?","M","$","?","R","BOSS","M","?","$","?","M","R","M","R","T","R","M","?","?","?","R","BOSS","M","?","$","M","M","R","M","?","T","M","?","M","?","$","R","BOSS"],"build_version":"2019-01-23","purchased_purges":1,"victory":true,"max_hp_per_floor":[70,70,70,70,70,70,70,70,70,70,70,70,70,70,70,70,70,70,70,70,70,70,70,70,70,70,70,70,75,75,75,75,75,75,75,75,75,75,75,75,75,75,75,75,75,75,71,71,71,71],"card_choices":[{"not_picked":["Slice","Blade Dance"],"picked":"Sucker Punch","floor":1},{"not_picked":["Choke","Finisher"],"picked":"Leg Sweep","floor":4},{"not_picked":["Acrobatics","Concentrate"],"picked":"All Out Attack","floor":5},{"not_picked":["Acrobatics","Dagger Spray"],"picked":"Well Laid Plans","floor":6},{"not_picked":["Blade Dance","Dagger Spray","Prepared"],"picked":"SKIP","floor":7},{"not_picked":["All Out Attack","Venomology"],"picked":"Bane","floor":12},{"not_picked":["Envenom","Venomology"],"picked":"After Image","floor":16},{"not_picked":["Endless Agony","Deflect","Flechettes"],"picked":"SKIP","floor":18},{"not_picked":["Setup","Flying Knee"],"picked":"Leg Sweep","floor":22},{"not_picked":["Backstab","Outmaneuver"],"picked":"Bouncing Flask","floor":24},{"not_picked":["Cloak And Dagger","Quick Slash","Sucker Punch"],"picked":"SKIP","floor":28},{"not_picked":["Phantasmal Killer","Storm of Steel"],"picked":"Tools of the Trade","floor":33},{"not_picked":["Noxious Fumes","Caltrops"],"picked":"Footwork","floor":35},{"not_picked":["Secret Weapon","Jack Of All Trades"],"picked":"Dark Shackles","floor":36},{"not_picked":["Trip","Purity"],"picked":"Bandage Up","floor":36},{"not_picked":["Bane","Predator","Infinite Blades+1"],"picked":"SKIP","floor":38},{"not_picked":["Dagger Spray+1","Dagger Throw"],"picked":"Escape Plan+1","floor":39},{"not_picked":["Deflect","Deadly Poison","Poisoned Stab"],"picked":"SKIP","floor":41},{"not_picked":["Slice+1","Outmaneuver+1"],"picked":"Backflip+1","floor":44},{"not_picked":["Masterful Stab+1","Flechettes+1"],"picked":"Backflip+1","floor":46}],"player_experience":3840124,"relics_obtained":[{"floor":6,"key":"Dodecahedron"},{"floor":9,"key":"Blue Candle"},{"floor":14,"key":"Ancient Tea Set"},{"floor":26,"key":"War Paint"},{"floor":43,"key":"Bronze Scales"}],"event_choices":[{"damage_healed":0,"gold_gain":0,"player_choice":"Trade","damage_taken":0,"relics_obtained":["GremlinMask"],"max_hp_gain":0,"max_hp_loss":0,"event_name":"FaceTrader","floor":2,"gold_loss":0},{"damage_healed":0,"gold_gain":0,"player_choice":"Success","damage_taken":12,"relics_obtained":["Meat on the Bone"],"max_hp_gain":0,"max_hp_loss":0,"event_name":"Scrap Ooze","floor":10,"gold_loss":0},{"damage_healed":0,"gold_gain":58,"player_choice":"Gained Gold","damage_taken":0,"max_hp_gain":0,"max_hp_loss":0,"event_name":"Golden Wing","floor":11,"gold_loss":0},{"damage_healed":0,"gold_gain":0,"player_choice":"Bought 0 Potions","damage_taken":0,"max_hp_gain":0,"max_hp_loss":0,"event_name":"The Woman in Blue","floor":19,"gold_loss":0},{"damage_healed":0,"gold_gain":0,"player_choice":"Opened","damage_taken":0,"relics_obtained":["Paper Crane"],"max_hp_gain":0,"max_hp_loss":0,"event_name":"The Mausoleum","floor":21,"gold_loss":0,"cards_obtained":["Writhe"]},{"damage_healed":0,"gold_gain":0,"player_choice":"Shed Blood","damage_taken":18,"max_hp_gain":5,"max_hp_loss":0,"event_name":"Forgotten Altar","floor":29,"gold_loss":0},{"damage_healed":0,"gold_gain":0,"cards_transformed":["Masterful Stab","Writhe"],"player_choice":"Became Test Subject","damage_taken":0,"max_hp_gain":0,"max_hp_loss":0,"event_name":"Drug Dealer","floor":30,"gold_loss":0,"cards_obtained":["Terror","Regret"]},{"damage_healed":0,"gold_gain":0,"player_choice":"Rummage","damage_taken":0,"relics_obtained":["WarpedTongs"],"max_hp_gain":0,"max_hp_loss":0,"event_name":"Accursed Blacksmith","floor":31,"gold_loss":0,"cards_obtained":["Pain"]},{"damage_healed":0,"gold_gain":0,"player_choice":"Memory 3","damage_taken":10,"max_hp_gain":0,"max_hp_loss":0,"event_name":"SensoryStone","floor":36,"gold_loss":0},{"damage_healed":0,"gold_gain":0,"player_choice":"Ignored","damage_taken":0,"max_hp_gain":0,"max_hp_loss":0,"event_name":"Mysterious Sphere","floor":42,"gold_loss":0},{"damage_healed":0,"gold_gain":0,"player_choice":"Ignored","damage_taken":0,"max_hp_gain":0,"max_hp_loss":0,"event_name":"Tomb of Lord Red Mask","floor":45,"gold_loss":0},{"damage_healed":0,"gold_gain":0,"player_choice":"Max HP","damage_taken":0,"max_hp_gain":0,"max_hp_loss":4,"event_name":"Winding Halls","floor":47,"gold_loss":0}],"is_beta":false,"boss_relics":[{"not_picked":["Runic Pyramid","Runic Dome"],"picked":"Pandora\u0027s Box"},{"not_picked":["Cursed Key","Black Star"],"picked":"Sozu"}],"items_purged_floors":[13],"is_endless":false,"potions_floor_spawned":[4,5,7,16,18,28,33,38,39],"ascension_level":0}