{"gold_per_floor":[110,130,80,97,97,97,97,97,120,153,76,76,95,113,113,206,206,226,245,245,260,38,73,73,96,149,149,163,163,204,224,224,317,317,333,349,26,359,359,359,388,98,125,150,160,180,180,192,192,192],"floor_reached":50,"playtime":4878,"items_purged":["Strike_B","Strike_B+1"],"score":1027,"play_id":"5ddd0f4f-2542-4e04-993d-41cc98459ed5","local_time":"20190221174844","is_ascension_mode":true,"campfire_choices":[{"data":"Sweeping Beam","floor":6,"key":"SMITH"},{"data":"Ball Lightning","floor":12,"key":"SMITH"},{"data":"Steam","floor":15,"key":"SMITH"},{"floor":24,"key":"REST"},{"floor":27,"key":"REST"},{"floor":32,"key":"REST"},{"data":"Buffer","floor":40,"key":"SMITH"},{"floor":47,"key":"REST"},{"data":"Capacitor","floor":49,"key":"SMITH"}],"neow_cost":"NONE","seed_source_timestamp":771409015772082,"circlet_count":0,"master_deck":["AscendersBane","Defend_B+1","Defend_B+1","Defend_B+1","Defend_B+1","Zap+1","Dualcast","Cold Snap","Sweeping Beam+1","Leap","Ball Lightning+1","Darkness","Steam+1","Chill","Echo Form","Stack","Streamline","Reinforced Body","Buffer+1","Leap","Defragment","Conserve Battery","Chaos+1","Defragment+1","Seek","Creative AI","Leap+1","BootSequence","Defragment","Steam","Aggregate","Stack","Chill","Cold Snap","BootSequence+1","Capacitor+1"],"relics":["Cracked Core","Anchor","Centennial Puzzle","Orrery","Ancient Tea Set","Strawberry","Bag of Preparation","Omamori","Runic Pyramid","Lee\u0027s Waffle","Lantern","Oddly Smooth Stone","Question Card"],"potions_floor_usage":[10,10,16,18,21,25,30,33,41,41,44,45,50,50],"damage_taken":[{"damage":1,"enemies":"Cultist","floor":1,"turns":3},{"damage":3,"enemies":"Small Slimes","floor":2,"turns":3},{"damage":0,"enemies":"2 Louse","floor":4,"turns":2},{"damage":26,"enemies":"Gremlin Nob","floor":10,"turns":4},{"damage":3,"enemies":"2 Fungi Beasts","floor":13,"turns":3},{"damage":0,"enemies":"Red Slaver","floor":14,"turns":3},{"damage":22,"enemies":"The Guardian","floor":16,"turns":10},{"damage":0,"enemies":"3 Byrds","floor":18,"turns":4},{"damage":2,"enemies":"Chosen","floor":19,"turns":4},{"damage":16,"enemies":"Snake Plant","floor":21,"turns":6},{"damage":25,"enemies":"Book of Stabbing","floor":23,"turns":6},{"damage":0,"enemies":"Centurion and Healer","floor":25,"turns":12},{"damage":8,"enemies":"Shelled Parasite and Fungi","floor":28,"turns":8},{"damage":24,"enemies":"Slavers","floor":30,"turns":6},{"damage":4,"enemies":"Snecko","floor":31,"turns":4},{"damage":27,"enemies":"Champ","floor":33,"turns":18},{"damage":37,"enemies":"3 Darklings","floor":35,"turns":7},{"damage":2,"enemies":"Orb Walker","floor":36,"turns":4},{"damage":11,"enemies":"Reptomancer","floor":41,"turns":10},{"damage":0,"enemies":"Giant Head","floor":44,"turns":12},{"damage":19,"enemies":"Transient","floor":45,"turns":5},{"damage":0,"enemies":"Spire Growth","floor":46,"turns":8},{"damage":2,"enemies":"Jaw Worm Horde","floor":48,"turns":6},{"damage":90,"enemies":"Awakened One","floor":50,"turns":24}],"seed_played":"-7346407500014814416","potions_obtained":[{"floor":1,"key":"AttackPotion"},{"floor":2,"key":"PowerPotion"},{"floor":13,"key":"Poison Potion"},{"floor":16,"key":"Explosive Potion"},{"floor":19,"key":"SpeedPotion"},{"floor":23,"key":"Block Potion"},{"floor":25,"key":"Energy Potion"},{"floor":31,"key":"Weak Potion"},{"floor":36,"key":"Poison Potion"},{"floor":45,"key":"Ancient Potion"},{"floor":46,"key":"FearPotion"},{"floor":48,"key":"Strength Potion"}],"is_trial":false,"path_per_floor":["M","M","?","M","?","R","?","?","T","E","$","R","M","M","R","B",null,"M","M","?","M","$","E","R","M","T","R","M","?","E","M","R","B",null,"M","M","$","?","?","R","E","$","T","E","M","M","R","M","R","B"],"character_chosen":"DEFECT","items_purchased":["Darkness","Ancient Tea Set","Lee\u0027s Waffle","Defragment","PowerPotion","Aggregate","Stack","Block Potion","Explosive Potion"],"campfire_rested":4,"item_purchase_floors":[11,22,37,37,37,42,42,42,42],"current_hp_per_floor":[67,64,64,64,69,69,62,62,62,36,36,36,33,33,33,11,58,58,56,56,40,40,22,46,46,46,70,62,62,38,34,58,31,69,32,30,88,88,84,84,73,73,73,73,54,54,79,77,77,0],"gold":192,"neow_bonus":"UPGRADE_CARD","is_prod":false,"is_daily":false,"chose_seed":false,"campfire_upgraded":5,"win_rate":0,"timestamp":1550789324,"path_taken":["M","M","?","M","?","R","?","?","T","E","$","R","M","M","R","BOSS","M","M","?","?","$","E","R","M","T","R","M","?","E","M","R","BOSS","M","M","$","?","?","R","E","$","T","E","M","M","R","M","R","BOSS"],"build_version":"2019-01-23","purchased_purges":2,"victory":false,"max_hp_per_floor":[75,75,75,75,80,80,80,74,74,74,74,74,74,74,74,74,74,74,74,74,74,74,81,81,81,81,81,81,81,81,81,81,81,81,81,81,88,88,84,84,84,84,84,84,84,84,84,84,84,84],"card_choices":[{"not_picked":["Consume","Reinforced Body"],"picked":"Cold Snap","floor":1},{"not_picked":["Reprogram","Coolheaded"],"picked":"Sweeping Beam","floor":2},{"not_picked":["Heatsinks","Loop"],"picked":"Leap","floor":4},{"not_picked":["Consume","Sweeping Beam"],"picked":"Ball Lightning","floor":10},{"not_picked":["Barrage","Aggregate"],"picked":"Steam","floor":13},{"not_picked":["Hologram","Rip and Tear"],"picked":"Chill","floor":14},{"not_picked":["Buffer","Hyperbeam"],"picked":"Echo Form","floor":16},{"not_picked":["Barrage","Sweeping Beam"],"picked":"Stack","floor":17},{"not_picked":["Hologram","Ball Lightning"],"picked":"Streamline","floor":17},{"not_picked":["Beam Cell","Hello World"],"picked":"Reinforced Body","floor":17},{"not_picked":["Auto Shields","Beam Cell"],"picked":"Buffer","floor":18},{"not_picked":["Hologram","Ball Lightning"],"picked":"Leap","floor":19},{"not_picked":["Go for the Eyes","Sunder+1"],"picked":"Defragment","floor":21},{"not_picked":["Hologram","Sweeping Beam"],"picked":"Conserve Battery","floor":23},{"not_picked":["Darkness","Beam Cell"],"picked":"Chaos+1","floor":25},{"not_picked":["Force Field","Aggregate","Genetic Algorithm"],"picked":"SKIP","floor":28},{"not_picked":["Sweeping Beam","Auto Shields"],"picked":"Defragment+1","floor":30},{"not_picked":["Compile Driver+1","Go for the Eyes"],"picked":"Seek","floor":31},{"not_picked":["Rainbow","All For One"],"picked":"Creative AI","floor":33},{"not_picked":["Rebound","Go for the Eyes+1"],"picked":"Leap+1","floor":35},{"not_picked":["Darkness+1","Genetic Algorithm"],"picked":"BootSequence","floor":36},{"not_picked":["Skim","Hyperbeam"],"picked":"Steam","floor":41},{"not_picked":["Ball Lightning+1","Leap"],"picked":"Chill","floor":44},{"not_picked":["Steam Power","Static Discharge+1","Sunder"],"picked":"Cold Snap","floor":45},{"not_picked":["Static Discharge","Ball Lightning+1","Consume"],"picked":"BootSequence+1","floor":46},{"not_picked":["Go for the Eyes","Conserve Battery","Fusion+1"],"picked":"Capacitor","floor":48}],"player_experience":3042350,"relics_obtained":[{"floor":9,"key":"Anchor"},{"floor":10,"key":"Centennial Puzzle"},{"floor":23,"key":"Strawberry"},{"floor":26,"key":"Bag of Preparation"},{"floor":30,"key":"Omamori"},{"floor":41,"key":"Lantern"},{"floor":43,"key":"Oddly Smooth Stone"},{"floor":44,"key":"Question Card"}],"event_choices":[{"cards_removed":["Strike_B"],"damage_healed":0,"gold_gain":0,"player_choice":"Card Removal","damage_taken":0,"max_hp_gain":0,"max_hp_loss":0,"event_name":"The Cleric","floor":3,"gold_loss":50},{"damage_healed":0,"gold_gain":0,"player_choice":"Donut","damage_taken":0,"max_hp_gain":5,"max_hp_loss":0,"event_name":"Big Fish","floor":5,"gold_loss":0},{"cards_removed":["Strike_B"],"damage_healed":0,"gold_gain":0,"player_choice":"Card Removal","damage_taken":7,"max_hp_gain":0,"max_hp_loss":0,"event_name":"Golden Wing","floor":7,"gold_loss":0},{"damage_healed":0,"gold_gain":0,"player_choice":"Lose Max HP","damage_taken":0,"relics_obtained":["Golden Idol"],"max_hp_gain":0,"max_hp_loss":6,"event_name":"Golden Idol","floor":8,"gold_loss":0},{"damage_healed":0,"gold_gain":0,"player_choice":"Ignored","damage_taken":0,"max_hp_gain":0,"max_hp_loss":0,"event_name":"N\u0027loth","floor":20,"gold_loss":0},{"damage_healed":0,"gold_gain":0,"player_choice":"Simplicity","damage_taken":0,"max_hp_gain":0,"max_hp_loss":0,"event_name":"Back to Basics","floor":29,"gold_loss":0,"cards_upgraded":["Strike_B","Defend_B","Defend_B","Defend_B","Defend_B"]},{"damage_healed":0,"gold_gain":333,"player_choice":"Gave Idol","damage_taken":0,"max_hp_gain":0,"max_hp_loss":0,"event_name":"The Moai Head","floor":38,"relics_lost":["Golden Idol"],"gold_loss":0},{"damage_healed":0,"gold_gain":0,"player_choice":"Max HP","damage_taken":0,"max_hp_gain":0,"max_hp_loss":4,"event_name":"Winding Halls","floor":39,"gold_loss":0}],"is_beta":false,"boss_relics":[{"not_picked":["Eternal Feather","Philosopher\u0027s Stone"],"picked":"Orrery"},{"not_picked":["Fusion Hammer","Inserter"],"picked":"Runic Pyramid"}],"items_purged_floors":[22,42],"is_endless":false,"potions_floor_spawned":[1,2,13,16,19,23,25,31,36,45,46,48],"killed_by":"Awakened One","ascension_level":13}