{"gold_per_floor":[116,59,76,88,88,88,98,111,156,156,175,175,112,132,132,132],"floor_reached":16,"playtime":667,"items_purged":[],"score":188,"play_id":"58fb6553-7732-454e-80c5-2268285fe00a","local_time":"20181120151629","is_ascension_mode":true,"campfire_choices":[{"data":"Neutralize","floor":6,"key":"SMITH"},{"floor":12,"key":"REST"},{"data":"Footwork","floor":15,"key":"SMITH"}],"neow_cost":"NONE","seed_source_timestamp":579039255531767,"circlet_count":0,"master_deck":["AscendersBane","Defend_G","Defend_G","Defend_G","Defend_G","Defend_G","Strike_G","Strike_G","Strike_G","Strike_G","Survivor","Neutralize+1","Footwork+1","Bane","Footwork","Backstab","Poisoned Stab","Deadly Poison","PiercingWail","Bane"],"relics":["Ring of the Snake","NeowsBlessing","Juzu Bracelet","Meat on the Bone"],"potions_floor_usage":[7,16,16],"damage_taken":[{"damage":0,"enemies":"Cultist","floor":1,"turns":1},{"damage":0,"enemies":"Small Slimes","floor":3,"turns":1},{"damage":0,"enemies":"Jaw Worm","floor":4,"turns":1},{"damage":0,"enemies":"3 Louse","floor":7,"turns":1},{"damage":32,"enemies":"Gremlin Gang","floor":8,"turns":6},{"damage":7,"enemies":"2 Fungi Beasts","floor":11,"turns":4},{"damage":21,"enemies":"Blue Slaver","floor":14,"turns":3},{"damage":32,"enemies":"Hexaghost","floor":16,"turns":9}],"seed_played":"-8451274663982453097","potions_obtained":[{"floor":1,"key":"Explosive Potion"},{"floor":11,"key":"Swift Potion"},{"floor":14,"key":"GamblersBrew"}],"is_trial":false,"path_per_floor":["M","$","M","M","?","R","M","M","T","?","M","R","?","M","R","B"],"character_chosen":"THE_SILENT","items_purchased":["Bane"],"campfire_rested":1,"item_purchase_floors":[2],"current_hp_per_floor":[59,59,59,59,59,59,59,27,27,27,20,39,39,30,30,0],"gold":132,"neow_bonus":"THREE_ENEMY_KILL","is_prod":false,"is_daily":false,"chose_seed":false,"campfire_upgraded":2,"win_rate":0,"timestamp":1542744989,"path_taken":["M","$","M","?","?","R","M","M","T","?","M","R","?","M","R","BOSS"],"build_version":"2018-11-15","purchased_purges":0,"victory":false,"max_hp_per_floor":[66,66,66,66,66,66,66,66,66,66,66,66,66,66,66,66],"card_choices":[{"not_picked":["Skewer","Reflex"],"picked":"Footwork","floor":1},{"not_picked":["Underhanded Strike","Backflip"],"picked":"Footwork","floor":3},{"not_picked":["Endless Agony","Caltrops"],"picked":"Backstab","floor":4},{"not_picked":["Skewer","Terror"],"picked":"Poisoned Stab","floor":7},{"not_picked":["Backflip","Flying Knee"],"picked":"Deadly Poison","floor":8},{"not_picked":["Dagger Spray","Prepared"],"picked":"PiercingWail","floor":11},{"not_picked":["Outmaneuver","Deflect"],"picked":"Bane","floor":14}],"player_experience":2411306,"relics_obtained":[{"floor":9,"key":"Juzu Bracelet"}],"event_choices":[{"damage_healed":0,"gold_gain":0,"player_choice":"Ignored","damage_taken":0,"max_hp_gain":0,"max_hp_loss":0,"event_name":"Shining Light","floor":5,"gold_loss":0},{"cards_removed":["Strike_G"],"damage_healed":0,"gold_gain":0,"player_choice":"Offered Basic","damage_taken":0,"max_hp_gain":0,"max_hp_loss":0,"event_name":"Bonfire Elementals","floor":10,"gold_loss":0},{"damage_healed":0,"gold_gain":0,"player_choice":"Paid Gold","damage_taken":0,"relics_obtained":["Meat on the Bone"],"max_hp_gain":0,"max_hp_loss":0,"event_name":"WeMeetAgain","floor":13,"gold_loss":63}],"is_beta":false,"boss_relics":[],"items_purged_floors":[],"is_endless":false,"potions_floor_spawned":[1,11,14],"killed_by":"Hexaghost","ascension_level":20}