{"gold_per_floor":[12,87,8,8,22,66,66,89,89,52,52,86,86,119,119,119],"floor_reached":16,"playtime":638,"items_purged":[],"score":228,"play_id":"01d2d310-5d4f-42f5-a323-ae3839f60351","local_time":"20190509101619","is_ascension_mode":true,"campfire_choices":[{"floor":7,"key":"REST"},{"floor":11,"key":"REST"},{"floor":15,"key":"REST"}],"neow_cost":"NO_GOLD","seed_source_timestamp":2559582612153779,"circlet_count":0,"master_deck":["AscendersBane","Strike_R","Strike_R","Strike_R","Strike_R","Strike_R","Defend_R","Defend_R","Defend_R","Defend_R+1","Bash","Offering","Sword Boomerang","Feed","Headbutt","Feed","Feel No Pain","Seeing Red","Burning Pact+1","Fiend Fire","Shrug It Off"],"relics":["Burning Blood","Golden Idol","Gremlin Horn","Dream Catcher","Mummified Hand","War Paint","Shovel"],"potions_floor_usage":[14,14],"damage_taken":[{"damage":8,"enemies":"Jaw Worm","floor":1,"turns":4},{"damage":4,"enemies":"Small Slimes","floor":5,"turns":4},{"damage":66,"enemies":"Lagavulin","floor":6,"turns":7},{"damage":17,"enemies":"Gremlin Nob","floor":12,"turns":3},{"damage":21,"enemies":"Lagavulin","floor":14,"turns":6},{"damage":56,"enemies":"Slime Boss","floor":16,"turns":5}],"seed_played":"-1049867009592840904","potions_obtained":[{"floor":1,"key":"FairyPotion"},{"floor":6,"key":"Block Potion"},{"floor":12,"key":"SpeedPotion"}],"is_trial":false,"path_per_floor":["M","?","$","?","M","E","R","T","T","$","R","E","?","E","R","B"],"character_chosen":"IRONCLAD","items_purchased":["Feed","Feel No Pain"],"campfire_rested":3,"item_purchase_floors":[3,10],"current_hp_per_floor":[66,55,55,55,60,13,34,34,34,34,55,44,44,29,50,0],"gold":119,"neow_bonus":"THREE_RARE_CARDS","is_prod":false,"is_daily":false,"chose_seed":false,"campfire_upgraded":0,"win_rate":0,"timestamp":1557411379,"path_taken":["M","?","$","?","M","E","R","?","T","$","R","E","?","E","R","BOSS"],"build_version":"2019-01-23","purchased_purges":0,"victory":false,"max_hp_per_floor":[75,75,75,68,71,71,71,71,71,71,71,71,71,71,71,71],"card_choices":[{"not_picked":["Limit Break","Juggernaut"],"picked":"Offering","floor":0},{"not_picked":["Dropkick","True Grit"],"picked":"Sword Boomerang","floor":1},{"not_picked":["Rupture","Warcry"],"picked":"Headbutt","floor":5},{"not_picked":["True Grit","Thunderclap"],"picked":"Feed","floor":6},{"not_picked":["Rage","Body Slam"],"picked":"Seeing Red","floor":11},{"not_picked":["Sword Boomerang","Heavy Blade"],"picked":"Burning Pact","floor":12},{"not_picked":["Bloodletting","Flex"],"picked":"Fiend Fire","floor":14},{"not_picked":["Headbutt","Wild Strike"],"picked":"Shrug It Off","floor":15}],"player_experience":3640787,"relics_obtained":[{"floor":6,"key":"Gremlin Horn"},{"floor":8,"key":"Dream Catcher"},{"floor":9,"key":"Mummified Hand"},{"floor":12,"key":"War Paint"},{"floor":14,"key":"Shovel"}],"event_choices":[{"damage_healed":0,"gold_gain":75,"player_choice":"Gather Gold","damage_taken":11,"max_hp_gain":0,"max_hp_loss":0,"event_name":"World of Goop","floor":2,"gold_loss":0},{"damage_healed":0,"gold_gain":0,"player_choice":"Lose Max HP","damage_taken":0,"relics_obtained":["Golden Idol"],"max_hp_gain":0,"max_hp_loss":7,"event_name":"Golden Idol","floor":4,"gold_loss":0},{"damage_healed":0,"gold_gain":0,"player_choice":"Ignored","damage_taken":0,"max_hp_gain":0,"max_hp_loss":0,"event_name":"Shining Light","floor":13,"gold_loss":0}],"is_beta":false,"boss_relics":[],"items_purged_floors":[],"is_endless":false,"potions_floor_spawned":[1,6,12],"killed_by":"Slime Boss","ascension_level":20}