{"gold_per_floor":[214,24,0,0,17,17,44,44,69,79,79,29,29],"floor_reached":13,"playtime":512,"items_purged":["Strike_G"],"score":158,"play_id":"5e926fe6-b851-416e-93fc-1b353583d93b","local_time":"20181113121235","is_ascension_mode":true,"campfire_choices":[{"data":"Poisoned Stab","floor":6,"key":"SMITH"},{"data":"Footwork","floor":8,"key":"SMITH"},{"data":"Neutralize","floor":11,"key":"SMITH"}],"neow_cost":"NONE","seed_source_timestamp":756803904925766,"circlet_count":0,"master_deck":["AscendersBane","Defend_G","Defend_G","Defend_G+1","Defend_G","Defend_G","Strike_G","Strike_G","Strike_G","Strike_G","Survivor+1","Neutralize+1","Footwork+1","Poisoned Stab+1","Dagger Spray","Dagger Spray","Escape Plan"],"relics":["Ring of the Snake","Vajra","Smiling Mask","War Paint"],"potions_floor_usage":[7],"damage_taken":[{"damage":0,"enemies":"Small Slimes","floor":1,"turns":4},{"damage":0,"enemies":"2 Louse","floor":5,"turns":3},{"damage":31,"enemies":"Lagavulin","floor":7,"turns":6},{"damage":1,"enemies":"Jaw Worm","floor":10,"turns":3},{"damage":48,"enemies":"Lagavulin Event","floor":13,"turns":9}],"seed_played":"-8505787875587767450","potions_obtained":[{"floor":1,"key":"Energy Potion"}],"is_trial":false,"path_per_floor":["M","$","?","?","M","R","E","R","T","M","R","$","?"],"character_chosen":"THE_SILENT","items_purchased":["Vajra","Poisoned Stab"],"campfire_rested":0,"item_purchase_floors":[2,2],"current_hp_per_floor":[59,59,59,64,64,64,33,33,33,32,32,32,0],"gold":29,"neow_bonus":"HUNDRED_GOLD","is_prod":false,"is_daily":false,"chose_seed":false,"campfire_upgraded":3,"win_rate":0,"timestamp":1542129155,"path_taken":["M","$","?","?","M","R","E","R","T","M","R","$","?"],"build_version":"2018-11-08","purchased_purges":1,"victory":false,"max_hp_per_floor":[66,66,66,71,71,71,71,71,71,71,71,71,71],"card_choices":[{"not_picked":["Acrobatics","Riddle With Holes"],"picked":"Footwork","floor":1},{"not_picked":["Dodge and Roll","Infinite Blades"],"picked":"Dagger Spray","floor":5},{"not_picked":["Blade Dance","Slice"],"picked":"Dagger Spray","floor":7},{"not_picked":["Outmaneuver","Storm of Steel"],"picked":"Escape Plan","floor":10}],"player_experience":2261890,"relics_obtained":[{"floor":7,"key":"Smiling Mask"},{"floor":9,"key":"War Paint"}],"event_choices":[{"damage_healed":0,"gold_gain":0,"player_choice":"Left Gold","damage_taken":0,"max_hp_gain":0,"max_hp_loss":0,"event_name":"World of Goop","floor":3,"gold_loss":24},{"damage_healed":0,"gold_gain":0,"player_choice":"Donut","damage_taken":0,"max_hp_gain":5,"max_hp_loss":0,"event_name":"Big Fish","floor":4,"gold_loss":0},{"damage_healed":0,"gold_gain":0,"player_choice":"Searched \u00272\u0027 times","damage_taken":0,"max_hp_gain":0,"max_hp_loss":0,"event_name":"Dead Adventurer","floor":13,"gold_loss":0}],"is_beta":false,"boss_relics":[],"items_purged_floors":[12],"is_endless":false,"potions_floor_spawned":[1],"killed_by":"Lagavulin Event","ascension_level":19}