{"gold_per_floor":[109,18,18,34,34,66,77,89,112,112,129,160,19,38,38,133,133,143,143,143,158,158,158,128,163,187,187,187,187,112,124,124,219,219,239,259,95,110,126,154,154,154,205,205,101,101,119,47,47,47],"floor_reached":50,"playtime":5432,"items_purged":["Writhe"],"score":548,"play_id":"d78c1763-148b-4b29-a9bd-becea70058fd","local_time":"20190706014015","is_ascension_mode":false,"campfire_choices":[{"floor":15,"key":"REST"},{"data":"Perfected Strike","floor":23,"key":"SMITH"},{"floor":27,"key":"REST"},{"floor":32,"key":"REST"},{"floor":41,"key":"REST"},{"floor":44,"key":"REST"},{"floor":46,"key":"REST"},{"floor":49,"key":"REST"}],"neow_cost":"","seed_source_timestamp":556121045037505,"circlet_count":0,"master_deck":["Strike_R","Strike_R","Strike_R","Strike_R","Strike_R","Defend_R","Defend_R","Bash","Perfected Strike+1","PanicButton","Headbutt","Combust","Inflame","Dual Wield","Inflame","Sever Soul","Dramatic Entrance","Clash","Demon Form","Shrug It Off+1","Rupture","Iron Wave","Battle Trance","Seeing Red","Infernal Blade","Headbutt","Decay","Necronomicurse","Perfected Strike","Metallicize","Double Tap","Feel No Pain+1","Iron Wave+1","Mind Blast","Carnage","Shockwave+1","Headbutt+1","Rampage+1","Iron Wave","Trip","Sword Boomerang","Twin Strike+1","Perfected Strike+1","Feed","Anger+1"],"relics":["Burning Blood","Happy Flower","Juzu Bracelet","Centennial Puzzle","Bottled Tornado","Philosopher\u0027s Stone","Question Card","FossilizedHelix","Dream Catcher","Necronomicon","Velvet Choker","Lantern","Orichalcum","Calipers"],"potions_floor_usage":[8,12,16,25,33,38,38,40,40,50,50],"damage_taken":[{"damage":10,"enemies":"Cultist","floor":1,"turns":4},{"damage":14,"enemies":"2 Louse","floor":4,"turns":3},{"damage":35,"enemies":"3 Sentries","floor":6,"turns":8},{"damage":0,"enemies":"Small Slimes","floor":7,"turns":2},{"damage":9,"enemies":"2 Fungi Beasts","floor":8,"turns":3},{"damage":0,"enemies":"Looter","floor":11,"turns":2},{"damage":2,"enemies":"Gremlin Nob","floor":12,"turns":3},{"damage":27,"enemies":"Exordium Thugs","floor":14,"turns":3},{"damage":42,"enemies":"The Guardian","floor":16,"turns":6},{"damage":11,"enemies":"Chosen","floor":18,"turns":3},{"damage":16,"enemies":"3 Byrds","floor":21,"turns":4},{"damage":61,"enemies":"Book of Stabbing","floor":25,"turns":5},{"damage":12,"enemies":"3 Cultists","floor":31,"turns":4},{"damage":24,"enemies":"Champ","floor":33,"turns":8},{"damage":37,"enemies":"3 Darklings","floor":35,"turns":3},{"damage":3,"enemies":"Orb Walker","floor":36,"turns":3},{"damage":11,"enemies":"Transient","floor":38,"turns":5},{"damage":0,"enemies":"4 Shapes","floor":39,"turns":3},{"damage":46,"enemies":"Nemesis","floor":40,"turns":5},{"damage":23,"enemies":"Sphere and 2 Shapes","floor":47,"turns":3},{"damage":83,"enemies":"Awakened One","floor":50,"turns":5}],"seed_played":"-7163138304787734707","potions_obtained":[{"floor":1,"key":"EssenceOfSteel"},{"floor":4,"key":"Energy Potion"},{"floor":6,"key":"Energy Potion"},{"floor":12,"key":"AttackPotion"},{"floor":18,"key":"SpeedPotion"},{"floor":24,"key":"Regen Potion"},{"floor":24,"key":"Regen Potion"},{"floor":33,"key":"Fire Potion"},{"floor":35,"key":"Block Potion"},{"floor":38,"key":"LiquidBronze"},{"floor":39,"key":"Block Potion"},{"floor":47,"key":"LiquidBronze"}],"is_trial":false,"path_per_floor":["M","$","?","M","?","E","M","M","T","?","M","E","$","M","R","B",null,"M","?","?","M","?","R","?","E","T","R","?","?","$","M","R","B",null,"M","M","$","M","M","E","R","?","T","R","?","R","M","$","R","B"],"character_chosen":"IRONCLAD","items_purchased":["PanicButton","Dramatic Entrance","Clash","Mind Blast","Carnage","Feed"],"campfire_rested":7,"item_purchase_floors":[2,13,13,37,37,48],"current_hp_per_floor":[76,76,73,65,65,36,42,39,39,39,45,49,49,28,52,16,80,75,75,75,65,65,65,65,15,15,39,39,23,23,17,41,32,80,49,52,52,47,53,13,37,37,37,61,61,80,63,63,80,0],"gold":47,"neow_bonus":"","is_prod":false,"is_daily":false,"chose_seed":false,"campfire_upgraded":1,"win_rate":0.0,"timestamp":1562395215,"path_taken":["M","$","?","M","?","E","M","M","T","?","M","E","$","M","R","BOSS","M","?","?","M","?","R","?","E","T","R","?","?","$","M","R","BOSS","M","M","$","M","M","E","R","?","T","R","?","R","M","$","R","BOSS"],"build_version":"2019-07-05","purchased_purges":1,"victory":false,"max_hp_per_floor":[80,80,80,80,80,80,80,80,80,80,80,80,80,80,80,80,80,80,80,80,80,80,80,80,80,80,80,80,80,80,80,80,80,80,80,80,80,80,80,80,80,80,80,80,80,80,80,80,80,80],"card_choices":[{"not_picked":["Intimidate","Flex"],"picked":"Perfected Strike","floor":1},{"not_picked":["Sever Soul","Fire Breathing"],"picked":"Headbutt","floor":4},{"not_picked":["Thunderclap","Clothesline"],"picked":"Combust","floor":6},{"not_picked":["Shockwave","Sword Boomerang"],"picked":"Inflame","floor":7},{"not_picked":["Cleave","Sword Boomerang"],"picked":"Dual Wield","floor":8},{"not_picked":["Berserk","Ghostly Armor"],"picked":"Inflame","floor":11},{"not_picked":["Whirlwind","Offering"],"picked":"Sever Soul","floor":12},{"not_picked":["Twin Strike","Hemokinesis","Anger"],"picked":"SKIP","floor":14},{"not_picked":["Fiend Fire","Barricade"],"picked":"Demon Form","floor":16},{"not_picked":["Iron Wave","True Grit"],"picked":"Shrug It Off+1","floor":18},{"not_picked":["Pommel Strike","Iron Wave"],"picked":"Seeing Red","floor":21},{"not_picked":["Armaments","Pommel Strike","Thunderclap"],"picked":"Infernal Blade","floor":25},{"not_picked":["Power Through","Corruption+1","Dropkick"],"picked":"Headbutt","floor":27},{"not_picked":["Reckless Charge","Warcry","Clash"],"picked":"Perfected Strike","floor":31},{"not_picked":["Flex","Whirlwind+1","Intimidate+1"],"picked":"Metallicize","floor":32},{"not_picked":["Berserk","Barricade","Feed"],"picked":"Double Tap","floor":33},{"not_picked":["Uppercut","Flex+1","Flame Barrier"],"picked":"Feel No Pain+1","floor":35},{"not_picked":["Pommel Strike","Flex+1","Fire Breathing+1"],"picked":"Iron Wave+1","floor":36},{"not_picked":["Cleave","Juggernaut","Body Slam+1"],"picked":"Shockwave+1","floor":38},{"not_picked":["Battle Trance+1","Warcry","Thunderclap+1"],"picked":"Headbutt+1","floor":39},{"not_picked":["Armaments","Uppercut","Anger+1"],"picked":"Rampage+1","floor":40},{"not_picked":["True Grit","Warcry","Battle Trance"],"picked":"Iron Wave","floor":41},{"not_picked":["Flame Barrier","Headbutt","Twin Strike"],"picked":"Sword Boomerang","floor":44},{"not_picked":["Clash+1","Hemokinesis","Seeing Red"],"picked":"Twin Strike+1","floor":46},{"not_picked":["Headbutt","Seeing Red+1","Cleave+1"],"picked":"Perfected Strike+1","floor":47},{"not_picked":["Sever Soul+1","Offering","True Grit+1"],"picked":"Anger+1","floor":49}],"player_experience":0,"relics_obtained":[{"floor":6,"key":"Juzu Bracelet"},{"floor":9,"key":"Centennial Puzzle"},{"floor":12,"key":"Bottled Tornado"},{"floor":25,"key":"FossilizedHelix"},{"floor":26,"key":"Dream Catcher"},{"floor":29,"key":"Necronomicon"},{"floor":40,"key":"Lantern"},{"floor":43,"key":"Orichalcum"}],"event_choices":[{"damage_healed":0,"gold_gain":0,"player_choice":"Success","damage_taken":3,"relics_obtained":["Happy Flower"],"max_hp_gain":0,"max_hp_loss":0,"event_name":"Scrap Ooze","floor":3,"gold_loss":0},{"damage_healed":0,"gold_gain":0,"player_choice":"Ignored","damage_taken":0,"max_hp_gain":0,"max_hp_loss":0,"event_name":"Shining Light","floor":5,"gold_loss":0},{"damage_healed":0,"gold_gain":0,"player_choice":"Ignored","damage_taken":0,"max_hp_gain":0,"max_hp_loss":0,"event_name":"Golden Wing","floor":10,"gold_loss":0},{"damage_healed":0,"gold_gain":0,"player_choice":"Read","damage_taken":0,"max_hp_gain":0,"max_hp_loss":0,"event_name":"The Library","floor":19,"gold_loss":0,"cards_obtained":["Rupture"]},{"damage_healed":0,"gold_gain":0,"cards_transformed":["Defend_R","Defend_R"],"player_choice":"Became Test Subject","damage_taken":0,"max_hp_gain":0,"max_hp_loss":0,"event_name":"Drug Dealer","floor":20,"gold_loss":0,"cards_obtained":["Iron Wave","Battle Trance"]},{"damage_healed":0,"gold_gain":0,"player_choice":"Opened","damage_taken":0,"relics_obtained":["Question Card"],"max_hp_gain":0,"max_hp_loss":0,"event_name":"The Mausoleum","floor":22,"gold_loss":0,"cards_obtained":["Writhe"]},{"damage_healed":0,"gold_gain":0,"player_choice":"Bought 2 Potions","damage_taken":0,"max_hp_gain":0,"max_hp_loss":0,"event_name":"The Woman in Blue","floor":24,"gold_loss":0},{"damage_healed":0,"gold_gain":0,"player_choice":"Smashed Altar","damage_taken":0,"max_hp_gain":0,"max_hp_loss":0,"event_name":"Forgotten Altar","floor":28,"gold_loss":0,"cards_obtained":["Decay"]},{"damage_healed":0,"gold_gain":0,"player_choice":"Obtained Book","damage_taken":16,"max_hp_gain":0,"max_hp_loss":0,"event_name":"Cursed Tome","floor":29,"gold_loss":0},{"damage_healed":0,"gold_gain":0,"player_choice":"1 cards matched","damage_taken":0,"max_hp_gain":0,"max_hp_loss":0,"event_name":"Match and Keep!","floor":42,"gold_loss":0,"cards_obtained":["Trip"]},{"damage_healed":0,"gold_gain":0,"player_choice":"Paid Gold","damage_taken":0,"relics_obtained":["Calipers"],"max_hp_gain":0,"max_hp_loss":0,"event_name":"WeMeetAgain","floor":45,"gold_loss":104}],"is_beta":false,"boss_relics":[{"not_picked":["Coffee Dripper","Runic Dome"],"picked":"Philosopher\u0027s Stone"},{"not_picked":["Runic Cube","Cursed Key"],"picked":"Velvet Choker"}],"items_purged_floors":[30],"is_endless":false,"potions_floor_spawned":[1,4,6,7,12,18,33,35,38,39,47],"killed_by":"Awakened One","ascension_level":0}