{"gold_per_floor":[414,589,74,89,89,119,149,179,179,179,194,194,94,124,124,224,224,239,73,173,194,224,224,254,269,269,46,76,106,106,121,121,221,221,236,262,277,102,117,147,177,177,177,207,237,37,52,2,2,2],"floor_reached":51,"playtime":4103,"items_purged":["Doubt","Strike_G","Pain","Normality","Normality","Strike_G"],"score":1190,"play_id":"aa8daa78-56b1-4d3e-a9f1-c1d005b48e17","local_time":"20190121234253","daily_mods":["Heirloom","Flight","DeadlyEvents"],"is_ascension_mode":false,"campfire_choices":[{"floor":10,"key":"REST"},{"data":"Noxious Fumes","floor":15,"key":"SMITH"},{"floor":23,"key":"REST"},{"data":"Calculated Gamble","floor":32,"key":"SMITH"},{"floor":42,"key":"DIG"},{"floor":49,"key":"DIG"}],"neow_cost":"","seed_source_timestamp":0,"circlet_count":0,"master_deck":["Defend_G","Defend_G","Defend_G","Defend_G","Defend_G","Strike_G","Strike_G","Survivor+1","Neutralize+1","The Bomb","Blur","Riddle With Holes","Well Laid Plans","Footwork+1","Noxious Fumes+1","Backstab","After Image+1","Flying Knee+1","Wraith Form v2+1","Noxious Fumes+1","Calculated Gamble+1","Backflip+1","Infinite Blades+1","Outmaneuver+1","Backflip","Prepared","Night Terror+1","Dodge and Roll+1","Backflip+1","Catalyst"],"special_seed":17918,"relics":["Ring of the Snake","Old Coin","Lantern","Bottled Lightning","PreservedInsect","Frozen Egg 2","Darkstone Periapt","Ancient Tea Set","Calling Bell","Centennial Puzzle","Ninja Scroll","The Specimen","Thread and Needle","Letter Opener","Red Mask","Question Card","Boot","Whetstone","Bag of Marbles","Bottled Tornado","Dream Catcher","Busted Crown","Shovel","Snake Skull","Girya","Singing Bowl","Sundial","Meat on the Bone","Mercury Hourglass","War Paint"],"potions_floor_usage":[6,18,36,36,47,50,50,50],"damage_taken":[{"damage":0,"enemies":"Small Slimes","floor":1,"turns":5},{"damage":0,"enemies":"Jaw Worm","floor":4,"turns":3},{"damage":0,"enemies":"3 Sentries","floor":6,"turns":4},{"damage":23,"enemies":"Gremlin Nob","floor":7,"turns":5},{"damage":0,"enemies":"Lagavulin","floor":8,"turns":5},{"damage":0,"enemies":"2 Louse","floor":11,"turns":2},{"damage":0,"enemies":"3 Sentries","floor":14,"turns":3},{"damage":17,"enemies":"Hexaghost","floor":16,"turns":10},{"damage":13,"enemies":"2 Thieves","floor":18,"turns":3},{"damage":4,"enemies":"Colosseum Slavers","floor":20,"turns":3},{"damage":9,"enemies":"Colosseum Nobs","floor":20,"turns":4},{"damage":12,"enemies":"Masked Bandits","floor":21,"turns":6},{"damage":1,"enemies":"Gremlin Leader","floor":22,"turns":5},{"damage":0,"enemies":"Slavers","floor":24,"turns":3},{"damage":0,"enemies":"Spheric Guardian","floor":25,"turns":5},{"damage":3,"enemies":"Book of Stabbing","floor":28,"turns":5},{"damage":0,"enemies":"Slavers","floor":29,"turns":3},{"damage":0,"enemies":"3 Cultists","floor":31,"turns":3},{"damage":10,"enemies":"Champ","floor":33,"turns":12},{"damage":0,"enemies":"Orb Walker","floor":35,"turns":3},{"damage":11,"enemies":"2 Orb Walkers","floor":36,"turns":3},{"damage":5,"enemies":"3 Shapes","floor":37,"turns":3},{"damage":0,"enemies":"Maw","floor":39,"turns":8},{"damage":5,"enemies":"Reptomancer","floor":40,"turns":5},{"damage":0,"enemies":"Nemesis","floor":41,"turns":5},{"damage":0,"enemies":"Giant Head","floor":44,"turns":9},{"damage":0,"enemies":"Nemesis","floor":45,"turns":5},{"damage":0,"enemies":"4 Shapes","floor":47,"turns":3},{"damage":0,"enemies":"Donu and Deca","floor":50,"turns":8}],"seed_played":"-6286355576629178474","potions_obtained":[{"floor":1,"key":"GhostInAJar"},{"floor":8,"key":"AttackPotion"},{"floor":16,"key":"Fire Potion"},{"floor":18,"key":"SkillPotion"},{"floor":28,"key":"SpeedPotion"},{"floor":31,"key":"LiquidBronze"},{"floor":36,"key":"Fire Potion"},{"floor":39,"key":"Explosive Potion"}],"is_trial":false,"path_per_floor":["M","?","$","M","?","E","E","E","T","R","M","?","$","E","R","B",null,"M","$","?","?","E","R","E","M","T","$","E","E","T","M","R","B",null,"M","?","M","$","M","E","E","R","T","E","E","$","M","$","R","B",null],"character_chosen":"THE_SILENT","items_purchased":["The Bomb","Lantern","Blur","Riddle With Holes","Noxious Fumes+1","Infinite Blades+1","Poison Potion"],"campfire_rested":2,"item_purchase_floors":[3,3,3,3,19,27,48],"current_hp_per_floor":[70,70,70,70,70,70,47,47,47,68,68,68,68,68,68,51,88,75,75,62,50,49,75,75,75,75,75,72,72,72,72,72,62,88,88,77,72,72,72,67,67,67,67,69,71,71,71,71,71,71],"gold":2,"neow_bonus":"","is_prod":false,"is_daily":true,"chose_seed":false,"campfire_upgraded":2,"win_rate":0,"timestamp":1548132173,"path_taken":["M","?","$","M","?","E","?","E","T","R","?","?","$","E","R","BOSS","M","$","?","?","?","R","E","?","T","?","E","?","?","M","R","BOSS","M","?","?","$","?","E","E","R","T","E","?","$","?","?","R","BOSS"],"build_version":"2019-01-17v2","purchased_purges":6,"victory":true,"max_hp_per_floor":[70,70,70,70,70,70,70,70,70,70,70,70,70,70,70,70,88,88,88,88,88,88,88,88,88,88,88,88,88,88,88,88,88,88,88,88,88,88,88,88,88,88,88,90,92,92,92,92,92,92],"card_choices":[{"not_picked":["Accuracy","Eviscerate","Distraction"],"picked":"SKIP","floor":1},{"not_picked":["Sucker Punch","All Out Attack"],"picked":"Well Laid Plans","floor":4},{"not_picked":["Dodge and Roll","Flying Knee"],"picked":"Noxious Fumes","floor":6},{"not_picked":["Prepared","Cloak And Dagger"],"picked":"Backstab","floor":7},{"not_picked":["Blade Dance","Flying Knee"],"picked":"After Image","floor":8},{"not_picked":["Finisher","Underhanded Strike"],"picked":"Flying Knee","floor":11},{"not_picked":["Concentrate","Masterful Stab","Bane"],"picked":"SKIP","floor":14},{"not_picked":["Doppelganger","Burst"],"picked":"Wraith Form v2+1","floor":16},{"not_picked":["Heel Hook","Underhanded Strike","Blade Dance"],"picked":"SKIP","floor":18},{"not_picked":["Distraction+1","Crippling Poison"],"picked":"Calculated Gamble","floor":21},{"not_picked":["Skewer","Accuracy+1","Flying Knee"],"picked":"SKIP","floor":22},{"not_picked":["Tactician","Flechettes","Choke"],"picked":"Backflip+1","floor":24},{"not_picked":["Outmaneuver","Cloak And Dagger","Concentrate","Predator"],"picked":"SKIP","floor":25},{"not_picked":["Choke+1","Quick Slash+1","Deflect+1"],"picked":"Outmaneuver+1","floor":28},{"not_picked":["Poisoned Stab+1","Storm of Steel","Cloak And Dagger"],"picked":"Backflip","floor":29},{"not_picked":["Quick Slash","Unload","Distraction"],"picked":"Prepared","floor":31},{"not_picked":["Corpse Explosion","Die Die Die","Tools of the Trade+1"],"picked":"Night Terror","floor":33},{"not_picked":["All Out Attack","Flying Knee+1"],"picked":"SKIP","floor":35},{"not_picked":["Poisoned Stab"],"picked":"Dodge and Roll+1","floor":37},{"not_picked":["Sucker Punch+1","Reflex+1"],"picked":"SKIP","floor":39},{"not_picked":["Skewer+1"],"picked":"Backflip+1","floor":40},{"not_picked":["Sucker Punch","Slice"],"picked":"SKIP","floor":41},{"not_picked":["Flechettes+1","Heel Hook"],"picked":"Singing Bowl","floor":44},{"not_picked":["Bane","Flechettes+1"],"picked":"Singing Bowl","floor":45},{"not_picked":["Bullet Time"],"picked":"Catalyst","floor":47}],"player_experience":2962960,"relics_obtained":[{"floor":6,"key":"Bottled Lightning"},{"floor":7,"key":"PreservedInsect"},{"floor":8,"key":"Frozen Egg 2"},{"floor":9,"key":"Darkstone Periapt"},{"floor":14,"key":"Ancient Tea Set"},{"floor":17,"key":"Centennial Puzzle"},{"floor":17,"key":"Ninja Scroll"},{"floor":17,"key":"The Specimen"},{"floor":20,"key":"Thread and Needle"},{"floor":20,"key":"Letter Opener"},{"floor":21,"key":"Red Mask"},{"floor":22,"key":"Question Card"},{"floor":24,"key":"Boot"},{"floor":26,"key":"Whetstone"},{"floor":28,"key":"Bag of Marbles"},{"floor":29,"key":"Bottled Tornado"},{"floor":30,"key":"Dream Catcher"},{"floor":36,"key":"Shovel"},{"floor":40,"key":"Snake Skull"},{"floor":41,"key":"Girya"},{"floor":42,"key":"Singing Bowl"},{"floor":43,"key":"Sundial"},{"floor":44,"key":"Meat on the Bone"},{"floor":45,"key":"Mercury Hourglass"},{"floor":49,"key":"War Paint"}],"event_choices":[{"damage_healed":0,"gold_gain":175,"player_choice":"AGREE","damage_taken":0,"max_hp_gain":0,"max_hp_loss":0,"event_name":"Liars Game","floor":2,"gold_loss":0,"cards_obtained":["Doubt"]},{"damage_healed":0,"gold_gain":0,"cards_transformed":["Strike_G"],"player_choice":"Change","damage_taken":0,"max_hp_gain":0,"max_hp_loss":0,"event_name":"Living Wall","floor":5,"gold_loss":0,"cards_obtained":["Footwork"]},{"damage_healed":0,"gold_gain":0,"player_choice":"Forge","damage_taken":0,"max_hp_gain":0,"max_hp_loss":0,"event_name":"Accursed Blacksmith","floor":12,"gold_loss":0,"cards_upgraded":["Footwork"]},{"damage_healed":0,"gold_gain":0,"player_choice":"Fight","damage_taken":0,"max_hp_gain":0,"max_hp_loss":0,"event_name":"Colosseum","floor":20,"gold_loss":0},{"damage_healed":0,"gold_gain":0,"player_choice":"Fought Nobs","damage_taken":0,"max_hp_gain":0,"max_hp_loss":0,"event_name":"Colosseum","floor":20,"gold_loss":0},{"damage_healed":0,"gold_gain":0,"player_choice":"Fought Bandits","damage_taken":0,"max_hp_gain":0,"max_hp_loss":0,"event_name":"Masked Bandits","floor":21,"gold_loss":0},{"damage_healed":0,"gold_gain":0,"player_choice":"Fight","damage_taken":0,"max_hp_gain":0,"max_hp_loss":0,"event_name":"Mysterious Sphere","floor":36,"gold_loss":0}],"is_beta":false,"boss_relics":[{"not_picked":["White Beast Statue","Lizard Tail"],"picked":"Calling Bell"},{"not_picked":["Runic Pyramid","Pandora\u0027s Box"],"picked":"Busted Crown"}],"items_purged_floors":[3,13,19,27,38,46],"is_endless":false,"potions_floor_spawned":[1,8,16,18,20,28,31,36,39,44],"ascension_level":0}