{"gold_per_floor":[114,114,44,44,59,59,89,89,164,72,72,22,22,37,37,137,137,152,2,2,17,32,62,62,62,112,112,142,157,182,32,32,32],"floor_reached":33,"playtime":2264,"items_purged":[],"score":279,"play_id":"49ca5632-c0cd-437a-ace8-8ea02b7eda93","local_time":"20190131131910","daily_mods":["Draft","Diverse","Terminal"],"is_ascension_mode":false,"campfire_choices":[{"data":"Noxious Fumes","floor":6,"key":"SMITH"},{"data":"Armaments","floor":8,"key":"SMITH"},{"data":"True Grit","floor":15,"key":"SMITH"},{"data":"Venomology","floor":24,"key":"SMITH"},{"data":"Sweeping Beam","floor":32,"key":"SMITH"}],"neow_cost":"","seed_source_timestamp":0,"circlet_count":0,"master_deck":["Flying Knee","Sucker Punch","Noxious Fumes+1","PiercingWail","Stack+1","Darkness+1","Sweeping Beam+1","Headbutt","Armaments+1","Steam Power","Burning Pact","Spot Weakness","Power Through","Cloak And Dagger","Terror","Flechettes","True Grit+1","Mind Blast+1","Shrug It Off","Venomology+1","Entrench","Streamline+1","Leap","Distraction+1","Body Slam+1"],"special_seed":17927,"relics":["Cracked Core","Meat on the Bone","Dream Catcher","Molten Egg 2","Snecko Eye","Potion Belt","Centennial Puzzle","Nloth\u0027s Gift","DataDisk","Smiling Mask","War Paint"],"potions_floor_usage":[16,18,22,23,28,28,28,28,33,33,33,33],"damage_taken":[{"damage":0,"enemies":"Jaw Worm","floor":1,"turns":3},{"damage":0,"enemies":"Cultist","floor":5,"turns":2},{"damage":1,"enemies":"3 Sentries","floor":7,"turns":5},{"damage":0,"enemies":"Small Slimes","floor":14,"turns":3},{"damage":2,"enemies":"Slime Boss","floor":16,"turns":6},{"damage":0,"enemies":"2 Thieves","floor":18,"turns":3},{"damage":0,"enemies":"Shell Parasite","floor":21,"turns":6},{"damage":1,"enemies":"Centurion and Healer","floor":22,"turns":6},{"damage":5,"enemies":"Book of Stabbing","floor":23,"turns":4},{"damage":4,"enemies":"Slavers","floor":28,"turns":3},{"damage":0,"enemies":"Sentry and Sphere","floor":29,"turns":5},{"damage":50,"enemies":"Automaton","floor":33,"turns":6}],"seed_played":"1719304631374948551","potions_obtained":[{"floor":1,"key":"EssenceOfSteel"},{"floor":16,"key":"FearPotion"},{"floor":22,"key":"PowerPotion"},{"floor":23,"key":"FearPotion"},{"floor":29,"key":"Swift Potion"}],"is_trial":false,"path_per_floor":["M","?","$","T","M","R","E","R","T","$","?","$","?","M","R","B",null,"M","$","?","M","M","E","R","?","T","?","E","M","T","$","R","B"],"character_chosen":"DEFECT","items_purchased":["Flechettes","Mind Blast+1","PowerPotion","Potion Belt","War Paint"],"campfire_rested":0,"item_purchase_floors":[3,10,12,19,31],"current_hp_per_floor":[73,72,71,70,69,68,67,66,65,64,63,62,66,65,64,62,62,61,60,59,58,57,52,52,52,52,52,48,48,48,48,47,0],"gold":32,"neow_bonus":"","is_prod":false,"is_daily":true,"chose_seed":false,"campfire_upgraded":5,"win_rate":0,"timestamp":1548958750,"path_taken":["M","?","$","?","?","R","E","R","T","?","?","$","?","M","R","BOSS","M","$","?","M","?","E","R","?","T","?","E","?","?","$","R","BOSS"],"build_version":"2019-01-23","purchased_purges":0,"victory":false,"max_hp_per_floor":[73,72,71,70,69,68,67,66,65,64,63,62,66,65,64,63,62,61,60,59,58,57,56,55,54,53,52,51,50,49,48,47,47],"card_choices":[{"not_picked":["Disarm","Acrobatics"],"picked":"Flying Knee","floor":0},{"not_picked":["Infinite Blades","Predator"],"picked":"Sucker Punch","floor":0},{"not_picked":["Headbutt","Endless Agony"],"picked":"Noxious Fumes","floor":0},{"not_picked":["Corruption","Flex"],"picked":"PiercingWail","floor":0},{"not_picked":["Clothesline","Blade Dance"],"picked":"Intimidate","floor":0},{"not_picked":["Go for the Eyes","Cloak And Dagger"],"picked":"Stack","floor":0},{"not_picked":["Cold Snap","Heavy Blade"],"picked":"Darkness","floor":0},{"not_picked":["Deadly Poison","Clothesline"],"picked":"Sweeping Beam","floor":0},{"not_picked":["Scrape","Reflex"],"picked":"Headbutt","floor":0},{"not_picked":["Flex","Dagger Spray"],"picked":"Armaments","floor":0},{"not_picked":["Havoc","Sucker Punch"],"picked":"Steam Power","floor":0},{"not_picked":["Bane","Steam"],"picked":"Burning Pact","floor":0},{"not_picked":["Rupture","Cloak And Dagger"],"picked":"Spot Weakness","floor":0},{"not_picked":["Dodge and Roll","Accuracy"],"picked":"Power Through","floor":0},{"not_picked":["Sucker Punch","Clash"],"picked":"Cloak And Dagger","floor":0},{"not_picked":["Blade Dance","Prepared"],"picked":"Terror","floor":1},{"not_picked":["Poisoned Stab","Twin Strike","Sucker Punch"],"picked":"SKIP","floor":5},{"not_picked":["Bane","Cold Snap"],"picked":"True Grit","floor":7},{"not_picked":["Perfected Strike+1","Clash+1"],"picked":"Shrug It Off","floor":14},{"not_picked":["A Thousand Cuts","Envenom"],"picked":"Venomology","floor":16},{"not_picked":["Shrug It Off","Armaments"],"picked":"Entrench","floor":18},{"not_picked":["Armaments","Sweeping Beam+1","Heel Hook+1"],"picked":"SKIP","floor":21},{"not_picked":["Steam","Cold Snap+1"],"picked":"Streamline+1","floor":22},{"not_picked":["Prepared","Dodge and Roll"],"picked":"Leap","floor":23},{"not_picked":["Flying Knee+1","Stack"],"picked":"Distraction+1","floor":28},{"not_picked":["Lockon+1","Auto Shields"],"picked":"Body Slam+1","floor":29}],"player_experience":3019853,"relics_obtained":[{"floor":4,"key":"Meat on the Bone"},{"floor":7,"key":"Dream Catcher"},{"floor":9,"key":"Molten Egg 2"},{"floor":23,"key":"Centennial Puzzle"},{"floor":26,"key":"Pen Nib"},{"floor":28,"key":"DataDisk"},{"floor":30,"key":"Smiling Mask"}],"event_choices":[{"cards_removed":["Intimidate"],"damage_healed":0,"gold_gain":0,"player_choice":"Purged","damage_taken":0,"max_hp_gain":0,"max_hp_loss":0,"event_name":"Purifier","floor":2,"gold_loss":0},{"damage_healed":0,"gold_gain":0,"player_choice":"Ignored","damage_taken":0,"max_hp_gain":0,"max_hp_loss":0,"event_name":"Golden Wing","floor":11,"gold_loss":0},{"damage_healed":0,"gold_gain":0,"player_choice":"Donut","damage_taken":0,"max_hp_gain":5,"max_hp_loss":0,"event_name":"Big Fish","floor":13,"gold_loss":0},{"damage_healed":0,"gold_gain":0,"player_choice":"Ignored","damage_taken":0,"max_hp_gain":0,"max_hp_loss":0,"event_name":"Transmorgrifier","floor":20,"gold_loss":0},{"damage_healed":0,"gold_gain":0,"player_choice":"Simplicity","damage_taken":0,"max_hp_gain":0,"max_hp_loss":0,"event_name":"Back to Basics","floor":25,"gold_loss":0,"cards_upgraded":[]},{"damage_healed":0,"gold_gain":0,"player_choice":"Traded Relic","damage_taken":0,"relics_obtained":["Nloth\u0027s Gift"],"max_hp_gain":0,"max_hp_loss":0,"event_name":"N\u0027loth","floor":27,"relics_lost":["Pen Nib"],"gold_loss":0}],"is_beta":false,"boss_relics":[{"not_picked":["Eternal Feather","Nuclear Battery"],"picked":"Snecko Eye"}],"items_purged_floors":[],"is_endless":false,"potions_floor_spawned":[1,16,22,23,29],"killed_by":"Automaton","ascension_level":0}