{"gold_per_floor":[215,10,10,10,21,52,52,66,119,119,129,129,129,144,144,144],"floor_reached":16,"playtime":652,"items_purged":[],"score":200,"play_id":"9afa23c0-b40f-4406-9081-0d33fb9afbc1","local_time":"20181120152734","is_ascension_mode":true,"campfire_choices":[{"floor":12,"key":"REST"},{"floor":15,"key":"REST"}],"neow_cost":"NONE","seed_source_timestamp":579720357160934,"circlet_count":0,"master_deck":["AscendersBane","Defend_G","Defend_G","Defend_G","Defend_G","Defend_G","Strike_G","Strike_G","Strike_G","Strike_G","Survivor","Neutralize","PiercingWail","Quick Slash","Corpse Explosion","Dagger Spray","Flying Knee","Blur","Cloak And Dagger","Sucker Punch","Terror"],"relics":["Ring of the Snake","Centennial Puzzle","Bottled Lightning"],"potions_floor_usage":[16,16],"damage_taken":[{"damage":0,"enemies":"Small Slimes","floor":1,"turns":5},{"damage":0,"enemies":"2 Louse","floor":5,"turns":2},{"damage":52,"enemies":"Gremlin Nob","floor":6,"turns":5},{"damage":6,"enemies":"Jaw Worm","floor":8,"turns":9},{"damage":7,"enemies":"3 Louse","floor":11,"turns":2},{"damage":1,"enemies":"Looter","floor":14,"turns":3},{"damage":44,"enemies":"The Guardian","floor":16,"turns":13}],"seed_played":"1433624418273965937","potions_obtained":[{"floor":6,"key":"Swift Potion"},{"floor":14,"key":"EssenceOfSteel"}],"is_trial":false,"path_per_floor":["M","$","?","?","M","E","?","M","T","?","M","R","?","M","R","B"],"character_chosen":"THE_SILENT","items_purchased":["Quick Slash","Corpse Explosion"],"campfire_rested":2,"item_purchase_floors":[2,2],"current_hp_per_floor":[59,59,54,54,54,2,18,12,12,12,5,24,17,16,34,0],"gold":144,"neow_bonus":"HUNDRED_GOLD","is_prod":false,"is_daily":false,"chose_seed":false,"campfire_upgraded":0,"win_rate":0,"timestamp":1542745654,"path_taken":["M","$","?","?","M","E","?","M","T","?","?","R","?","M","R","BOSS"],"build_version":"2018-11-15","purchased_purges":0,"victory":false,"max_hp_per_floor":[66,66,66,66,66,66,66,66,66,66,66,66,63,63,63,63],"card_choices":[{"not_picked":["Flechettes","Underhanded Strike"],"picked":"PiercingWail","floor":1},{"not_picked":["Dodge and Roll","Underhanded Strike"],"picked":"Flying Knee","floor":5},{"not_picked":["Envenom","Quick Slash"],"picked":"Blur","floor":6},{"not_picked":["Concentrate","Masterful Stab"],"picked":"Cloak And Dagger","floor":8},{"not_picked":["Acrobatics","Backflip"],"picked":"Sucker Punch","floor":11},{"not_picked":["Calculated Gamble","Dash"],"picked":"Terror","floor":14}],"player_experience":2411973,"relics_obtained":[{"floor":6,"key":"Bottled Lightning"}],"event_choices":[{"damage_healed":0,"gold_gain":0,"player_choice":"Success","damage_taken":5,"relics_obtained":["Centennial Puzzle"],"max_hp_gain":0,"max_hp_loss":0,"event_name":"Scrap Ooze","floor":3,"gold_loss":0},{"damage_healed":0,"gold_gain":0,"cards_transformed":["Strike_G"],"player_choice":"Change","damage_taken":0,"max_hp_gain":0,"max_hp_loss":0,"event_name":"Living Wall","floor":4,"gold_loss":0,"cards_obtained":["Dagger Spray"]},{"damage_healed":16,"gold_gain":0,"player_choice":"Healed and dodged fight","damage_taken":0,"max_hp_gain":0,"max_hp_loss":0,"event_name":"Mushrooms","floor":7,"gold_loss":0,"cards_obtained":["Parasite"]},{"damage_healed":0,"gold_gain":0,"player_choice":"Ignored","damage_taken":0,"max_hp_gain":0,"max_hp_loss":0,"event_name":"Shining Light","floor":10,"gold_loss":0},{"cards_removed":["Parasite"],"damage_healed":0,"gold_gain":0,"player_choice":"Card Removal","damage_taken":7,"max_hp_gain":0,"max_hp_loss":0,"event_name":"Golden Wing","floor":13,"gold_loss":0}],"is_beta":false,"boss_relics":[],"items_purged_floors":[],"is_endless":false,"potions_floor_spawned":[6,14],"killed_by":"The Guardian","ascension_level":20}