{"gold_per_floor":[116,126,126,51,51,51,62,62,62,62,127,50,67,101,101,179,229,249,259,38,55,79,79,97,97,97,97,97,110,122,122,122,122],"floor_reached":33,"playtime":2215,"items_purged":[],"score":497,"play_id":"a87d6710-7c14-4af1-a7e2-c9afdfef4f6c","local_time":"20190711230635","is_ascension_mode":true,"campfire_choices":[{"data":"A Thousand Cuts","floor":6.0,"key":"SMITH"},{"data":"Neutralize","floor":8.0,"key":"SMITH"},{"data":"Dash","floor":10.0,"key":"SMITH"},{"data":"Night Terror","floor":15.0,"key":"SMITH"},{"data":"A Thousand Cuts","floor":23.0,"key":"SMITH"},{"floor":25.0,"key":"REST"},{"floor":28.0,"key":"REST"},{"data":"Calculated Gamble","floor":32.0,"key":"SMITH"}],"neow_cost":"TEN_PERCENT_HP_LOSS","seed_source_timestamp":0,"circlet_count":0,"master_deck":["AscendersBane","Strike_G+1","Strike_G+1","Strike_G+1","Defend_G","Defend_G","Defend_G","Defend_G","Defend_G","Survivor","Neutralize+1","A Thousand Cuts+1","Dash+1","Well Laid Plans","Dodge and Roll","Night Terror+1","Infinite Blades","Backflip","PiercingWail","A Thousand Cuts+1","Footwork","Caltrops+1","Dodge and Roll","Blade Dance","Deflect","Endless Agony+1","Flechettes","Calculated Gamble+1","Dagger Spray"],"special_seed":0,"relics":["Ring of the Snake","Ornamental Fan","Anchor","Tiny Chest","Mango","Tiny House","Lantern","Whetstone","Pantograph"],"potions_floor_usage":[33],"damage_taken":[{"damage":2.0,"enemies":"2 Louse","floor":1.0,"turns":4.0},{"damage":0.0,"enemies":"Small Slimes","floor":2.0,"turns":4.0},{"damage":0.0,"enemies":"Cultist","floor":7.0,"turns":4.0},{"damage":4.0,"enemies":"Lagavulin","floor":11.0,"turns":8.0},{"damage":4.0,"enemies":"Red Slaver","floor":13.0,"turns":3.0},{"damage":12.0,"enemies":"3 Sentries","floor":14.0,"turns":6.0},{"damage":9.0,"enemies":"Hexaghost","floor":16.0,"turns":11.0},{"damage":27.0,"enemies":"Spheric Guardian","floor":18.0,"turns":6.0},{"damage":0.0,"enemies":"3 Byrds","floor":19.0,"turns":2.0},{"damage":14.0,"enemies":"Snecko","floor":21.0,"turns":8.0},{"damage":17.0,"enemies":"Snake Plant","floor":24.0,"turns":4.0},{"damage":30.0,"enemies":"Cultist and Chosen","floor":29.0,"turns":5.0},{"damage":13.0,"enemies":"Centurion and Healer","floor":30.0,"turns":6.0},{"damage":59,"enemies":"Collector","floor":33,"turns":9}],"seed_played":"-1173752814962687267","potions_obtained":[{"floor":1.0,"key":"SteroidPotion"},{"floor":11.0,"key":"GamblersBrew"},{"floor":17.0,"key":"EntropicBrew"},{"floor":30.0,"key":"EssenceOfSteel"}],"is_trial":false,"path_per_floor":["M","M","?","?","?","R","M","R","T","R","E","$","M","E","R","B",null,"M","M","$","M","T","R","M","R","T","?","R","M","M","?","R","B"],"character_chosen":"THE_SILENT","items_purchased":["Infinite Blades","Lantern","Blade Dance"],"campfire_rested":2,"item_purchase_floors":[12,20,20],"current_hp_per_floor":[57,57,57,57,57,57,57,57,57,57,53,53,49,51,51,42,71,44,44,44,30,30,30,13,36,36,36,59,29,16,32,32,0],"gold":122,"neow_bonus":"THREE_RARE_CARDS","is_prod":false,"is_daily":false,"chose_seed":false,"campfire_upgraded":6,"win_rate":0,"timestamp":1562907995,"path_taken":["M","M","?","?","?","R","M","R","T","R","E","$","M","E","R","BOSS","M","M","$","M","?","R","?","R","T","?","R","?","M","?","R","BOSS"],"build_version":"2019-07-10","purchased_purges":0,"victory":false,"max_hp_per_floor":[60,60,60,60,60,60,60,60,60,60,60,60,60,74,74,74,79,79,79,79,79,79,79,79,79,79,79,79,79,79,79,79,79],"card_choices":[{"not_picked":["After Image","Envenom"],"picked":"A Thousand Cuts","floor":0.0},{"not_picked":["Backflip","Quick Slash"],"picked":"Dash","floor":1.0},{"not_picked":["Backflip","Quick Slash"],"picked":"Well Laid Plans","floor":2.0},{"not_picked":["Quick Slash","Sucker Punch"],"picked":"Dodge and Roll","floor":7.0},{"not_picked":["Sucker Punch","Deflect"],"picked":"Night Terror","floor":11.0},{"not_picked":["Slice","Bane"],"picked":"Backflip","floor":13.0},{"not_picked":["Dodge and Roll","Backflip"],"picked":"PiercingWail","floor":14.0},{"not_picked":["Storm of Steel","Phantasmal Killer"],"picked":"A Thousand Cuts","floor":16.0},{"not_picked":["Predator","Dagger Throw"],"picked":"Footwork","floor":17.0},{"not_picked":["Outmaneuver","Dagger Throw"],"picked":"Caltrops+1","floor":18.0},{"not_picked":["Flying Knee","Bane"],"picked":"Dodge and Roll","floor":19.0},{"not_picked":["Flying Knee","Backflip"],"picked":"Deflect","floor":21.0},{"not_picked":["Prepared","PiercingWail"],"picked":"Endless Agony+1","floor":24.0},{"not_picked":["Dodge and Roll","Slice"],"picked":"Calculated Gamble","floor":29.0},{"not_picked":["Poisoned Stab","Venomology"],"picked":"Dagger Spray","floor":30.0}],"player_experience":1182951,"relics_obtained":[{"floor":9.0,"key":"Anchor"},{"floor":11.0,"key":"Tiny Chest"},{"floor":14.0,"key":"Mango"},{"floor":22.0,"key":"Whetstone"},{"floor":26.0,"key":"Pantograph"}],"event_choices":[{"damage_healed":0.0,"max_hp_gain":0.0,"max_hp_loss":0.0,"gold_gain":0.0,"event_name":"Big Fish","player_choice":"Box","floor":3.0,"gold_loss":0.0,"damage_taken":0.0,"relics_obtained":["Ornamental Fan"],"cards_obtained":["Regret"]},{"cards_removed":["Regret"],"damage_healed":0.0,"max_hp_gain":0.0,"max_hp_loss":0.0,"gold_gain":0.0,"event_name":"The Cleric","player_choice":"Card Removal","floor":4.0,"gold_loss":75.0,"damage_taken":0.0},{"cards_removed":["Strike_G"],"damage_healed":0.0,"max_hp_gain":0.0,"max_hp_loss":0.0,"gold_gain":0.0,"event_name":"Bonfire Elementals","player_choice":"Offered Basic","floor":5.0,"gold_loss":0.0,"damage_taken":0.0},{"damage_healed":0.0,"max_hp_gain":0.0,"max_hp_loss":0.0,"gold_gain":0.0,"cards_transformed":["Strike_G"],"event_name":"Transmorgrifier","player_choice":"Transformed","floor":27.0,"gold_loss":0.0,"damage_taken":0.0,"cards_obtained":["Flechettes"]},{"damage_healed":16.0,"max_hp_gain":0.0,"max_hp_loss":0.0,"gold_gain":0.0,"event_name":"The Library","player_choice":"Heal","floor":31.0,"gold_loss":0.0,"damage_taken":0.0}],"is_beta":true,"boss_relics":[{"not_picked":["Runic Dome","Calling Bell"],"picked":"Tiny House"}],"items_purged_floors":[],"is_endless":false,"potions_floor_spawned":[1,11,18,24,30],"killed_by":"Collector","ascension_level":19}