{"gold_per_floor":[119,135,10,10,25,25,58,58,58,91,91,159,173,198,198,295,295,310,330,380,97,147,147,476,476,524,524,553,553,565,98,98,198,198,215,265,279,329,214,239,239,32,103,122,192,211,240,290,290,290],"floor_reached":51,"playtime":3219,"items_purged":["Strike_B","Regret","Strike_B","Strike_B"],"score":1326,"play_id":"611efee3-1152-495d-8897-431306fe7517","local_time":"20181219135154","is_ascension_mode":true,"campfire_choices":[{"data":"Defragment","floor":6,"key":"SMITH"},{"floor":8,"key":"REST"},{"floor":15,"key":"REST"},{"floor":23,"key":"REST"},{"floor":25,"key":"REST"},{"data":"Buffer","floor":27,"key":"SMITH"},{"floor":29,"key":"REST"},{"floor":32,"key":"DIG"},{"floor":41,"key":"REST"},{"floor":49,"key":"DIG"}],"neow_cost":"NONE","seed_source_timestamp":588327105426534,"circlet_count":0,"master_deck":["AscendersBane","Defend_B","Defend_B","Defend_B","Zap","Dualcast","Defragment+1","Streamline","Sunder","Conserve Battery","Loop","Glacier","Stack","Buffer+1","Compile Driver","Rainbow","Conserve Battery+1","Rebound","Force Field","Echo Form","White Noise","Barrage+1","Buffer","Self Repair","Coolheaded+1","Apotheosis","Melter","Tempest+1"],"relics":["Cracked Core","SsserpentHead","Mercury Hourglass","Matryoshka","Centennial Puzzle","Torii","Cursed Key","Membership Card","Old Coin","Blood Vial","Omamori","Bag of Marbles","Bottled Tornado","Lee\u0027s Waffle","Shovel","Bronze Scales","Fusion Hammer","Cables","Symbiotic Virus","Sundial","Art of War","Bird Faced Urn"],"potions_floor_usage":[7,13,14,16,33,38,40,40,50,50,50],"damage_taken":[{"damage":2,"enemies":"Jaw Worm","floor":1,"turns":3},{"damage":1,"enemies":"Cultist","floor":2,"turns":4},{"damage":28,"enemies":"Gremlin Nob","floor":7,"turns":4},{"damage":5,"enemies":"3 Sentries","floor":10,"turns":5},{"damage":7,"enemies":"Small Slimes","floor":12,"turns":2},{"damage":12,"enemies":"Exordium Thugs","floor":13,"turns":4},{"damage":8,"enemies":"Gremlin Nob","floor":14,"turns":4},{"damage":20,"enemies":"The Guardian","floor":16,"turns":13},{"damage":9,"enemies":"Spheric Guardian","floor":18,"turns":3},{"damage":1,"enemies":"2 Thieves","floor":19,"turns":4},{"damage":29,"enemies":"Gremlin Leader","floor":24,"turns":8},{"damage":44,"enemies":"Book of Stabbing","floor":28,"turns":8},{"damage":24,"enemies":"Centurion and Healer","floor":30,"turns":6},{"damage":0,"enemies":"Automaton","floor":33,"turns":13},{"damage":1,"enemies":"3 Shapes","floor":35,"turns":5},{"damage":0,"enemies":"Orb Walker","floor":37,"turns":4},{"damage":43,"enemies":"Reptomancer","floor":40,"turns":8},{"damage":9,"enemies":"3 Darklings","floor":44,"turns":5},{"damage":1,"enemies":"Sphere and 2 Shapes","floor":45,"turns":3},{"damage":0,"enemies":"Maw","floor":46,"turns":7},{"damage":0,"enemies":"Giant Head","floor":47,"turns":11},{"damage":0,"enemies":"Donu and Deca","floor":50,"turns":11}],"seed_played":"-2264338015964686344","potions_obtained":[{"floor":2,"key":"Strength Potion"},{"floor":12,"key":"Poison Potion"},{"floor":13,"key":"Swift Potion"},{"floor":14,"key":"PowerPotion"},{"floor":28,"key":"Block Potion"},{"floor":30,"key":"Swift Potion"},{"floor":33,"key":"FearPotion"},{"floor":38,"key":"PowerPotion"},{"floor":38,"key":"GamblersBrew"},{"floor":44,"key":"Block Potion"},{"floor":47,"key":"EssenceOfSteel"}],"is_trial":false,"path_per_floor":["M","M","$","?","$","R","E","R","T","E","?","M","M","E","R","B",null,"M","M","?","$","?","R","E","R","T","R","E","R","M","$","R","B",null,"M","?","M","?","$","E","R","$","T","M","M","M","E","?","R","B",null],"character_chosen":"DEFECT","items_purchased":["Sunder","Conserve Battery","Loop","Membership Card","Force Field","Bottled Tornado","Lee\u0027s Waffle","Fruit Juice","Shovel","Fruit Juice","Apotheosis","Melter"],"campfire_rested":6,"item_purchase_floors":[3,3,5,21,21,31,31,31,31,39,42,42],"current_hp_per_floor":[73,72,72,72,72,72,44,68,68,63,63,56,44,36,60,40,72,63,62,62,62,46,72,43,69,69,69,27,53,31,94,94,94,94,93,93,94,99,99,68,99,99,99,99,104,104,104,104,104,104],"gold":290,"neow_bonus":"TEN_PERCENT_HP_BONUS","is_prod":false,"is_daily":false,"chose_seed":false,"campfire_upgraded":2,"win_rate":0,"timestamp":1545245514,"path_taken":["M","M","$","?","?","R","E","R","T","E","?","?","M","E","R","BOSS","M","M","?","$","?","R","E","R","T","R","E","R","M","$","R","BOSS","M","?","M","?","$","E","R","$","T","M","?","M","E","?","R","BOSS"],"build_version":"2018-12-13","purchased_purges":4,"victory":true,"max_hp_per_floor":[82,82,82,82,82,82,82,82,82,82,82,82,82,82,82,82,82,82,82,82,82,87,87,87,87,87,87,87,87,87,94,94,94,94,94,94,94,99,99,104,104,104,104,104,104,104,104,104,104,104],"card_choices":[{"not_picked":["Streamline","Barrage"],"picked":"Defragment","floor":1},{"not_picked":["Sweeping Beam","FTL"],"picked":"Streamline","floor":2},{"not_picked":["Barrage","Steam"],"picked":"Glacier","floor":7},{"not_picked":["Coolheaded","Chaos"],"picked":"Stack","floor":10},{"not_picked":["Stack","Ball Lightning"],"picked":"Buffer","floor":12},{"not_picked":["Coolheaded","Beam Cell"],"picked":"Compile Driver","floor":13},{"not_picked":["Hello World","Gash","Compile Driver"],"picked":"SKIP","floor":14},{"not_picked":["Core Surge","Amplify"],"picked":"Rainbow","floor":16},{"not_picked":["Chaos","Barrage"],"picked":"Conserve Battery+1","floor":18},{"not_picked":["Auto Shields","Ball Lightning"],"picked":"Rebound","floor":19},{"not_picked":["Gash","Coolheaded"],"picked":"Echo Form","floor":24},{"not_picked":["Go for the Eyes","Reboot"],"picked":"White Noise","floor":28},{"not_picked":["Compile Driver","Heatsinks"],"picked":"Barrage+1","floor":30},{"not_picked":["Core Surge","Hyperbeam"],"picked":"Buffer","floor":33},{"not_picked":["Hologram+1","Leap"],"picked":"Self Repair","floor":35},{"not_picked":["Loop","Compile Driver+1","Lockon+1"],"picked":"SKIP","floor":37},{"not_picked":["Rip and Tear+1","Leap"],"picked":"Coolheaded+1","floor":40},{"not_picked":["Rip and Tear","Coolheaded","Chaos"],"picked":"SKIP","floor":44},{"not_picked":["Fission","Redo","BootSequence"],"picked":"SKIP","floor":45},{"not_picked":["Barrage","Coolheaded+1"],"picked":"Tempest+1","floor":46},{"not_picked":["Glacier","Stack","Barrage+1"],"picked":"SKIP","floor":47}],"player_experience":2942072,"relics_obtained":[{"floor":7,"key":"Mercury Hourglass"},{"floor":9,"key":"Matryoshka"},{"floor":10,"key":"Centennial Puzzle"},{"floor":14,"key":"Torii"},{"floor":24,"key":"Old Coin"},{"floor":26,"key":"Blood Vial"},{"floor":26,"key":"Omamori"},{"floor":28,"key":"Bag of Marbles"},{"floor":32,"key":"Bronze Scales"},{"floor":40,"key":"Cables"},{"floor":43,"key":"Symbiotic Virus"},{"floor":43,"key":"Sundial"},{"floor":47,"key":"Art of War"},{"floor":49,"key":"Bird Faced Urn"}],"event_choices":[{"damage_healed":0,"gold_gain":0,"player_choice":"Trade","damage_taken":0,"relics_obtained":["SsserpentHead"],"max_hp_gain":0,"max_hp_loss":0,"event_name":"FaceTrader","floor":4,"gold_loss":0},{"cards_removed":["Strike_B"],"damage_healed":0,"gold_gain":0,"player_choice":"Card Removal","damage_taken":0,"max_hp_gain":0,"max_hp_loss":0,"event_name":"The Cleric","floor":11,"gold_loss":50},{"damage_healed":0,"gold_gain":0,"player_choice":"Ignored","damage_taken":0,"max_hp_gain":0,"max_hp_loss":0,"event_name":"Ghosts","floor":20,"gold_loss":0},{"damage_healed":0,"gold_gain":0,"player_choice":"Shed Blood","damage_taken":21,"max_hp_gain":5,"max_hp_loss":0,"event_name":"Forgotten Altar","floor":22,"gold_loss":0},{"damage_healed":0,"gold_gain":0,"player_choice":"Ignored","damage_taken":0,"max_hp_gain":0,"max_hp_loss":0,"event_name":"Tomb of Lord Red Mask","floor":36,"gold_loss":0},{"damage_healed":0,"gold_gain":0,"player_choice":"Got Potions","damage_taken":0,"max_hp_gain":0,"max_hp_loss":0,"event_name":"Lab","floor":38,"gold_loss":0},{"cards_removed":["Defend_B"],"damage_healed":0,"gold_gain":0,"player_choice":"Purged","damage_taken":0,"max_hp_gain":0,"max_hp_loss":0,"event_name":"Purifier","floor":48,"gold_loss":0}],"is_beta":false,"boss_relics":[{"not_picked":["Eternal Feather","Coffee Dripper"],"picked":"Cursed Key"},{"not_picked":["Empty Cage","Lizard Tail"],"picked":"Fusion Hammer"}],"items_purged_floors":[21,31,39,42],"is_endless":false,"potions_floor_spawned":[2,12,13,14,28,30,33,44,47],"ascension_level":10}