{"gold_per_floor":[117,137,150,169,188,188,216,55,55,84,84,10,26,60,60,60],"floor_reached":16,"playtime":1924,"items_purged":[],"score":128,"play_id":"e34543d4-fdef-4086-b77b-e3b037fdd8c5","local_time":"20190715204040","daily_mods":["DeadlyEvents","Elite Swarm"],"is_ascension_mode":true,"campfire_choices":[{"data":"Bullet Time","floor":6.0,"key":"SMITH"},{"floor":15,"key":"REST"}],"neow_cost":"","seed_source_timestamp":0,"circlet_count":0,"master_deck":["Strike_G","Strike_G","Strike_G","Strike_G","Strike_G","Defend_G","Defend_G","Defend_G","Defend_G","Defend_G","Survivor","Neutralize","Deadly Poison","Backflip","Dash","Flying Knee","Bullet Time+1","Burst","Footwork","Setup","PiercingWail","Unload","Footwork","PiercingWail","Die Die Die"],"special_seed":0,"relics":["Ring of the Snake","Potion Belt","Blue Candle","Matryoshka","Letter Opener"],"potions_floor_usage":[],"damage_taken":[{"damage":0.0,"enemies":"Small Slimes","floor":1.0,"turns":4.0},{"damage":0.0,"enemies":"Jaw Worm","floor":2.0,"turns":4.0},{"damage":0.0,"enemies":"Cultist","floor":3.0,"turns":4.0},{"damage":0.0,"enemies":"Exordium Thugs","floor":4.0,"turns":8.0},{"damage":2.0,"enemies":"3 Louse","floor":5.0,"turns":5.0},{"damage":21.0,"enemies":"3 Sentries","floor":7.0,"turns":13.0},{"damage":21.0,"enemies":"Lagavulin","floor":10.0,"turns":9.0},{"damage":6.0,"enemies":"Large Slime","floor":13.0,"turns":9.0},{"damage":10,"enemies":"3 Sentries","floor":14,"turns":14},{"damage":32,"enemies":"The Guardian","floor":16,"turns":2}],"seed_played":"8455087113466783076","potions_obtained":[{"floor":1.0,"key":"Dexterity Potion"},{"floor":3.0,"key":"Block Potion"},{"floor":4.0,"key":"PowerPotion"},{"floor":7.0,"key":"SkillPotion"}],"is_trial":true,"path_per_floor":["M","M","M","M","M","R","E","$","T","E","?","$","M","E","R","B"],"character_chosen":"THE_SILENT","items_purchased":["Footwork","Setup","PiercingWail","Footwork"],"campfire_rested":1,"item_purchase_floors":[8,8,8,12],"current_hp_per_floor":[70,70,70,70,68,68,47,47,47,26,26,26,20,10,31,0],"gold":60,"neow_bonus":"","is_prod":false,"is_daily":false,"chose_seed":false,"campfire_upgraded":1,"win_rate":0.0,"timestamp":1563216040,"path_taken":["M","M","M","M","M","R","E","$","T","E","?","$","M","E","R","BOSS"],"build_version":"2019-07-05","purchased_purges":0,"victory":false,"max_hp_per_floor":[70,70,70,70,70,70,70,70,70,70,70,70,70,70,70,70],"card_choices":[{"not_picked":["Riddle With Holes","Outmaneuver"],"picked":"Deadly Poison","floor":1.0},{"not_picked":["Dagger Spray","Bane"],"picked":"Backflip","floor":2.0},{"not_picked":["Concentrate","Sucker Punch"],"picked":"Dash","floor":3.0},{"not_picked":["Poisoned Stab","Blade Dance"],"picked":"Flying Knee","floor":4.0},{"not_picked":["Dodge and Roll","Escape Plan"],"picked":"Bullet Time","floor":5.0},{"not_picked":["Grand Finale","Doppelganger"],"picked":"Burst","floor":7.0},{"not_picked":["Night Terror","Glass Knife"],"picked":"Unload","floor":10.0},{"not_picked":["Skewer","Dagger Throw"],"picked":"PiercingWail","floor":13.0},{"not_picked":["Malaise","Wraith Form v2"],"picked":"Die Die Die","floor":14}],"player_experience":128179,"relics_obtained":[{"floor":7.0,"key":"Potion Belt"},{"floor":9.0,"key":"Blue Candle"},{"floor":10.0,"key":"Matryoshka"},{"floor":14,"key":"Letter Opener"}],"event_choices":[{"damage_healed":0.0,"max_hp_gain":0.0,"max_hp_loss":0.0,"gold_gain":0.0,"event_name":"Golden Idol","player_choice":"Ignored","floor":11.0,"gold_loss":0.0,"damage_taken":0.0}],"is_beta":false,"boss_relics":[],"items_purged_floors":[],"is_endless":true,"potions_floor_spawned":[1,3,4,7],"killed_by":"The Guardian","ascension_level":1}