{"gold_per_floor":[113,263,263,278,328,354,371,388,463,463,74,101,114,139,139,212,212,227,239,154,169,219,248,260,82,105,115,135,146,158,173,173,252,252,262,262,262,11,31,57,72,101,155,155,170,187,199,229,229,229],"floor_reached":51,"playtime":4595,"items_purged":["Strike_G","Defend_G"],"score":1508,"play_id":"f3c4b9d9-5000-4678-95e4-a4e225ebf1fa","local_time":"20190429213835","is_ascension_mode":true,"campfire_choices":[{"floor":10.0,"key":"REST"},{"data":"Neutralize","floor":15.0,"key":"SMITH"},{"floor":32.0,"key":"REST"},{"floor":49,"key":"REST"}],"neow_cost":"NONE","seed_source_timestamp":0,"circlet_count":0,"master_deck":["AscendersBane","Defend_G","Defend_G","Defend_G","Defend_G","Strike_G","Strike_G","Strike_G","Strike_G","Survivor+1","Neutralize+1","Leg Sweep","Terror+1","Adrenaline","Backflip","All Out Attack+1","Dash+1","Infinite Blades","Dagger Spray+1","Tools of the Trade","Dagger Spray+1","Blur","Heel Hook+1","Finisher+1","Dagger Throw+1","Flying Knee+1","Noxious Fumes+1","Dash+1","Die Die Die+1","Die Die Die+1","Caltrops","Underhanded Strike+1","Blur","Tactician","Die Die Die+1"],"special_seed":0,"relics":["Ring of the Snake","Blood Vial","Kunai","Molten Egg 2","War Paint","Blue Candle","Nunchaku","Fusion Hammer","Thread and Needle","Centennial Puzzle","Potion Belt","Black Star","The Specimen","Singing Bowl","Smiling Mask","Omamori","Tingsha","Bag of Preparation","FossilizedHelix","Torii"],"potions_floor_usage":[35,50,50,50],"damage_taken":[{"damage":4.0,"enemies":"2 Louse","floor":1.0,"turns":3.0},{"damage":1.0,"enemies":"Small Slimes","floor":4.0,"turns":7.0},{"damage":46.0,"enemies":"Gremlin Nob","floor":6.0,"turns":6.0},{"damage":0.0,"enemies":"Jaw Worm","floor":7.0,"turns":4.0},{"damage":2.0,"enemies":"Gremlin Gang","floor":8.0,"turns":8.0},{"damage":0.0,"enemies":"3 Sentries","floor":12.0,"turns":4.0},{"damage":6.0,"enemies":"Blue Slaver","floor":13.0,"turns":3.0},{"damage":10.0,"enemies":"Gremlin Nob","floor":14.0,"turns":3.0},{"damage":1.0,"enemies":"Slime Boss","floor":16.0,"turns":8.0},{"damage":0.0,"enemies":"Shell Parasite","floor":18.0,"turns":5.0},{"damage":5.0,"enemies":"2 Thieves","floor":19.0,"turns":3.0},{"damage":11.0,"enemies":"Sentry and Sphere","floor":21.0,"turns":5.0},{"damage":0.0,"enemies":"Gremlin Leader","floor":23.0,"turns":6.0},{"damage":0.0,"enemies":"Snecko","floor":24.0,"turns":4.0},{"damage":0.0,"enemies":"Shelled Parasite and Fungi","floor":27.0,"turns":4.0},{"damage":9.0,"enemies":"Snake Plant","floor":28.0,"turns":5.0},{"damage":0.0,"enemies":"Sentry and Sphere","floor":29.0,"turns":7.0},{"damage":0.0,"enemies":"3 Cultists","floor":30.0,"turns":4.0},{"damage":5.0,"enemies":"Centurion and Healer","floor":31.0,"turns":5.0},{"damage":2.0,"enemies":"Champ","floor":33.0,"turns":12.0},{"damage":0,"enemies":"3 Darklings","floor":35,"turns":4},{"damage":1,"enemies":"Orb Walker","floor":39,"turns":2},{"damage":8,"enemies":"Reptomancer","floor":40,"turns":4},{"damage":7,"enemies":"4 Shapes","floor":41,"turns":6},{"damage":30,"enemies":"Nemesis","floor":42,"turns":7},{"damage":19,"enemies":"Sphere and 2 Shapes","floor":45,"turns":5},{"damage":24,"enemies":"Spire Growth","floor":46,"turns":4},{"damage":5,"enemies":"4 Shapes","floor":47,"turns":3},{"damage":0,"enemies":"Reptomancer","floor":48,"turns":4},{"damage":32,"enemies":"Donu and Deca","floor":50,"turns":9}],"seed_played":"-6643657667748844051","potions_obtained":[{"floor":7.0,"key":"SpeedPotion"},{"floor":8.0,"key":"Regen Potion"},{"floor":12.0,"key":"Swift Potion"},{"floor":16.0,"key":"Regen Potion"},{"floor":21.0,"key":"EssenceOfSteel"},{"floor":24.0,"key":"AttackPotion"},{"floor":28.0,"key":"EssenceOfSteel"},{"floor":31.0,"key":"FearPotion"},{"floor":33.0,"key":"SneckoOil"},{"floor":35,"key":"LiquidBronze"},{"floor":39,"key":"Strength Potion"},{"floor":46,"key":"Fire Potion"},{"floor":47,"key":"GamblersBrew"},{"floor":48,"key":"SteroidPotion"}],"is_trial":false,"path_per_floor":["M","?","?","M","T","E","M","M","T","R","$","E","M","E","R","B",null,"M","M","?","M","?","E","M","$","T","M","M","M","M","M","R","B",null,"M","?","?","$","M","E","M","E","T","?","M","M","M","E","R","B",null],"character_chosen":"THE_SILENT","items_purchased":["War Paint","Fruit Juice","All Out Attack+1","Finisher+1","Die Die Die+1","Caltrops"],"campfire_rested":3,"item_purchase_floors":[11,11,11,25,38,38],"current_hp_per_floor":[61,61,54,53,53,9,11,11,11,32,32,51,47,39,39,40,68,70,67,67,58,58,60,71,71,71,73,66,68,70,67,77,75,77,77,77,77,77,76,69,66,38,38,79,62,42,39,41,65,35],"gold":229,"neow_bonus":"TEN_PERCENT_HP_BONUS","is_prod":false,"is_daily":false,"chose_seed":false,"campfire_upgraded":1,"win_rate":0,"timestamp":1556595515,"path_taken":["M","?","?","M","?","E","M","M","T","R","$","E","M","E","R","BOSS","M","?","?","M","?","E","M","$","T","M","M","M","M","?","R","BOSS","M","?","?","$","?","E","M","E","T","?","M","M","?","E","R","BOSS"],"build_version":"2019-04-23","purchased_purges":2,"victory":true,"max_hp_per_floor":[72,72,72,72,72,72,72,72,72,72,72,77,77,77,77,77,77,77,77,77,77,77,77,77,77,77,77,77,77,77,77,77,77,77,77,77,77,77,77,77,79,79,79,79,81,83,83,83,83,83],"card_choices":[{"not_picked":["Bane","Underhanded Strike"],"picked":"Leg Sweep","floor":1.0},{"not_picked":["Dagger Spray","Deflect"],"picked":"Terror","floor":4.0},{"not_picked":["Well Laid Plans","Eviscerate"],"picked":"Adrenaline","floor":6.0},{"not_picked":["Quick Slash","Acrobatics"],"picked":"All Out Attack","floor":7.0},{"not_picked":["PiercingWail","Dagger Spray"],"picked":"Backflip","floor":8.0},{"not_picked":["Slice+1","Poisoned Stab+1"],"picked":"Dash+1","floor":12.0},{"not_picked":["Bane+1","Setup"],"picked":"Infinite Blades","floor":13.0},{"not_picked":["Expertise","Skewer+1"],"picked":"Dagger Spray+1","floor":14.0},{"not_picked":["Wraith Form v2","Glass Knife+1"],"picked":"Tools of the Trade","floor":16.0},{"not_picked":["Poisoned Stab+1","Dodge and Roll"],"picked":"Dagger Spray+1","floor":18.0},{"not_picked":["Bane+1","Escape Plan"],"picked":"Blur","floor":19.0},{"not_picked":["Bouncing Flask","Expertise","Leg Sweep"],"picked":"SKIP","floor":21.0},{"not_picked":["Masterful Stab+1","Prepared"],"picked":"Heel Hook+1","floor":23.0},{"not_picked":["Dodge and Roll","Dagger Spray+1","Deadly Poison"],"picked":"SKIP","floor":24.0},{"not_picked":["Storm of Steel","Outmaneuver"],"picked":"Dagger Throw+1","floor":27.0},{"not_picked":["Accuracy","Leg Sweep","Distraction"],"picked":"SKIP","floor":28.0},{"not_picked":["Escape Plan","Setup"],"picked":"Flying Knee+1","floor":29.0},{"not_picked":["Blade Dance","Masterful Stab+1"],"picked":"Noxious Fumes+1","floor":30.0},{"not_picked":["Endless Agony+1","Dagger Throw+1"],"picked":"Dash+1","floor":31.0},{"not_picked":["Glass Knife+1","Burst"],"picked":"Die Die Die+1","floor":33.0},{"not_picked":["Catalyst","Acrobatics","Dagger Spray+1"],"picked":"SKIP","floor":35},{"not_picked":["Dodge and Roll","Flechettes+1","Outmaneuver"],"picked":"SKIP","floor":39},{"not_picked":["Noxious Fumes","Finisher+1"],"picked":"Underhanded Strike+1","floor":40},{"not_picked":["Malaise","Riddle With Holes+1","Cloak And Dagger"],"picked":"Singing Bowl","floor":41},{"not_picked":["Blade Dance","Flying Knee+1"],"picked":"Blur","floor":42},{"not_picked":["Crippling Poison","Dagger Throw+1","Calculated Gamble"],"picked":"Singing Bowl","floor":45},{"not_picked":["PiercingWail","Deadly Poison","Flechettes+1"],"picked":"Singing Bowl","floor":46},{"not_picked":["Slice+1","Dash+1"],"picked":"Tactician","floor":47},{"not_picked":["Noxious Fumes","Escape Plan"],"picked":"Die Die Die+1","floor":48}],"player_experience":931140,"relics_obtained":[{"floor":5.0,"key":"Blood Vial"},{"floor":6.0,"key":"Kunai"},{"floor":9.0,"key":"Molten Egg 2"},{"floor":12.0,"key":"Blue Candle"},{"floor":14.0,"key":"Nunchaku"},{"floor":23.0,"key":"Centennial Puzzle"},{"floor":26.0,"key":"Potion Belt"},{"floor":40,"key":"Singing Bowl"},{"floor":40,"key":"Smiling Mask"},{"floor":42,"key":"Omamori"},{"floor":42,"key":"Tingsha"},{"floor":43,"key":"Bag of Preparation"},{"floor":48,"key":"FossilizedHelix"},{"floor":48,"key":"Torii"}],"event_choices":[{"damage_healed":0.0,"max_hp_gain":0.0,"max_hp_loss":0.0,"gold_gain":150.0,"event_name":"Liars Game","player_choice":"AGREE","floor":2.0,"gold_loss":0.0,"damage_taken":0.0,"cards_obtained":["Doubt"]},{"cards_removed":["Doubt"],"damage_healed":0.0,"max_hp_gain":0.0,"max_hp_loss":0.0,"gold_gain":0.0,"event_name":"Golden Wing","player_choice":"Card Removal","floor":3.0,"gold_loss":0.0,"damage_taken":7.0},{"damage_healed":0.0,"max_hp_gain":0.0,"max_hp_loss":0.0,"gold_gain":0.0,"event_name":"Addict","player_choice":"Obtained Relic","floor":20.0,"gold_loss":85.0,"damage_taken":0.0,"relics_obtained":["Thread and Needle"]},{"damage_healed":0.0,"max_hp_gain":0.0,"max_hp_loss":0.0,"gold_gain":100.0,"event_name":"The Joust","player_choice":"Bet on Murderer","floor":22.0,"gold_loss":50.0,"damage_taken":0.0},{"damage_healed":0,"gold_gain":0,"player_choice":"Ignored","damage_taken":0,"max_hp_gain":0,"max_hp_loss":0,"event_name":"Tomb of Lord Red Mask","floor":36,"gold_loss":0},{"damage_healed":0,"gold_gain":0,"player_choice":"Gave Potion","damage_taken":0,"relics_obtained":["The Specimen"],"max_hp_gain":0,"max_hp_loss":0,"event_name":"WeMeetAgain","floor":37,"gold_loss":0},{"cards_removed":["All Out Attack"],"damage_healed":41,"gold_gain":0,"player_choice":"Offered Uncommon","damage_taken":0,"max_hp_gain":0,"max_hp_loss":0,"event_name":"Bonfire Elementals","floor":44,"gold_loss":0}],"is_beta":true,"boss_relics":[{"not_picked":["Empty Cage","Coffee Dripper"],"picked":"Fusion Hammer"},{"not_picked":["Lizard Tail","Calling Bell"],"picked":"Black Star"}],"items_purged_floors":[11,25],"is_endless":false,"potions_floor_spawned":[7,8,12,16,21,23,24,28,31,33,35,39,46,47,48],"ascension_level":16}