{"gold_per_floor":[114,39,39,114,114,147,147,165,214,235,235,12,12,28,28,148,148,161,19,19,19,39,39,74,74,74,74,74,92,92,110,110,233,233,252,273,296,43,62,62,86,86,86,105,105,141,166,499,499,499],"floor_reached":51,"playtime":2966,"items_purged":["Strike_R","Strike_R"],"score":695,"play_id":"05bf626b-eb9c-4025-975b-91dd7162ffa9","local_time":"20190624111412","is_ascension_mode":false,"campfire_choices":[{"data":"Bash","floor":7,"key":"SMITH"},{"data":"Rampage","floor":13,"key":"SMITH"},{"data":"Disarm","floor":15,"key":"SMITH"},{"data":"Offering","floor":23,"key":"SMITH"},{"data":"Demon Form","floor":25,"key":"SMITH"},{"data":"Intimidate","floor":27,"key":"SMITH"},{"floor":30,"key":"REST"},{"floor":32,"key":"REST"},{"floor":40,"key":"REST"},{"floor":42,"key":"REST"},{"data":"Heavy Blade","floor":45,"key":"SMITH"},{"data":"Disarm","floor":49,"key":"SMITH"}],"neow_cost":"NONE","seed_source_timestamp":987548373002372,"circlet_count":0,"master_deck":["Defend_R","Defend_R","Defend_R","Bash+1","Rampage+1","Clothesline","Seeing Red","Headbutt","Uppercut","Disarm+1","Dark Embrace+1","Armaments+1","Offering+1","Intimidate+1","Demon Form+1","Disarm+1","Dual Wield+1","Reaper","Seeing Red+1","Brutality+1","Double Tap+1","Iron Wave+1","Iron Wave+1","Heavy Blade+1","Iron Wave+1","Ghostly Armor+1"],"relics":["Burning Blood","Paper Frog","Bronze Scales","Philosopher\u0027s Stone","Shuriken","Question Card","Astrolabe","Strange Spoon","Blue Candle","FossilizedHelix"],"potions_floor_usage":[16,24,24,31,33,36,41,46,47,47,50],"damage_taken":[{"damage":6,"enemies":"2 Louse","floor":1,"turns":2},{"damage":20,"enemies":"Gremlin Nob","floor":6,"turns":4},{"damage":3,"enemies":"Small Slimes","floor":8,"turns":3},{"damage":4,"enemies":"Cultist","floor":10,"turns":3},{"damage":4,"enemies":"Blue Slaver","floor":14,"turns":3},{"damage":27,"enemies":"The Guardian","floor":16,"turns":7},{"damage":1,"enemies":"Chosen","floor":18,"turns":3},{"damage":26,"enemies":"2 Thieves","floor":22,"turns":3},{"damage":26,"enemies":"Gremlin Leader","floor":24,"turns":3},{"damage":16,"enemies":"Snake Plant","floor":29,"turns":3},{"damage":30,"enemies":"3 Cultists","floor":31,"turns":6},{"damage":9,"enemies":"Champ","floor":33,"turns":9},{"damage":26,"enemies":"Orb Walker","floor":35,"turns":4},{"damage":25,"enemies":"3 Shapes","floor":36,"turns":7},{"damage":43,"enemies":"Sphere and 2 Shapes","floor":37,"turns":4},{"damage":54,"enemies":"Spire Growth","floor":39,"turns":5},{"damage":13,"enemies":"Transient","floor":41,"turns":5},{"damage":34,"enemies":"3 Darklings","floor":44,"turns":6},{"damage":73,"enemies":"Reptomancer","floor":46,"turns":8},{"damage":23,"enemies":"Writhing Mass","floor":47,"turns":7},{"damage":46,"enemies":"Time Eater","floor":50,"turns":13}],"seed_played":"-3759604774458555502","potions_obtained":[{"floor":1,"key":"Dexterity Potion"},{"floor":8,"key":"Swift Potion"},{"floor":18,"key":"EssenceOfSteel"},{"floor":22,"key":"Poison Potion"},{"floor":24,"key":"Dexterity Potion"},{"floor":33,"key":"Block Potion"},{"floor":37,"key":"LiquidBronze"},{"floor":41,"key":"SteroidPotion"},{"floor":44,"key":"Weak Potion"},{"floor":46,"key":"SkillPotion"}],"is_trial":false,"path_per_floor":["M","$","?","?","?","E","R","M","T","M","?","$","R","M","R","B",null,"M","$","?","$","M","R","E","R","T","R","?","M","R","M","R","B",null,"M","M","M","$","M","R","M","R","T","M","R","E","M","?","R","B",null],"character_chosen":"IRONCLAD","items_purchased":["Disarm","Dexterity Potion","Offering","Strange Spoon","PowerPotion"],"campfire_rested":4,"item_purchase_floors":[12,12,19,38,38],"current_hp_per_floor":[88,88,81,70,70,56,56,59,59,61,61,61,61,63,63,42,81,81,81,81,81,61,61,41,41,41,41,41,31,55,31,55,52,81,81,74,67,67,19,43,55,79,79,81,81,81,81,81,81,41],"gold":499,"neow_bonus":"TEN_PERCENT_HP_BONUS","is_prod":false,"is_daily":false,"chose_seed":false,"campfire_upgraded":8,"win_rate":0,"timestamp":1561389252,"path_taken":["M","$","?","?","?","E","R","M","T","M","?","$","R","M","R","BOSS","M","?","?","$","?","R","E","R","T","R","?","M","R","M","R","BOSS","M","M","M","$","M","R","M","R","T","M","R","E","?","?","R","BOSS"],"build_version":"2019-01-23","purchased_purges":2,"victory":true,"max_hp_per_floor":[88,88,88,88,81,81,81,81,81,81,81,81,81,81,81,81,81,81,81,81,81,81,81,81,81,81,81,81,81,81,81,81,81,81,81,81,81,81,81,81,81,81,81,81,81,81,81,81,81,81],"card_choices":[{"not_picked":["Headbutt","Evolve"],"picked":"Rampage","floor":1},{"not_picked":["Perfected Strike","Pummel"],"picked":"Clothesline","floor":6},{"not_picked":["Flex","Feel No Pain"],"picked":"Seeing Red","floor":8},{"not_picked":["Iron Wave","Hemokinesis"],"picked":"Headbutt","floor":10},{"not_picked":["Havoc","Second Wind","Headbutt"],"picked":"SKIP","floor":14},{"not_picked":["Immolate","Berserk"],"picked":"Dark Embrace","floor":16},{"not_picked":["Heavy Blade","Clothesline"],"picked":"Armaments+1","floor":18},{"not_picked":["Wild Strike","Iron Wave"],"picked":"Intimidate","floor":22},{"not_picked":["Warcry","Havoc"],"picked":"Demon Form","floor":24},{"not_picked":["Clothesline","Body Slam","Wild Strike"],"picked":"Disarm","floor":29},{"not_picked":["Clothesline","Thunderclap+1","Anger"],"picked":"Dual Wield+1","floor":31},{"not_picked":["Bludgeon","Limit Break","Double Tap"],"picked":"Reaper","floor":33},{"not_picked":["Sever Soul","Armaments","Body Slam"],"picked":"Iron Wave+1","floor":35},{"not_picked":["Fire Breathing+1","Warcry","Reckless Charge+1","Dark Embrace"],"picked":"SKIP","floor":36},{"not_picked":["Havoc+1","Clothesline+1","Headbutt","Thunderclap+1"],"picked":"SKIP","floor":37},{"not_picked":["Sword Boomerang+1","Thunderclap+1","Pommel Strike+1"],"picked":"Iron Wave+1","floor":39},{"not_picked":["Cleave","Sword Boomerang","Rupture+1"],"picked":"Heavy Blade","floor":41},{"not_picked":["Clothesline","Shrug It Off","Rage"],"picked":"Iron Wave+1","floor":44},{"not_picked":["Heavy Blade","Entrench","Pommel Strike+1"],"picked":"Ghostly Armor+1","floor":46},{"not_picked":["Hemokinesis","Clothesline+1","Havoc+1","Evolve"],"picked":"SKIP","floor":47}],"player_experience":3818443,"relics_obtained":[{"floor":6,"key":"Paper Frog"},{"floor":9,"key":"Bronze Scales"},{"floor":24,"key":"Shuriken"},{"floor":26,"key":"Question Card"},{"floor":43,"key":"Blue Candle"},{"floor":46,"key":"FossilizedHelix"}],"event_choices":[{"cards_removed":["Strike_R"],"damage_healed":0,"gold_gain":0,"player_choice":"Card Removal","damage_taken":7,"max_hp_gain":0,"max_hp_loss":0,"event_name":"Golden Wing","floor":3,"gold_loss":0},{"damage_healed":0,"gold_gain":75,"player_choice":"Gather Gold","damage_taken":11,"max_hp_gain":0,"max_hp_loss":0,"event_name":"World of Goop","floor":4,"gold_loss":0},{"damage_healed":0,"gold_gain":0,"player_choice":"Lose Max HP","damage_taken":0,"relics_obtained":["Golden Idol"],"max_hp_gain":0,"max_hp_loss":7,"event_name":"Golden Idol","floor":5,"gold_loss":0},{"damage_healed":0,"gold_gain":0,"cards_transformed":["Strike_R"],"player_choice":"Transformed","damage_taken":0,"max_hp_gain":0,"max_hp_loss":0,"event_name":"Transmorgrifier","floor":11,"gold_loss":0,"cards_obtained":["Uppercut"]},{"damage_healed":0,"gold_gain":0,"player_choice":"Forge","damage_taken":0,"max_hp_gain":0,"max_hp_loss":0,"event_name":"Accursed Blacksmith","floor":20,"gold_loss":0,"cards_upgraded":["Dark Embrace"]},{"damage_healed":0,"gold_gain":0,"player_choice":"1 cards matched","damage_taken":0,"max_hp_gain":0,"max_hp_loss":0,"event_name":"Match and Keep!","floor":28,"gold_loss":0,"cards_obtained":["Sever Soul"]},{"damage_healed":0,"gold_gain":333,"player_choice":"Gave Idol","damage_taken":0,"max_hp_gain":0,"max_hp_loss":0,"event_name":"The Moai Head","floor":48,"relics_lost":["Golden Idol"],"gold_loss":0}],"is_beta":false,"boss_relics":[{"not_picked":["Ectoplasm","White Beast Statue"],"picked":"Philosopher\u0027s Stone"},{"not_picked":["Cursed Key","Sozu"],"picked":"Astrolabe"}],"items_purged_floors":[2,12],"is_endless":false,"potions_floor_spawned":[1,8,18,22,24,33,37,41,44,46],"ascension_level":0}