{"path_per_floor":["M","M","?","?","M","R","T","M","T","R","$","?","M","M","R","B",null,"M","M","?","$","$","R"],"character_chosen":"THE_SILENT","items_purchased":["Letter Opener","Vajra","Prepared"],"gold_per_floor":[219,239,239,199,215,215,215,228,282,282,24,24,37,56,56,159,159,170,190,190,7,7,7],"floor_reached":24,"campfire_rested":0,"playtime":2795,"current_hp_per_floor":[62,62,62,62,64,64,64,63,63,63,63,74,74,78,78,3,64,65,81,65,65,65,65],"items_purged":[],"gold":7,"score":260,"play_id":"ce6ce658-a2a9-42fe-b62c-f873ae03bb3a","is_prod":false,"is_daily":false,"is_ascension_mode":true,"campfire_upgraded":4,"path_taken":["M","M","?","?","?","R","?","M","T","R","?","?","M","M","R","BOSS","M","M","?","?","$","R","E"],"build_version":"2018-02-08-PROD1","purchased_purges":0,"victory":false,"master_deck":["Defend_G","Defend_G","Defend_G","Defend_G","Defend_G","Strike_G","Strike_G","Strike_G","Strike_G","Strike_G","Survivor","Neutralize","Neutralize+1","Bandage Up","Acrobatics","Deadly Poison+1","Night Terror+1","Backflip+1","Blur","Venomology","Acrobatics+1","Bouncing Flask+1","Necronomicurse","Prepared"],"max_hp_per_floor":[70,70,70,70,70,70,70,70,70,70,70,84,84,84,84,84,84,84,84,84,84,84,84],"relics":["Ring of the Snake","Ninja Scroll","Bag of Marbles","Letter Opener","Mango","Cursed Key","Necronomicon","Vajra"],"card_choices":[{"not_picked":["Sucker Punch","Accuracy"],"picked":"Deadly Poison"},{"not_picked":["Crippling Poison","Reflex"],"picked":"Night Terror"},{"not_picked":["PiercingWail","Backstab"],"picked":"Backflip"},{"not_picked":["Dash","Dagger Spray"],"picked":"Blur"},{"not_picked":["Night Terror","Corpse Explosion"],"picked":"Venomology"},{"not_picked":["Slice","Bouncing Flask"],"picked":"Acrobatics"},{"not_picked":["Heel Hook","Cloak And Dagger"],"picked":"Bouncing Flask"}],"player_experience":628588,"potions_floor_usage":[13,16,16,16,18,24,24],"damage_taken":[{"damage":1,"enemies":"Jaw Worm","floor":1,"turns":4},{"damage":0,"enemies":"Blue Slaver","floor":2,"turns":8},{"damage":2,"enemies":"2 Louse","floor":5,"turns":4},{"damage":5,"enemies":"Exordium Wildlife","floor":8,"turns":4},{"damage":4,"enemies":"Exordium Thugs","floor":13,"turns":4},{"damage":0,"enemies":"Large Slime","floor":14,"turns":4},{"damage":79,"enemies":"Slime Boss","floor":16,"turns":17},{"damage":3,"enemies":"Spheric Guardian","floor":18,"turns":8},{"damage":0,"enemies":"3 Byrds","floor":19,"turns":5},{"damage":79,"enemies":"Gremlin Leader","floor":24,"turns":8}],"event_choices":[{"event_name":"Match and Keep!","player_choice":"3 cards matched","floor":3,"damage_taken":0},{"event_name":"The Woman in Blue","player_choice":"Bought 3 Potions","floor":4,"damage_taken":0},{"event_name":"Scrap Ooze","player_choice":"success","floor":12,"damage_taken":3},{"event_name":"Cursed Tome","player_choice":"Obtained Book","floor":20,"damage_taken":0}],"boss_relics":[{"not_picked":["Orrery","Philosopher\u0027s Stone"],"picked":"Cursed Key"}],"potions_floor_spawned":[8,14],"seed_played":"5095365717634303604","killed_by":"Gremlin Leader","ascension_level":8,"is_trial":false}