{"path_per_floor":["M","$","M","?","?","R","M","R","T","?","M","M","?","?","R","B",null,"M","M","?","?","?","R","M","$","T","M","M","R","M","E","R","B",null,"M","?","?","$","M"],"character_chosen":"THE_SILENT","items_purchased":["Well Laid Plans","Noxious Fumes","Kunai","Snake Skull"],"gold_per_floor":[215,67,79,79,79,79,91,91,117,117,128,146,146,321,321,416,416,432,451,451,351,351,351,371,53,76,90,104,104,120,154,154,250,250,268,268,268,11,24],"floor_reached":40,"campfire_rested":2,"playtime":7932,"current_hp_per_floor":[66,66,66,66,66,66,66,66,66,71,71,67,67,67,67,56,75,62,58,42,42,33,57,54,54,54,51,48,48,45,41,65,61,80,62,62,62,62,53],"items_purged":["Strike_G","Doubt"],"gold":24,"play_id":"3dbe3737-5b8f-4a47-a5d9-52e84ae8c639","is_prod":false,"is_daily":false,"campfire_rituals":0,"campfire_upgraded":4,"is_hardmode":false,"path_taken":["M","$","?","?","?","R","?","R","T","?","M","M","?","?","R","BOSS","M","M","?","?","?","R","M","$","T","M","?","R","M","E","R","BOSS","M","?","?","$","M","E"],"build_version":"2018-01-18-PROD3","purchased_purges":2,"victory":false,"master_deck":["Defend_G","Defend_G","Defend_G","Defend_G","Defend_G","Strike_G","Strike_G","Strike_G","Survivor","Neutralize","Endless Agony","Well Laid Plans","Blur","Acrobatics","Backflip","Envenom","Deflect","Escape Plan","J.A.X.","Prepared","Noxious Fumes","Acrobatics","Cloak And Dagger","Acrobatics","Accuracy","After Image","Quick Slash","Backstab"],"max_hp_per_floor":[70,70,70,70,70,70,70,70,70,75,75,75,75,75,75,75,75,75,75,75,75,80,80,80,80,80,80,80,80,80,80,80,80,80,80,80,80,80,80],"relics":["Ring of the Snake","Molten Egg","Sozu","Enchiridion","Kunai","Toxic Egg","Du-Vu Doll","Eternal Feather","Snake Skull"],"campfire_meditates":0,"card_choices":[{"not_picked":["Terror","Bane"],"picked":"Endless Agony"},{"not_picked":["Quick Slash","Cloak And Dagger"],"picked":"Blur"},{"not_picked":["Blade Dance","Finisher"],"picked":"Acrobatics"},{"not_picked":["Dagger Throw","Skewer"],"picked":"Backflip"},{"not_picked":["Corpse Explosion","Tactician"],"picked":"Envenom"},{"not_picked":["Bane","Underhanded Strike"],"picked":"Deflect"},{"not_picked":["Reflex","Prepared"],"picked":"Escape Plan"},{"not_picked":["Choke","Cloak And Dagger"],"picked":"Prepared"},{"not_picked":["Terror","Adrenaline"],"picked":"Acrobatics"},{"not_picked":["Quick Slash","Endless Agony"],"picked":"Cloak And Dagger"},{"not_picked":["Dagger Spray","Slice"],"picked":"Acrobatics"},{"not_picked":["Cloak And Dagger","Outmaneuver"],"picked":"Accuracy"},{"not_picked":["Corpse Explosion","Doppelganger"],"picked":"After Image"},{"not_picked":["Dagger Throw","Finisher"],"picked":"Quick Slash"},{"not_picked":["PiercingWail","Sucker Punch"],"picked":"Backstab"}],"player_experience":83567,"potions_floor_usage":[16],"damage_taken":[{"damage":4,"enemies":"Blue Slaver","floor":1,"turns":6},{"damage":0,"enemies":"Cultist","floor":3,"turns":4},{"damage":0,"enemies":"2 Louse","floor":7,"turns":2},{"damage":0,"enemies":"Exordium Wildlife","floor":11,"turns":5},{"damage":4,"enemies":"2 Fungi Beasts","floor":12,"turns":4},{"damage":11,"enemies":"The Guardian","floor":16,"turns":21},{"damage":13,"enemies":"Spheric Guardian","floor":18,"turns":12},{"damage":4,"enemies":"Shell Parasite","floor":19,"turns":11},{"damage":3,"enemies":"Snake Plant","floor":24,"turns":7},{"damage":3,"enemies":"Sentry and Sphere","floor":27,"turns":9},{"damage":3,"enemies":"3 Cultists","floor":28,"turns":6},{"damage":3,"enemies":"Snake Plant","floor":30,"turns":4},{"damage":4,"enemies":"Book of Stabbing","floor":31,"turns":7},{"damage":4,"enemies":"Champ","floor":33,"turns":11},{"damage":18,"enemies":"3 Darklings","floor":35,"turns":6},{"damage":9,"enemies":"Orb Walker","floor":39,"turns":5},{"damage":54,"enemies":"2 Orb Walkers","floor":40,"turns":4}],"event_choices":[{"event_name":"The Woman in Blue","player_choice":"Bought 0 Potions","floor":4,"damage_taken":0},{"event_name":"Living Wall","player_choice":"Grow","floor":5,"damage_taken":0},{"event_name":"Big Fish","player_choice":"Donut","floor":10,"damage_taken":0},{"event_name":"Purifier","player_choice":"One Purge","floor":13,"damage_taken":0},{"event_name":"Liars Game","player_choice":"agreed","floor":14,"damage_taken":0},{"event_name":"Cursed Tome","player_choice":"Obtained Book","floor":20,"damage_taken":0},{"event_name":"Drug Dealer","player_choice":"Got JAXXED","floor":21,"damage_taken":0},{"event_name":"Forgotten Altar","player_choice":"Shed Blood","floor":22,"damage_taken":0},{"event_name":"The Lab","player_choice":"Got Potions","floor":36,"damage_taken":0},{"event_name":"Tomb of Lord Red Mask","player_choice":"Ignored","floor":37,"damage_taken":0}],"boss_relics":[{"not_picked":["Runic Pyramid","Snecko Eye"],"picked":"Sozu"},{"not_picked":["White Beast Statue","Philosopher\u0027s Stone"],"picked":"Eternal Feather"}],"potions_floor_spawned":[1,12,24,27,30],"seed_played":"-4509791606488715427","killed_by":"2 Orb Walkers","is_trial":false}