{"path_per_floor":["M","?","$","M","M","R","E","R","T","R","M","R","M","M","R","B",null,"M","M"],"character_chosen":"THE_SILENT","items_purchased":["Predator","Dexterity Potion"],"gold_per_floor":[119,194,35,51,63,63,97,97,149,149,165,165,184,201,201,273,273,285,295],"floor_reached":20,"campfire_rested":1,"playtime":1836,"current_hp_per_floor":[62,51,51,51,51,51,36,56,56,56,55,55,54,51,51,38,60,59,55],"items_purged":["Strike_G"],"gold":295,"score":290,"play_id":"90a69989-a63f-4d5e-99c8-2cf83821ec62","local_time":"20180308175404","is_prod":false,"is_daily":false,"is_ascension_mode":true,"campfire_upgraded":4,"timestamp":1520549644,"path_taken":["M","?","$","M","M","R","E","R","T","R","M","R","M","M","R","BOSS","M","M","M"],"build_version":"2018-03-01-PROD1","purchased_purges":1,"victory":false,"master_deck":["Defend_G","Defend_G","Defend_G","Defend_G","Defend_G","Strike_G","Strike_G","Strike_G","Strike_G","Survivor","Neutralize+1","Predator+1","Acrobatics","Leg Sweep+1","Terror+1","Acrobatics","Prepared","Outmaneuver","Backflip"],"max_hp_per_floor":[67,67,67,67,67,67,67,67,67,67,67,67,67,67,67,67,67,67,67],"relics":["Ring of the Snake","Omamori","Bag of Preparation","Sozu"],"card_choices":[{"not_picked":["Masterful Stab","PiercingWail"],"picked":"Acrobatics"},{"not_picked":["Choke","Eviscerate"],"picked":"Leg Sweep"},{"not_picked":["Underhanded Strike","All Out Attack"],"picked":"Terror"},{"not_picked":["Blade Dance","Predator"],"picked":"Acrobatics"},{"not_picked":["Bane","Acrobatics"],"picked":"Prepared"},{"not_picked":["Dodge and Roll","Dagger Throw"],"picked":"Outmaneuver"},{"not_picked":["Deflect","Phantasmal Killer"],"picked":"Backflip"}],"player_experience":948094,"potions_floor_usage":[7,14,16,16,16],"damage_taken":[{"damage":1,"enemies":"Jaw Worm","floor":1,"turns":4},{"damage":0,"enemies":"2 Louse","floor":4,"turns":2},{"damage":0,"enemies":"Cultist","floor":5,"turns":5},{"damage":15,"enemies":"Gremlin Nob","floor":7,"turns":5},{"damage":1,"enemies":"2 Fungi Beasts","floor":11,"turns":3},{"damage":1,"enemies":"Large Slime","floor":13,"turns":6},{"damage":3,"enemies":"Exordium Thugs","floor":14,"turns":5},{"damage":13,"enemies":"The Guardian","floor":16,"turns":14},{"damage":1,"enemies":"Shell Parasite","floor":18,"turns":10},{"damage":4,"enemies":"Spheric Guardian","floor":19,"turns":5},{"damage":56,"enemies":"Slaver and Parasite","floor":20,"turns":11}],"event_choices":[{"event_name":"World of Goop","player_choice":"Gather Gold","floor":2,"damage_taken":0}],"boss_relics":[{"not_picked":["Ectoplasm","Tiny House"],"picked":"Sozu"}],"potions_floor_spawned":[5,7,13,14],"seed_played":"860611133713172226","killed_by":"Slaver and Parasite","ascension_level":13,"is_trial":false}