{"gold_per_floor":[114,114,289,304,21,21,51,66,141,141,156,0,30,60,60,160,160,175,190,105,120,120,150,150,180,230,310,325,340,405,435,435,535,535,550,600,650,715,115,130,160,240,240,240,270,20,50,115,115,115],"floor_reached":51,"playtime":3923,"items_purged":["Doubt","Brutality+1"],"score":1038,"play_id":"c046b89a-9c47-45f3-92e8-1b89d9a634b8","local_time":"20190515232108","daily_mods":["Allstar","Time Dilation","DeadlyEvents"],"is_ascension_mode":false,"campfire_choices":[{"data":"Bash","floor":6,"key":"SMITH"},{"data":"Inflame","floor":15,"key":"SMITH"},{"data":"Double Tap","floor":24,"key":"SMITH"},{"floor":32,"key":"REST"},{"floor":44,"key":"REST"},{"floor":49,"key":"REST"}],"neow_cost":"","seed_source_timestamp":0,"circlet_count":0,"master_deck":["Bash+1","Mind Blast+1","Good Instincts","Madness","Secret Technique+1","Sword Boomerang","Clothesline","Headbutt+1","Flex","Warcry","Shrug It Off","Bludgeon+1","Inflame+1","Burning Pact","Barricade","Double Tap+1","Iron Wave+1","Iron Wave+1","Burning Pact+1","Uppercut+1","Disarm","Disarm","Flame Barrier","Entrench+1","Dark Embrace+1","Demon Form+1","Whirlwind+1","Entrench","Whirlwind+1","Twin Strike+1","Hemokinesis+1","Thunderclap+1","Limit Break","Immolate+1","Disarm","Madness","Madness","Heavy Blade+1","Feel No Pain+1","Disarm+1","Shrug It Off+1"],"special_seed":18032,"relics":["Burning Blood","Singing Bowl","Molten Egg 2","Potion Belt","Pantograph","Velvet Choker","Sundial","SsserpentHead","Champion Belt","Prayer Wheel","Orichalcum","Frozen Egg 2","Shuriken","Pandora\u0027s Box","Gambling Chip","Chemical X","Whetstone","Art of War","Omamori","Regal Pillow","Bottled Lightning","Smiling Mask"],"potions_floor_usage":[13,14,23,28,31,31,31,40,41,47,47,47,50],"damage_taken":[{"damage":0,"enemies":"Cultist","floor":1,"turns":3},{"damage":2,"enemies":"Small Slimes","floor":4,"turns":4},{"damage":32,"enemies":"Lagavulin","floor":7,"turns":6},{"damage":0,"enemies":"2 Louse","floor":8,"turns":1},{"damage":0,"enemies":"2 Fungi Beasts","floor":11,"turns":3},{"damage":6,"enemies":"Gremlin Nob","floor":13,"turns":3},{"damage":9,"enemies":"3 Sentries","floor":14,"turns":4},{"damage":0,"enemies":"Slime Boss","floor":16,"turns":7},{"damage":2,"enemies":"Shell Parasite","floor":18,"turns":4},{"damage":10,"enemies":"3 Byrds","floor":19,"turns":4},{"damage":12,"enemies":"Snake Plant","floor":21,"turns":4},{"damage":30,"enemies":"Slavers","floor":23,"turns":5},{"damage":19,"enemies":"Gremlin Leader","floor":25,"turns":5},{"damage":32,"enemies":"Book of Stabbing","floor":27,"turns":5},{"damage":0,"enemies":"Snecko","floor":28,"turns":2},{"damage":4,"enemies":"Cultist and Chosen","floor":29,"turns":4},{"damage":6,"enemies":"Snake Plant","floor":30,"turns":5},{"damage":0,"enemies":"Slavers","floor":31,"turns":5},{"damage":23,"enemies":"Champ","floor":33,"turns":10},{"damage":3,"enemies":"3 Shapes","floor":35,"turns":5},{"damage":4,"enemies":"Orb Walker","floor":38,"turns":2},{"damage":46,"enemies":"Sphere and 2 Shapes","floor":40,"turns":9},{"damage":15,"enemies":"Nemesis","floor":41,"turns":5},{"damage":18,"enemies":"Giant Head","floor":42,"turns":9},{"damage":6,"enemies":"Nemesis","floor":45,"turns":9},{"damage":48,"enemies":"Reptomancer","floor":47,"turns":3},{"damage":0,"enemies":"Jaw Worm Horde","floor":48,"turns":1},{"damage":14,"enemies":"Awakened One","floor":50,"turns":12}],"seed_played":"-1426792424504152410","potions_obtained":[{"floor":4,"key":"Fire Potion"},{"floor":8,"key":"Ancient Potion"},{"floor":13,"key":"Ancient Potion"},{"floor":27,"key":"Weak Potion"},{"floor":28,"key":"Fire Potion"},{"floor":30,"key":"EssenceOfSteel"},{"floor":31,"key":"BloodPotion"},{"floor":33,"key":"Dexterity Potion"},{"floor":35,"key":"GamblersBrew"},{"floor":42,"key":"Explosive Potion"},{"floor":45,"key":"Explosive Potion"}],"is_trial":false,"path_per_floor":["M","?","?","M","$","R","E","M","T","?","M","$","E","E","R","B",null,"M","M","?","M","?","E","R","E","T","E","M","M","M","E","R","B",null,"M","?","?","M","$","M","E","E","T","R","E","$","E","M","R","B",null],"character_chosen":"IRONCLAD","items_purchased":["Headbutt","Flex","Warcry","Explosive Potion","Bludgeon+1","Inflame","Gambling Chip","Chemical X","Block Potion","Bottled Lightning"],"campfire_rested":3,"item_purchase_floors":[5,5,5,5,12,12,39,39,39,46],"current_hp_per_floor":[80,64,64,68,68,68,44,50,50,50,58,58,58,55,55,84,84,86,82,82,76,76,52,52,39,39,13,21,25,27,33,60,68,92,94,82,82,86,86,55,46,36,36,65,67,67,27,37,83,98],"gold":115,"neow_bonus":"","is_prod":false,"is_daily":true,"chose_seed":false,"campfire_upgraded":3,"win_rate":0,"timestamp":1557976868,"path_taken":["M","?","?","M","$","R","E","?","T","?","M","$","?","E","R","BOSS","M","M","?","M","?","E","R","E","T","?","M","M","?","E","R","BOSS","M","?","?","?","?","M","E","?","T","R","E","$","E","?","R","BOSS"],"build_version":"2019-01-23","purchased_purges":2,"victory":true,"max_hp_per_floor":[80,80,80,80,80,80,82,82,82,82,84,84,84,84,84,84,84,86,86,86,86,86,86,86,86,86,86,88,90,92,92,92,92,92,94,94,94,96,96,96,96,98,98,98,100,100,102,106,106,106],"card_choices":[{"not_picked":["Shrug It Off","Intimidate"],"picked":"Sword Boomerang","floor":1},{"not_picked":["Heavy Blade","Dropkick"],"picked":"Clothesline","floor":4},{"not_picked":["Headbutt","Wild Strike","Heavy Blade"],"picked":"Singing Bowl","floor":7},{"not_picked":["Shockwave","Searing Blow"],"picked":"Shrug It Off","floor":8},{"not_picked":["Sword Boomerang+1","Perfected Strike+1","Body Slam+1"],"picked":"Singing Bowl","floor":11},{"not_picked":["Metallicize","Searing Blow+1"],"picked":"Burning Pact","floor":13},{"not_picked":["Sword Boomerang+1","Havoc"],"picked":"Barricade","floor":14},{"not_picked":["Berserk","Bludgeon+1"],"picked":"Double Tap","floor":16},{"not_picked":["Headbutt+1","Bloodletting","Blood for Blood+1"],"picked":"Singing Bowl","floor":18},{"not_picked":["Corruption+1","Warcry+1"],"picked":"Iron Wave+1","floor":19},{"not_picked":["Pommel Strike+1","Shrug It Off"],"picked":"Iron Wave+1","floor":21},{"not_picked":["Wild Strike+1","Metallicize"],"picked":"Burning Pact+1","floor":23},{"not_picked":["Heavy Blade+1","Warcry"],"picked":"Uppercut+1","floor":25},{"not_picked":["Bludgeon+1","Seeing Red"],"picked":"Disarm","floor":27},{"not_picked":["Combust+1","Perfected Strike+1"],"picked":"Disarm","floor":28},{"not_picked":["Perfected Strike+1","Sword Boomerang+1","Body Slam+1"],"picked":"Singing Bowl","floor":28},{"not_picked":["Clash+1","Pommel Strike+1","Headbutt+1"],"picked":"Singing Bowl","floor":29},{"not_picked":["Wild Strike+1","Power Through"],"picked":"Flame Barrier","floor":29},{"not_picked":["Entrench","Perfected Strike+1","Flex"],"picked":"Singing Bowl","floor":30},{"not_picked":["Thunderclap+1","Iron Wave+1"],"picked":"Entrench+1","floor":30},{"not_picked":["Intimidate","Immolate+1"],"picked":"Dark Embrace+1","floor":31},{"not_picked":["Dark Embrace+1","Limit Break"],"picked":"Demon Form+1","floor":33},{"not_picked":["Pommel Strike+1","Perfected Strike+1"],"picked":"Disarm","floor":35},{"not_picked":["Dropkick+1","Whirlwind+1","Twin Strike+1"],"picked":"Singing Bowl","floor":35},{"not_picked":["Entrench","Wild Strike+1"],"picked":"Heavy Blade+1","floor":38},{"not_picked":["Clothesline+1","Wild Strike+1","Sever Soul+1"],"picked":"Singing Bowl","floor":38},{"not_picked":["Clash+1","Rampage+1"],"picked":"Feel No Pain+1","floor":40},{"not_picked":["Clash+1","Armaments+1"],"picked":"Disarm+1","floor":40},{"not_picked":["Bludgeon+1","Power Through+1"],"picked":"Shrug It Off+1","floor":41},{"not_picked":["Wild Strike+1","Sword Boomerang+1","Anger+1"],"picked":"Singing Bowl","floor":42},{"not_picked":["Twin Strike+1","Hemokinesis+1","Flex+1"],"picked":"Singing Bowl","floor":45},{"not_picked":["Headbutt+1","Feel No Pain+1","Twin Strike+1"],"picked":"Singing Bowl","floor":47},{"not_picked":["Headbutt+1","Twin Strike+1","Havoc"],"picked":"Singing Bowl","floor":48},{"not_picked":["Dropkick+1","Rage","Flex"],"picked":"Singing Bowl","floor":48}],"player_experience":3682271,"relics_obtained":[{"floor":7,"key":"Singing Bowl"},{"floor":9,"key":"Molten Egg 2"},{"floor":13,"key":"Potion Belt"},{"floor":14,"key":"Pantograph"},{"floor":23,"key":"Champion Belt"},{"floor":25,"key":"Prayer Wheel"},{"floor":26,"key":"Orichalcum"},{"floor":27,"key":"Frozen Egg 2"},{"floor":31,"key":"Shuriken"},{"floor":41,"key":"Whetstone"},{"floor":42,"key":"Art of War"},{"floor":43,"key":"Omamori"},{"floor":45,"key":"Regal Pillow"},{"floor":47,"key":"Smiling Mask"}],"event_choices":[{"damage_healed":0,"gold_gain":0,"player_choice":"Entered Light","damage_taken":16,"max_hp_gain":0,"max_hp_loss":0,"event_name":"Shining Light","floor":2,"gold_loss":0,"cards_upgraded":["Enlightenment","Strike_R"]},{"damage_healed":0,"gold_gain":175,"player_choice":"AGREE","damage_taken":0,"max_hp_gain":0,"max_hp_loss":0,"event_name":"Liars Game","floor":3,"gold_loss":0,"cards_obtained":["Doubt"]},{"damage_healed":0,"gold_gain":0,"player_choice":"Grow","damage_taken":0,"max_hp_gain":0,"max_hp_loss":0,"event_name":"Living Wall","floor":10,"gold_loss":0,"cards_upgraded":["Secret Technique"]},{"damage_healed":0,"gold_gain":0,"player_choice":"Obtained Relic","damage_taken":0,"relics_obtained":["Sundial"],"max_hp_gain":0,"max_hp_loss":0,"event_name":"Addict","floor":20,"gold_loss":85},{"damage_healed":0,"gold_gain":0,"player_choice":"Trade","damage_taken":0,"relics_obtained":["SsserpentHead"],"max_hp_gain":0,"max_hp_loss":0,"event_name":"FaceTrader","floor":22,"gold_loss":0},{"damage_healed":0,"gold_gain":0,"player_choice":"Embrace Madness","damage_taken":12,"max_hp_gain":0,"max_hp_loss":0,"event_name":"Winding Halls","floor":36,"gold_loss":0,"cards_obtained":["Madness","Madness"]},{"cards_removed":["Enlightenment"],"damage_healed":0,"gold_gain":0,"player_choice":"Removed Skill","damage_taken":0,"max_hp_gain":0,"max_hp_loss":0,"event_name":"Falling","floor":37,"gold_loss":0}],"is_beta":false,"boss_relics":[{"not_picked":["Tiny House","Cursed Key"],"picked":"Velvet Choker"},{"not_picked":["White Beast Statue","Black Star"],"picked":"Pandora\u0027s Box"}],"items_purged_floors":[5,39],"is_endless":false,"potions_floor_spawned":[4,8,13,27,28,30,31,33,35,42,45],"ascension_level":0}