{"gold_per_floor":[109,21,40,40,40,40,66,79,79,92,92,123,137,151,151,249,249,269,61,78,43,43,43,68,81,104,104,116,16,16,32,32,132,132,151,167,167,183,193,193,225,225,225,225,0,0,0,31,31,31],"floor_reached":50,"playtime":3113,"items_purged":["Strike_B","Strike_B+1"],"score":795,"play_id":"6a2aa201-bb97-49ac-b55e-e522577ff956","local_time":"20181212161943","is_ascension_mode":true,"campfire_choices":[{"data":"Rip and Tear","floor":6,"key":"SMITH"},{"floor":11,"key":"REST"},{"floor":15,"key":"REST"},{"floor":23,"key":"REST"},{"floor":27,"key":"REST"},{"data":"Defragment","floor":30,"key":"SMITH"},{"data":"Electrodynamics","floor":32,"key":"SMITH"},{"floor":40,"key":"REST"},{"floor":44,"key":"REST"},{"floor":46,"key":"REST"},{"floor":49,"key":"REST"}],"neow_cost":"NONE","seed_source_timestamp":2481196805310952,"circlet_count":0,"master_deck":["AscendersBane","Strike_B+1","Defend_B","Defend_B","Defend_B","Zap+1","Dualcast","Genetic Algorithm","Rip and Tear+1","Leap","Redo","Cold Snap+1","Skim","Leap","Darkness","Electrodynamics+1","Streamline+1","Capacitor","Conserve Battery+1","Defragment+1","Self Repair","Compile Driver+1","Barrage+1","Glacier","Fusion+1","Buffer","White Noise+1","Leap+1","Aggregate+1","Chill+1","Conserve Battery+1","Chaos+1","Aggregate+1"],"relics":["Cracked Core","Gremlin Horn","Molten Egg 2","DataDisk","Velvet Choker","Ornamental Fan","Dream Catcher","Sozu","War Paint","Calipers","Red Mask","Emotion Chip","Ancient Tea Set"],"potions_floor_usage":[7,7,10,16,48,48],"damage_taken":[{"damage":2,"enemies":"Jaw Worm","floor":1,"turns":3},{"damage":9,"enemies":"2 Louse","floor":3,"turns":2},{"damage":4,"enemies":"3 Sentries","floor":7,"turns":7},{"damage":1,"enemies":"Cultist","floor":8,"turns":3},{"damage":12,"enemies":"Lots of Slimes","floor":10,"turns":2},{"damage":21,"enemies":"Gremlin Nob","floor":12,"turns":4},{"damage":0,"enemies":"2 Fungi Beasts","floor":13,"turns":2},{"damage":3,"enemies":"Looter","floor":14,"turns":3},{"damage":28,"enemies":"Slime Boss","floor":16,"turns":10},{"damage":17,"enemies":"2 Thieves","floor":18,"turns":2},{"damage":0,"enemies":"Spheric Guardian","floor":20,"turns":3},{"damage":28,"enemies":"Slavers","floor":24,"turns":4},{"damage":9,"enemies":"Cultist and Chosen","floor":25,"turns":5},{"damage":1,"enemies":"Snecko","floor":28,"turns":4},{"damage":0,"enemies":"3 Cultists","floor":31,"turns":3},{"damage":45,"enemies":"Collector","floor":33,"turns":9},{"damage":15,"enemies":"3 Darklings","floor":35,"turns":3},{"damage":3,"enemies":"3 Shapes","floor":36,"turns":2},{"damage":2,"enemies":"Sphere and 2 Shapes","floor":38,"turns":3},{"damage":0,"enemies":"4 Shapes","floor":39,"turns":3},{"damage":47,"enemies":"Nemesis","floor":41,"turns":11},{"damage":39,"enemies":"Reptomancer","floor":48,"turns":8},{"damage":70,"enemies":"Awakened One","floor":50,"turns":4}],"seed_played":"2795799455699734669","potions_obtained":[{"floor":1,"key":"SkillPotion"},{"floor":3,"key":"AttackPotion"},{"floor":14,"key":"AttackPotion"},{"floor":24,"key":"FearPotion"},{"floor":25,"key":"LiquidBronze"},{"floor":28,"key":"Poison Potion"}],"is_trial":false,"path_per_floor":["M","$","M","?","?","R","E","M","T","M","R","E","M","M","R","B",null,"M","$","M","$","?","R","E","M","T","R","M","$","R","M","R","B",null,"M","M","?","M","M","R","E","?","T","R","?","R","T","E","R","B"],"character_chosen":"DEFECT","items_purchased":["Rip and Tear","AttackPotion","Capacitor","Conserve Battery","Self Repair"],"campfire_rested":8,"item_purchase_floors":[2,2,19,19,21],"current_hp_per_floor":[66,66,57,42,42,42,38,37,37,25,47,26,26,23,45,17,61,44,44,44,44,44,66,45,43,43,65,71,71,71,75,75,37,66,51,48,48,46,46,68,28,28,28,50,50,72,72,40,62,0],"gold":31,"neow_bonus":"UPGRADE_CARD","is_prod":false,"is_daily":false,"chose_seed":false,"campfire_upgraded":3,"win_rate":0,"timestamp":1544649583,"path_taken":["M","$","M","?","?","R","E","M","T","M","R","E","M","M","R","BOSS","M","$","M","$","?","R","E","M","T","R","?","$","R","M","R","BOSS","M","M","?","M","M","R","E","?","T","R","?","R","?","E","R","BOSS"],"build_version":"2018-12-06","purchased_purges":2,"victory":false,"max_hp_per_floor":[75,75,75,75,75,75,75,75,75,75,75,75,75,75,75,75,75,75,75,75,75,75,75,75,75,75,75,75,75,75,75,75,75,75,75,75,75,75,75,75,75,75,75,75,75,75,75,75,75,75],"card_choices":[{"not_picked":["Reinforced Body","Conserve Battery"],"picked":"Genetic Algorithm","floor":1},{"not_picked":["Go for the Eyes","Sweeping Beam"],"picked":"Leap","floor":3},{"not_picked":["Reinforced Body","Coolheaded"],"picked":"Redo","floor":7},{"not_picked":["Blizzard","Melter","Coolheaded"],"picked":"SKIP","floor":8},{"not_picked":["Tempest","Gash+1"],"picked":"Cold Snap+1","floor":10},{"not_picked":["Lockon+1","Turbo"],"picked":"Skim","floor":12},{"not_picked":["Doom and Gloom+1","Turbo"],"picked":"Leap","floor":13},{"not_picked":["Compile Driver+1","Coolheaded"],"picked":"Darkness","floor":14},{"not_picked":["Biased Cognition","Hyperbeam+1"],"picked":"Electrodynamics","floor":16},{"not_picked":["Gash+1","Aggregate"],"picked":"Streamline+1","floor":18},{"not_picked":["Beam Cell+1","Stack"],"picked":"Defragment","floor":20},{"not_picked":["Beam Cell+1","Steam+1"],"picked":"Compile Driver+1","floor":24},{"not_picked":["Rebound+1","Turbo+1"],"picked":"Barrage+1","floor":25},{"not_picked":["Steam Power","Turbo"],"picked":"Sweeping Beam+1","floor":27},{"not_picked":["Storm+1","Sweeping Beam+1"],"picked":"Glacier","floor":28},{"not_picked":["Chill","Aggregate"],"picked":"Fusion+1","floor":31},{"not_picked":["Amplify","Core Surge+1"],"picked":"Buffer","floor":33},{"not_picked":["Hologram","Rebound+1","Recycle+1"],"picked":"SKIP","floor":35},{"not_picked":["Ball Lightning+1","Sweeping Beam+1","Coolheaded"],"picked":"SKIP","floor":36},{"not_picked":["Turbo","Conserve Battery+1"],"picked":"White Noise+1","floor":38},{"not_picked":["Rebound+1","Ball Lightning+1","Steam"],"picked":"SKIP","floor":39},{"not_picked":["Reinforced Body","Melter+1"],"picked":"Leap+1","floor":40},{"not_picked":["Coolheaded","Glacier"],"picked":"Aggregate","floor":41},{"not_picked":["Hologram","Storm+1"],"picked":"Chill+1","floor":44},{"not_picked":["Rebound+1","Hyperbeam+1"],"picked":"Conserve Battery+1","floor":46},{"not_picked":["Reboot","Gash+1"],"picked":"Chaos+1","floor":48},{"not_picked":["Leap+1","Turbo"],"picked":"Aggregate+1","floor":49}],"player_experience":2845521,"relics_obtained":[{"floor":7,"key":"Gremlin Horn"},{"floor":9,"key":"Molten Egg 2"},{"floor":12,"key":"DataDisk"},{"floor":24,"key":"Ornamental Fan"},{"floor":26,"key":"Dream Catcher"},{"floor":41,"key":"War Paint"},{"floor":43,"key":"Calipers"},{"floor":47,"key":"Emotion Chip"},{"floor":48,"key":"Ancient Tea Set"}],"event_choices":[{"damage_healed":0,"gold_gain":0,"player_choice":"Entered Light","damage_taken":15,"max_hp_gain":0,"max_hp_loss":0,"event_name":"Shining Light","floor":4,"gold_loss":0,"cards_upgraded":["Strike_B","Strike_B"]},{"cards_removed":["Strike_B"],"damage_healed":0,"gold_gain":0,"player_choice":"Purged","damage_taken":0,"max_hp_gain":0,"max_hp_loss":0,"event_name":"Purifier","floor":5,"gold_loss":0},{"cards_removed":["Defend_B"],"damage_healed":0,"gold_gain":0,"player_choice":"Purged","damage_taken":0,"max_hp_gain":0,"max_hp_loss":0,"event_name":"Purifier","floor":22,"gold_loss":0},{"cards_removed":["Sweeping Beam"],"damage_healed":0,"gold_gain":0,"player_choice":"Removed Attack","damage_taken":0,"max_hp_gain":0,"max_hp_loss":0,"event_name":"Falling","floor":37,"gold_loss":0},{"damage_healed":0,"gold_gain":0,"player_choice":"Ignored","damage_taken":0,"max_hp_gain":0,"max_hp_loss":0,"event_name":"Mysterious Sphere","floor":42,"gold_loss":0},{"damage_healed":0,"gold_gain":0,"player_choice":"Paid","damage_taken":0,"relics_obtained":["Red Mask"],"max_hp_gain":0,"max_hp_loss":0,"event_name":"Tomb of Lord Red Mask","floor":45,"gold_loss":225}],"is_beta":false,"boss_relics":[{"not_picked":["Philosopher\u0027s Stone","Cursed Key"],"picked":"Velvet Choker"},{"not_picked":["FrozenCore","Orrery"],"picked":"Sozu"}],"items_purged_floors":[19,29],"is_endless":false,"potions_floor_spawned":[1,3,14,24,25,28,31,35,36],"killed_by":"Awakened One","ascension_level":10}