{"gold_per_floor":[16,31,46,46,46,46,79,79],"floor_reached":8,"playtime":31585,"items_purged":[],"score":112,"play_id":"9d9e0e62-4d3e-4993-b9e6-e2563b77083b","local_time":"20181121082928","is_ascension_mode":true,"campfire_choices":[{"data":"Neutralize","floor":6,"key":"SMITH"}],"neow_cost":"NO_GOLD","seed_source_timestamp":610530240650731,"circlet_count":0,"master_deck":["AscendersBane","Defend_G","Defend_G","Defend_G","Defend_G","Defend_G","Strike_G","Strike_G","Strike_G","Strike_G","Strike_G","Survivor","Neutralize+1","Bane","Deadly Poison","After Image"],"relics":["Ring of the Snake","Mango","Dream Catcher","Smiling Mask"],"potions_floor_usage":[7],"damage_taken":[{"damage":9,"enemies":"Jaw Worm","floor":1,"turns":5},{"damage":0,"enemies":"2 Louse","floor":2,"turns":3},{"damage":3,"enemies":"Small Slimes","floor":3,"turns":3},{"damage":27,"enemies":"3 Sentries","floor":7,"turns":11},{"damage":36,"enemies":"The Mushroom Lair","floor":8,"turns":4}],"seed_played":"-254512149330525345","potions_obtained":[{"floor":3,"key":"Fire Potion"},{"floor":7,"key":"FearPotion"}],"is_trial":false,"path_per_floor":["M","M","M","?","?","R","E","?"],"character_chosen":"THE_SILENT","items_purchased":[],"campfire_rested":0,"item_purchase_floors":[],"current_hp_per_floor":[64,64,61,56,56,56,29,0],"gold":79,"neow_bonus":"ONE_RARE_RELIC","is_prod":false,"is_daily":false,"chose_seed":false,"campfire_upgraded":1,"win_rate":0,"timestamp":1542806968,"path_taken":["M","M","M","?","?","R","E","?"],"build_version":"2018-11-15","purchased_purges":0,"victory":false,"max_hp_per_floor":[80,80,80,80,80,80,80,80],"card_choices":[{"not_picked":["Underhanded Strike","Infinite Blades","Reflex"],"picked":"SKIP","floor":1},{"not_picked":["Masterful Stab","Dodge and Roll"],"picked":"Bane","floor":2},{"not_picked":["Deflect","Dodge and Roll"],"picked":"Deadly Poison","floor":3},{"not_picked":["Masterful Stab","Eviscerate"],"picked":"After Image","floor":7}],"player_experience":2426943,"relics_obtained":[{"floor":7,"key":"Smiling Mask"}],"event_choices":[{"damage_healed":0,"gold_gain":0,"player_choice":"Success","damage_taken":5,"relics_obtained":["Dream Catcher"],"max_hp_gain":0,"max_hp_loss":0,"event_name":"Scrap Ooze","floor":4,"gold_loss":0},{"damage_healed":0,"gold_gain":0,"player_choice":"Ignored","damage_taken":0,"max_hp_gain":0,"max_hp_loss":0,"event_name":"Liars Game","floor":5,"gold_loss":0},{"damage_healed":0,"gold_gain":0,"player_choice":"Fought Mushrooms","damage_taken":0,"max_hp_gain":0,"max_hp_loss":0,"event_name":"Mushrooms","floor":8,"gold_loss":0}],"is_beta":false,"boss_relics":[],"items_purged_floors":[],"is_endless":false,"potions_floor_spawned":[3,7],"killed_by":"The Mushroom Lair","ascension_level":20}