{"gold_per_floor":[111,14,0,16,34,34,68,68,95,95,20,20,51,66,66,163,163,179,159,176,21,38,38,38,57,83,83,83,95,95,20,20,20],"floor_reached":33,"playtime":1952,"items_purged":["Strike_R"],"score":336,"play_id":"2335af7c-0a4e-4065-ab98-7c36b6247bae","local_time":"20181127171737","is_ascension_mode":true,"campfire_choices":[{"data":"Armaments","floor":6,"key":"SMITH"},{"data":"Body Slam","floor":8,"key":"SMITH"},{"floor":12,"key":"REST"},{"data":"Body Slam","floor":15,"key":"SMITH"},{"data":"Inflame","floor":23,"key":"SMITH"},{"data":"Shockwave","floor":28,"key":"SMITH"},{"data":"Battle Trance","floor":32,"key":"SMITH"}],"neow_cost":"TEN_PERCENT_HP_LOSS","seed_source_timestamp":1189824752203764,"circlet_count":0,"master_deck":["Defend_R+1","Defend_R+1","Defend_R+1","Defend_R+1","Bash","Fiend Fire","Ghostly Armor","Inflame+1","Armaments+1","Body Slam+1","Metallicize","Battle Trance+1","Body Slam+1","Reaper","Immolate+1","Seeing Red+1","Metallicize+1","Disarm","Battle Trance","Seeing Red+1","Shockwave+1","Disarm+1","Clothesline+1"],"relics":["Burning Blood","Vajra","Bronze Scales","Omamori","Astrolabe","Centennial Puzzle","Ancient Tea Set"],"potions_floor_usage":[13,16,22,33],"damage_taken":[{"damage":2,"enemies":"Small Slimes","floor":1,"turns":4},{"damage":0,"enemies":"2 Louse","floor":4,"turns":3},{"damage":12,"enemies":"Jaw Worm","floor":5,"turns":2},{"damage":37,"enemies":"3 Sentries","floor":7,"turns":8},{"damage":0,"enemies":"Gremlin Nob","floor":13,"turns":3},{"damage":4,"enemies":"2 Fungi Beasts","floor":14,"turns":2},{"damage":29,"enemies":"The Guardian","floor":16,"turns":12},{"damage":3,"enemies":"Chosen","floor":18,"turns":4},{"damage":14,"enemies":"2 Thieves","floor":19,"turns":4},{"damage":22,"enemies":"Centurion and Healer","floor":20,"turns":11},{"damage":8,"enemies":"Snake Plant","floor":22,"turns":4},{"damage":9,"enemies":"Sentry and Sphere","floor":25,"turns":4},{"damage":0,"enemies":"Centurion and Healer","floor":29,"turns":5},{"damage":96,"enemies":"Champ","floor":33,"turns":17}],"seed_played":"-5349518112950209610","potions_obtained":[{"floor":7,"key":"FearPotion"},{"floor":13,"key":"Dexterity Potion"},{"floor":20,"key":"EssenceOfSteel"},{"floor":22,"key":"Swift Potion"}],"is_trial":false,"path_per_floor":["M","$","?","M","M","R","E","R","T","?","$","R","E","M","R","B",null,"M","M","M","$","M","R","?","M","T","?","R","M","?","?","R","B"],"character_chosen":"IRONCLAD","items_purchased":["Inflame","Armaments","Centennial Puzzle"],"campfire_rested":1,"item_purchase_floors":[2,2,21],"current_hp_per_floor":[72,72,72,72,66,66,35,35,35,28,28,49,55,57,57,34,72,72,64,56,56,61,61,61,58,58,58,58,72,72,72,72,0],"gold":20,"neow_bonus":"THREE_RARE_CARDS","is_prod":false,"is_daily":false,"chose_seed":false,"campfire_upgraded":6,"win_rate":0,"timestamp":1543357057,"path_taken":["M","$","?","M","M","R","E","R","T","?","?","R","E","M","R","BOSS","M","M","M","$","M","R","?","M","T","?","R","M","?","?","R","BOSS"],"build_version":"2018-11-15","purchased_purges":1,"victory":false,"max_hp_per_floor":[72,72,72,72,72,72,72,72,72,72,72,72,72,72,72,72,72,72,72,72,72,72,72,72,72,72,72,72,72,72,72,72,72],"card_choices":[{"not_picked":["Offering","Dark Embrace"],"picked":"Fiend Fire","floor":0},{"not_picked":["Sword Boomerang","Iron Wave"],"picked":"Ghostly Armor","floor":1},{"not_picked":["Fire Breathing","Iron Wave"],"picked":"Body Slam","floor":4},{"not_picked":["Flex","Havoc"],"picked":"Metallicize","floor":5},{"not_picked":["Infernal Blade","Headbutt"],"picked":"Burning Pact","floor":7},{"not_picked":["Spot Weakness","Headbutt"],"picked":"Battle Trance","floor":13},{"not_picked":["Flex","True Grit"],"picked":"Body Slam","floor":14},{"not_picked":["Brutality","Fiend Fire"],"picked":"Reaper","floor":16},{"not_picked":["Dropkick+1","Thunderclap+1"],"picked":"Disarm","floor":18},{"not_picked":["Cleave","Twin Strike"],"picked":"Battle Trance","floor":19},{"not_picked":["Fiend Fire","Headbutt","Clash"],"picked":"SKIP","floor":20},{"not_picked":["Sword Boomerang","Wild Strike"],"picked":"Seeing Red+1","floor":22},{"not_picked":["Wild Strike+1","Pommel Strike"],"picked":"Disarm+1","floor":25},{"not_picked":["Armaments","Headbutt"],"picked":"Clothesline+1","floor":29}],"player_experience":2529578,"relics_obtained":[{"floor":7,"key":"Vajra"},{"floor":9,"key":"Bronze Scales"},{"floor":13,"key":"Omamori"},{"floor":26,"key":"Ancient Tea Set"}],"event_choices":[{"damage_healed":0,"gold_gain":0,"player_choice":"Left Gold","damage_taken":0,"max_hp_gain":0,"max_hp_loss":0,"event_name":"World of Goop","floor":3,"gold_loss":14},{"cards_removed":["Strike_R"],"damage_healed":0,"gold_gain":0,"player_choice":"Card Removal","damage_taken":7,"max_hp_gain":0,"max_hp_loss":0,"event_name":"Golden Wing","floor":10,"gold_loss":0},{"damage_healed":0,"gold_gain":0,"player_choice":"Read","damage_taken":0,"max_hp_gain":0,"max_hp_loss":0,"event_name":"The Library","floor":24,"gold_loss":0,"cards_obtained":["Shockwave"]},{"damage_healed":0,"gold_gain":0,"player_choice":"Simplicity","damage_taken":0,"max_hp_gain":0,"max_hp_loss":0,"event_name":"Back to Basics","floor":27,"gold_loss":0,"cards_upgraded":["Defend_R","Defend_R","Defend_R","Defend_R"]},{"damage_healed":0,"gold_gain":0,"player_choice":"Ignored","damage_taken":0,"max_hp_gain":0,"max_hp_loss":0,"event_name":"Ghosts","floor":30,"gold_loss":0},{"cards_removed":["Burning Pact"],"damage_healed":0,"gold_gain":0,"player_choice":"Gave Gold","damage_taken":0,"max_hp_gain":0,"max_hp_loss":0,"event_name":"Beggar","floor":31,"gold_loss":75}],"is_beta":false,"boss_relics":[{"not_picked":["Snecko Eye","Black Star"],"picked":"Astrolabe"}],"items_purged_floors":[11],"is_endless":false,"potions_floor_spawned":[7,13,20,22],"killed_by":"Champ","ascension_level":4}