{"gold_per_floor":[17,32,52,62,34,34,52,65,65,65,65,65,65,84,84,158,158,177,19,33,33],"floor_reached":21,"playtime":1502,"items_purged":[],"score":337,"play_id":"2f4facdd-1eb9-4523-9f12-501413265972","local_time":"20190412163817","is_ascension_mode":true,"campfire_choices":[{"floor":6,"key":"REST"},{"data":"Seek","floor":12,"key":"SMITH"},{"data":"Gash","floor":13,"key":"SMITH"},{"floor":15,"key":"REST"}],"neow_cost":"NO_GOLD","seed_source_timestamp":248831992473147,"circlet_count":0,"master_deck":["AscendersBane","Strike_B","Strike_B","Defend_B","Defend_B","Defend_B","Defend_B","Zap","Dualcast","Skim","Turbo","Chill","BootSequence","Coolheaded","Seek+1","Gash+1","Compile Driver","Biased Cognition","Force Field","Barrage+1"],"relics":["Cracked Core","WingedGreaves","Symbiotic Virus","Snecko Eye","Anchor"],"potions_floor_usage":[4,4],"damage_taken":[{"damage":2,"enemies":"Cultist","floor":1,"turns":4},{"damage":7,"enemies":"Jaw Worm","floor":2,"turns":4},{"damage":4,"enemies":"2 Louse","floor":3,"turns":2},{"damage":23,"enemies":"Gremlin Gang","floor":4,"turns":5},{"damage":0,"enemies":"3 Louse","floor":7,"turns":4},{"damage":9,"enemies":"Blue Slaver","floor":8,"turns":4},{"damage":10,"enemies":"Large Slime","floor":14,"turns":6},{"damage":29,"enemies":"Slime Boss","floor":16,"turns":9},{"damage":9,"enemies":"Chosen","floor":18,"turns":5},{"damage":13,"enemies":"Spheric Guardian","floor":20,"turns":4},{"damage":58,"enemies":"Centurion and Healer","floor":21,"turns":7}],"seed_played":"-4089223075066764550","potions_obtained":[{"floor":1,"key":"Block Potion"},{"floor":3,"key":"Block Potion"},{"floor":8,"key":"SkillPotion"}],"is_trial":false,"path_per_floor":["M","M","M","M","$","R","M","M","T","?","?","R","R","M","R","B",null,"M","$","M","M"],"character_chosen":"DEFECT","items_purchased":["Coolheaded","Anchor"],"campfire_rested":2,"item_purchase_floors":[5,19],"current_hp_per_floor":[62,55,51,28,28,49,49,40,40,45,45,45,45,35,57,28,64,55,55,42,0],"gold":33,"neow_bonus":"REMOVE_TWO","is_prod":false,"is_daily":false,"chose_seed":false,"campfire_upgraded":2,"win_rate":0,"timestamp":1555101497,"path_taken":["M","M","?","M","$","R","M","M","T","?","?","R","R","M","R","BOSS","M","$","M","?"],"build_version":"2019-01-23","purchased_purges":0,"victory":false,"max_hp_per_floor":[71,71,71,71,71,71,71,71,71,76,76,76,76,76,76,76,76,76,76,76,76],"card_choices":[{"not_picked":["Go for the Eyes","Scrape"],"picked":"Skim","floor":1},{"not_picked":["Hologram","Coolheaded"],"picked":"Turbo","floor":2},{"not_picked":["Auto Shields","Leap"],"picked":"Chill","floor":3},{"not_picked":["Rebound","Beam Cell"],"picked":"BootSequence","floor":4},{"not_picked":["Skim","Cold Snap"],"picked":"Seek","floor":7},{"not_picked":["Leap","Compile Driver"],"picked":"Gash","floor":8},{"not_picked":["Ball Lightning","Doom and Gloom"],"picked":"Compile Driver","floor":14},{"not_picked":["Core Surge","Fission"],"picked":"Biased Cognition","floor":16},{"not_picked":["Blizzard","Steam+1"],"picked":"Force Field","floor":18},{"not_picked":["Gash","Auto Shields"],"picked":"Barrage+1","floor":20}],"player_experience":3371807,"relics_obtained":[{"floor":9,"key":"WingedGreaves"}],"event_choices":[{"damage_healed":0,"gold_gain":0,"player_choice":"Donut","damage_taken":0,"max_hp_gain":5,"max_hp_loss":0,"event_name":"Big Fish","floor":10,"gold_loss":0},{"damage_healed":0,"gold_gain":0,"player_choice":"Gave Potion","damage_taken":0,"relics_obtained":["Symbiotic Virus"],"max_hp_gain":0,"max_hp_loss":0,"event_name":"WeMeetAgain","floor":11,"gold_loss":0}],"is_beta":false,"boss_relics":[{"not_picked":["Orrery","Empty Cage"],"picked":"Snecko Eye"}],"items_purged_floors":[],"is_endless":false,"potions_floor_spawned":[1,3,8],"killed_by":"Centurion and Healer","ascension_level":19}