{"gold_per_floor":[216,70,70,80,98,98,155,155,225,252,29,46,46,46,46,142,142,156,167,167,167],"floor_reached":21,"playtime":625,"items_purged":[],"score":243,"play_id":"c53e0678-7b39-4b58-a331-cc9fe291aea5","local_time":"20190428105224","is_ascension_mode":true,"campfire_choices":[{"data":"Zap","floor":6.0,"key":"SMITH"},{"floor":8.0,"key":"REST"},{"floor":13.0,"key":"REST"},{"floor":15.0,"key":"REST"}],"neow_cost":"NONE","seed_source_timestamp":321700363016000,"circlet_count":0,"master_deck":["Strike_B+1","Strike_B","Strike_B","Strike_B+1","Defend_B","Defend_B","Defend_B","Zap+1","Dualcast","Creative AI","BootSequence","BootSequence","Ball Lightning","Consume","Loop","Seek","BootSequence+1","Decay"],"special_seed":0,"relics":["Cracked Core","Tiny Chest","Whetstone","Membership Card","Black Star"],"potions_floor_usage":[],"damage_taken":[{"damage":9.0,"enemies":"Jaw Worm","floor":1.0,"turns":4.0},{"damage":1.0,"enemies":"Cultist","floor":4.0,"turns":4.0},{"damage":4.0,"enemies":"2 Louse","floor":5.0,"turns":3.0},{"damage":30.0,"enemies":"Gremlin Nob","floor":7.0,"turns":4.0},{"damage":35.0,"enemies":"3 Sentries","floor":10.0,"turns":7.0},{"damage":3.0,"enemies":"Blue Slaver","floor":12.0,"turns":3.0},{"damage":28.0,"enemies":"Slime Boss","floor":16.0,"turns":6.0},{"damage":0,"enemies":"Chosen","floor":18,"turns":4},{"damage":39,"enemies":"Shell Parasite","floor":19,"turns":6},{"damage":17,"enemies":"Shelled Parasite and Fungi","floor":21,"turns":3}],"seed_played":"-5290852230780772214","potions_obtained":[{"floor":1.0,"key":"Energy Potion"},{"floor":5.0,"key":"Regen Potion"},{"floor":7.0,"key":"FocusPotion"}],"is_trial":false,"path_per_floor":["M","$","?","M","M","R","E","R","T","E","$","M","R","?","R","B",null,"M","M","?","M"],"character_chosen":"DEFECT","items_purchased":["Creative AI","BootSequence","Membership Card","Loop"],"campfire_rested":3,"item_purchase_floors":[2,2,11,11],"current_hp_per_floor":[59,59,59,58,54,54,24,46,46,26,26,23,45,38,60,32,64,64,25,25,8],"gold":167,"neow_bonus":"HUNDRED_GOLD","is_prod":false,"is_daily":false,"chose_seed":false,"campfire_upgraded":1,"win_rate":0,"timestamp":1556463144,"path_taken":["M","$","?","M","M","R","E","R","T","E","?","M","R","?","R","BOSS","M","M","?","M"],"build_version":"2019-01-23","purchased_purges":0,"victory":false,"max_hp_per_floor":[75,75,75,75,75,75,75,75,75,75,75,75,75,75,75,75,75,75,75,75,75],"card_choices":[{"not_picked":["Lockon","Beam Cell","Steam"],"picked":"SKIP","floor":1.0},{"not_picked":["Doom and Gloom","Tempest"],"picked":"BootSequence","floor":4.0},{"not_picked":["Steam Power","Static Discharge"],"picked":"Ball Lightning","floor":5.0},{"not_picked":["Compile Driver","Storm","Hologram"],"picked":"SKIP","floor":7.0},{"not_picked":["Chaos","Rebound"],"picked":"Consume","floor":10.0},{"not_picked":["Hologram","Leap","Compile Driver"],"picked":"SKIP","floor":12.0},{"not_picked":["Machine Learning","Multi-Cast"],"picked":"Seek","floor":16.0},{"not_picked":["Stack","Coolheaded","Leap"],"picked":"SKIP","floor":18},{"not_picked":["Hologram","Creative AI"],"picked":"BootSequence+1","floor":19}],"player_experience":213125,"relics_obtained":[{"floor":7.0,"key":"Tiny Chest"},{"floor":10.0,"key":"Whetstone"}],"event_choices":[{"damage_healed":0.0,"max_hp_gain":0.0,"max_hp_loss":0.0,"gold_gain":0.0,"event_name":"FaceTrader","player_choice":"Leave","floor":3.0,"gold_loss":0.0,"damage_taken":0.0},{"cards_removed":["Defend_B"],"damage_healed":0.0,"max_hp_gain":0.0,"max_hp_loss":0.0,"gold_gain":0.0,"event_name":"Golden Wing","player_choice":"Card Removal","floor":14.0,"gold_loss":0.0,"damage_taken":7.0},{"damage_healed":0,"gold_gain":0,"player_choice":"Smashed Altar","damage_taken":0,"max_hp_gain":0,"max_hp_loss":0,"event_name":"Forgotten Altar","floor":20,"gold_loss":0,"cards_obtained":["Decay"]}],"is_beta":false,"boss_relics":[{"not_picked":["Lizard Tail","Empty Cage"],"picked":"Black Star"}],"items_purged_floors":[],"is_endless":false,"potions_floor_spawned":[1,5,7],"killed_by":"Shelled Parasite and Fungi","ascension_level":6}