{"gold_per_floor":[112,14,14,14,14,44,44,74,101,31,42,54,117,117,117,221,221,240,258,258,272,48,48,67,67,67,67,78,3,3,17,17,114,114,132,132,132,44,44,44,44,59,106,106],"floor_reached":44,"playtime":2157,"items_purged":["Strike_R"],"score":462,"play_id":"cb7523fe-7eb1-4e9a-ac20-673ce9e2e03a","local_time":"20190626171329","is_ascension_mode":false,"campfire_choices":[{"data":"Shockwave","floor":7,"key":"SMITH"},{"data":"Bash","floor":15,"key":"SMITH"},{"data":"Armaments","floor":23,"key":"SMITH"},{"data":"Disarm","floor":25,"key":"SMITH"},{"data":"Spot Weakness","floor":30,"key":"SMITH"},{"data":"Heavy Blade","floor":32,"key":"SMITH"},{"data":"Sadistic Nature","floor":41,"key":"SMITH"}],"neow_cost":"NONE","seed_source_timestamp":1182725906743416,"circlet_count":0,"master_deck":["Strike_R","Defend_R","Defend_R","Defend_R","Defend_R","Bash+1","Cleave","Shrug It Off","Whirlwind+1","Shockwave+1","Power Through","Ghostly Armor","Shrug It Off","Spot Weakness+1","Intimidate","Barricade","Shrug It Off","Heavy Blade+1","Disarm+1","Armaments+1","Pummel","Seeing Red","Seeing Red+1","Flame Barrier","True Grit+1","Impervious","Uppercut+1","Inflame","Blind","Sadistic Nature+1","The Bomb","Entrench+1"],"relics":["Burning Blood","Strawberry","Question Card","Pantograph","Bronze Scales","Lantern","Philosopher\u0027s Stone","Regal Pillow","Empty Cage","Potion Belt"],"potions_floor_usage":[6,13,28,33,33,44,44,44],"damage_taken":[{"damage":6,"enemies":"Cultist","floor":1,"turns":4},{"damage":23,"enemies":"Lagavulin","floor":6,"turns":7},{"damage":28,"enemies":"Gremlin Nob","floor":8,"turns":4},{"damage":0,"enemies":"2 Louse","floor":11,"turns":3},{"damage":0,"enemies":"Small Slimes","floor":12,"turns":3},{"damage":30,"enemies":"Lagavulin Event","floor":13,"turns":9},{"damage":21,"enemies":"The Guardian","floor":16,"turns":12},{"damage":12,"enemies":"3 Byrds","floor":18,"turns":2},{"damage":0,"enemies":"Spheric Guardian","floor":19,"turns":7},{"damage":11,"enemies":"Shelled Parasite and Fungi","floor":21,"turns":5},{"damage":3,"enemies":"Centurion and Healer","floor":24,"turns":5},{"damage":16,"enemies":"Snake Plant","floor":28,"turns":5},{"damage":6,"enemies":"Chosen and Byrds","floor":31,"turns":7},{"damage":0,"enemies":"Champ","floor":33,"turns":23},{"damage":0,"enemies":"3 Darklings","floor":35,"turns":3},{"damage":6,"enemies":"3 Shapes","floor":42,"turns":5},{"damage":96,"enemies":"Giant Head","floor":44,"turns":13}],"seed_played":"-5798064002321930831","potions_obtained":[{"floor":1,"key":"SteroidPotion"},{"floor":11,"key":"LiquidBronze"},{"floor":13,"key":"GamblersBrew"},{"floor":16,"key":"Dexterity Potion"},{"floor":19,"key":"GamblersBrew"},{"floor":21,"key":"Block Potion"},{"floor":24,"key":"BloodPotion"},{"floor":31,"key":"PowerPotion"},{"floor":35,"key":"LiquidBronze"}],"is_trial":false,"path_per_floor":["M","$","?","?","?","E","R","E","T","$","M","M","?","?","R","B",null,"M","M","?","M","$","R","M","R","T","?","M","?","R","M","R","B",null,"M","?","$","$","?","?","R","M","T","E"],"character_chosen":"IRONCLAD","items_purchased":["Shrug It Off","Whirlwind","Ghostly Armor","Armaments","Pummel","Seeing Red","Inflame","Fire Potion"],"campfire_rested":0,"item_purchase_floors":[2,2,10,22,22,22,38,38],"current_hp_per_floor":[87,87,92,92,92,75,75,53,53,53,59,65,41,41,41,51,92,86,92,74,69,69,69,72,72,72,63,62,62,62,62,62,93,97,97,97,97,97,92,82,82,82,82,0],"gold":106,"neow_bonus":"RANDOM_COMMON_RELIC","is_prod":false,"is_daily":false,"chose_seed":false,"campfire_upgraded":7,"win_rate":0,"timestamp":1561583609,"path_taken":["M","$","?","?","?","E","R","E","T","$","M","?","?","?","R","BOSS","M","M","?","M","$","R","M","R","T","?","?","?","R","M","R","BOSS","M","?","?","$","?","?","R","M","T","E"],"build_version":"2019-01-23","purchased_purges":1,"victory":false,"max_hp_per_floor":[87,87,92,92,92,92,92,92,92,92,92,92,92,92,92,92,92,92,92,97,97,97,97,97,97,97,97,97,97,97,97,97,97,97,97,97,97,97,92,92,92,92,92,92],"card_choices":[{"not_picked":["Power Through","Anger"],"picked":"Cleave","floor":1},{"not_picked":["Headbutt","Iron Wave"],"picked":"Shockwave","floor":6},{"not_picked":["Havoc","Cleave","Blood for Blood"],"picked":"Power Through","floor":8},{"not_picked":["Warcry","True Grit","Wild Strike"],"picked":"Shrug It Off","floor":11},{"not_picked":["Armaments","Reckless Charge","Entrench"],"picked":"Spot Weakness","floor":12},{"not_picked":["Rupture","Metallicize","Berserk"],"picked":"Intimidate","floor":13},{"not_picked":["Demon Form","Feed","Fiend Fire"],"picked":"Barricade","floor":16},{"not_picked":["Thunderclap","Perfected Strike","Warcry"],"picked":"Shrug It Off","floor":18},{"not_picked":["Body Slam","Pummel+1","Dual Wield"],"picked":"Heavy Blade","floor":19},{"not_picked":["Reckless Charge","Immolate","Perfected Strike+1"],"picked":"Disarm","floor":21},{"not_picked":["Sword Boomerang","Rage","Blood for Blood"],"picked":"Seeing Red+1","floor":24},{"not_picked":["Havoc","Uppercut+1","Cleave"],"picked":"Flame Barrier","floor":28},{"not_picked":["Dual Wield","Thunderclap+1","Dropkick"],"picked":"True Grit+1","floor":31},{"not_picked":["Exhume","Double Tap","Offering"],"picked":"Impervious","floor":33},{"not_picked":["Rage+1","Thunderclap+1","Body Slam"],"picked":"Uppercut+1","floor":35},{"not_picked":["Jack Of All Trades","Secret Weapon","Finesse"],"picked":"Blind","floor":40},{"not_picked":["Mind Blast","Dark Shackles","Thinking Ahead"],"picked":"Sadistic Nature","floor":40},{"not_picked":["Swift Strike","Madness","Jack Of All Trades"],"picked":"The Bomb","floor":40},{"not_picked":["Blood for Blood+1","Sword Boomerang","Thunderclap"],"picked":"Entrench+1","floor":42}],"player_experience":3837967,"relics_obtained":[{"floor":6,"key":"Question Card"},{"floor":8,"key":"Pantograph"},{"floor":9,"key":"Bronze Scales"},{"floor":13,"key":"Lantern"},{"floor":26,"key":"Regal Pillow"},{"floor":43,"key":"Potion Belt"}],"event_choices":[{"damage_healed":0,"gold_gain":0,"player_choice":"Donut","damage_taken":0,"max_hp_gain":5,"max_hp_loss":0,"event_name":"Big Fish","floor":3,"gold_loss":0},{"damage_healed":0,"gold_gain":0,"player_choice":"Leave","damage_taken":0,"max_hp_gain":0,"max_hp_loss":0,"event_name":"The Cleric","floor":4,"gold_loss":0},{"damage_healed":0,"gold_gain":0,"player_choice":"Upgraded","damage_taken":0,"max_hp_gain":0,"max_hp_loss":0,"event_name":"Upgrade Shrine","floor":5,"gold_loss":0,"cards_upgraded":["Whirlwind"]},{"damage_healed":0,"gold_gain":30,"player_choice":"Searched \u00273\u0027 times","damage_taken":0,"max_hp_gain":0,"max_hp_loss":0,"event_name":"Dead Adventurer","floor":13,"gold_loss":0},{"damage_healed":0,"gold_gain":0,"player_choice":"Ignored","damage_taken":0,"max_hp_gain":0,"max_hp_loss":0,"event_name":"Liars Game","floor":14,"gold_loss":0},{"damage_healed":0,"gold_gain":0,"player_choice":"Shed Blood","damage_taken":23,"max_hp_gain":5,"max_hp_loss":0,"event_name":"Forgotten Altar","floor":20,"gold_loss":0},{"damage_healed":0,"gold_gain":0,"player_choice":"Damaged","damage_taken":9,"max_hp_gain":0,"max_hp_loss":0,"event_name":"Wheel of Change","floor":27,"gold_loss":0},{"cards_removed":["Strike_R"],"damage_healed":0,"gold_gain":0,"player_choice":"Gave Gold","damage_taken":0,"max_hp_gain":0,"max_hp_loss":0,"event_name":"Beggar","floor":29,"gold_loss":75},{"damage_healed":0,"gold_gain":0,"player_choice":"Ignored","damage_taken":0,"max_hp_gain":0,"max_hp_loss":0,"event_name":"Tomb of Lord Red Mask","floor":36,"gold_loss":0},{"damage_healed":0,"gold_gain":0,"player_choice":"Max HP","damage_taken":0,"max_hp_gain":0,"max_hp_loss":5,"event_name":"Winding Halls","floor":39,"gold_loss":0},{"damage_healed":0,"gold_gain":0,"player_choice":"Memory 3","damage_taken":10,"max_hp_gain":0,"max_hp_loss":0,"event_name":"SensoryStone","floor":40,"gold_loss":0}],"is_beta":false,"boss_relics":[{"not_picked":["Runic Cube","Orrery"],"picked":"Philosopher\u0027s Stone"},{"not_picked":["Snecko Eye","Calling Bell"],"picked":"Empty Cage"}],"items_purged_floors":[22],"is_endless":false,"potions_floor_spawned":[1,11,13,16,19,21,24,31,35],"killed_by":"Giant Head","ascension_level":0}