{"path_per_floor":["M","M","M","?","M","R","?","R","T","M","?","R","M","$","R","B",null,"M","?","$","?","M","R","M","M","T","$","M","R","M","M","R","B",null,"M","?","M","?","$","R","E","?","T","R","M","M","?","E","R"],"character_chosen":"THE_SILENT","items_purchased":["Ice Cream","Well Laid Plans","Acrobatics","Dexterity Potion","Backflip","Mercury Hourglass"],"gold_per_floor":[365,378,394,344,358,358,358,358,383,399,423,423,436,24,24,120,120,137,137,14,14,31,31,43,57,57,8,21,21,39,57,57,162,162,181,181,200,246,2,2,29,29,106,106,120,139,139,167,167],"floor_reached":50,"campfire_rested":4,"playtime":5316,"current_hp_per_floor":[61,61,60,60,59,59,59,59,59,58,50,50,50,50,50,33,63,63,47,47,47,42,42,30,28,28,28,29,47,44,50,50,58,63,47,47,47,39,39,57,47,47,47,63,61,48,40,27,45],"items_purged":["Regret"],"gold":167,"score":469,"play_id":"488767c5-1c55-4502-8ece-52b835ec0511","is_prod":false,"is_daily":false,"is_ascension_mode":false,"campfire_upgraded":6,"path_taken":["M","M","M","?","M","R","?","R","T","M","?","R","M","$","R","BOSS","M","?","?","?","M","R","?","M","T","$","?","R","M","M","R","BOSS","M","?","?","?","$","R","E","?","T","R","M","M","?","E","R","BOSS"],"build_version":"2018-02-15-PROD1","purchased_purges":1,"victory":false,"master_deck":["Defend_G","Defend_G","Defend_G","Defend_G","Defend_G","Strike_G","Strike_G","Strike_G","Strike_G","Survivor","Neutralize+1","Deadly Poison+1","Calculated Gamble+1","Caltrops","Dagger Spray+1","Blur","Backflip+1","A Thousand Cuts+1","Well Laid Plans","Acrobatics","Die Die Die","Dash","Well Laid Plans","Acrobatics","PiercingWail","Prepared","Venomology","Backflip","Venomology","Catalyst+1","Footwork","After Image","Regret","Underhanded Strike+1","Madness","Madness","Noxious Fumes+1"],"max_hp_per_floor":[63,63,63,63,63,63,63,63,63,63,63,63,63,63,63,63,63,63,63,63,63,63,63,63,63,63,63,63,63,63,63,63,63,63,63,63,63,63,63,63,63,63,63,63,63,63,63,63,63],"relics":["Ring of the Snake","Orichalcum","Bag of Preparation","Odd Mushroom","Ice Cream","Orrery","Nilry\u0027s Codex","Bird Faced Urn","Cursed Key","Sundial","Mercury Hourglass","Pen Nib","Bottled Flame","Peace Pipe"],"card_choices":[{"not_picked":["Infinite Blades","Slice"],"picked":"Deadly Poison"},{"not_picked":["Prepared","Dagger Throw"],"picked":"Calculated Gamble"},{"not_picked":["Prepared","Dodge and Roll"],"picked":"Caltrops"},{"not_picked":["Riddle With Holes","Deadly Poison"],"picked":"Dagger Spray"},{"not_picked":["Backstab","Endless Agony"],"picked":"Blur"},{"not_picked":["Concentrate","Bane"],"picked":"Backflip"},{"not_picked":["Deadly Poison","Finisher"],"picked":"A Thousand Cuts"},{"not_picked":["Glass Knife","Night Terror"],"picked":"Die Die Die"},{"not_picked":["Deflect","Underhanded Strike"],"picked":"Dash"},{"not_picked":["Heel Hook","Underhanded Strike"],"picked":"Well Laid Plans"},{"not_picked":["Dagger Spray","Masterful Stab"],"picked":"Acrobatics"},{"not_picked":["Predator","Riddle With Holes"],"picked":"PiercingWail"},{"not_picked":["Acrobatics","Cloak And Dagger"],"picked":"Prepared"},{"not_picked":["Slice","Well Laid Plans"],"picked":"Venomology"},{"not_picked":["Die Die Die","Storm of Steel"],"picked":"Venomology"},{"not_picked":["Reflex","Slice"],"picked":"Catalyst"},{"not_picked":["Blade Dance","Expertise"],"picked":"Footwork"},{"not_picked":["Poisoned Stab","Outmaneuver"],"picked":"After Image"},{"not_picked":["Finisher","PiercingWail"],"picked":"Underhanded Strike"},{"not_picked":["Underhanded Strike","Envenom"],"picked":"Noxious Fumes"}],"player_experience":757899,"potions_floor_usage":[16,16,18,24,30,30,31,33,33,33,35,37,37,38,38,38,38,41,41,45,45,45,45,46,48,48,48,50,50,50,50,50],"damage_taken":[{"damage":2,"enemies":"Small Slimes","floor":1,"turns":4},{"damage":0,"enemies":"Jaw Worm","floor":2,"turns":5},{"damage":1,"enemies":"Cultist","floor":3,"turns":4},{"damage":1,"enemies":"Exordium Wildlife","floor":5,"turns":6},{"damage":1,"enemies":"Blue Slaver","floor":10,"turns":4},{"damage":8,"enemies":"The Mushroom Lair","floor":11,"turns":3},{"damage":0,"enemies":"Large Slime","floor":13,"turns":5},{"damage":17,"enemies":"The Guardian","floor":16,"turns":12},{"damage":0,"enemies":"3 Byrds","floor":18,"turns":2},{"damage":5,"enemies":"Shell Parasite","floor":22,"turns":6},{"damage":12,"enemies":"3 Cultists","floor":24,"turns":4},{"damage":2,"enemies":"Chosen and Byrds","floor":25,"turns":5},{"damage":9,"enemies":"Snecko","floor":28,"turns":6},{"damage":11,"enemies":"Centurion and Healer","floor":30,"turns":10},{"damage":4,"enemies":"Snake Plant","floor":31,"turns":5},{"damage":4,"enemies":"Collector","floor":33,"turns":10},{"damage":18,"enemies":"3 Shapes","floor":35,"turns":7},{"damage":6,"enemies":"Orb Walker","floor":37,"turns":4},{"damage":18,"enemies":"Mysterious Sphere","floor":38,"turns":6},{"damage":20,"enemies":"Nemesis","floor":41,"turns":7},{"damage":8,"enemies":"Maw","floor":45,"turns":8},{"damage":19,"enemies":"3 Darklings","floor":46,"turns":6},{"damage":37,"enemies":"Giant Head","floor":48,"turns":12},{"damage":63,"enemies":"Donu and Deca","floor":50,"turns":5}],"event_choices":[{"event_name":"The Cleric","player_choice":"Card Removal","floor":4,"damage_taken":0},{"event_name":"Big Fish","player_choice":"Box","floor":7,"damage_taken":0},{"event_name":"Mushrooms","player_choice":"Fought Mushrooms","floor":11,"damage_taken":0},{"event_name":"Cursed Tome","player_choice":"Obtained Book","floor":19,"damage_taken":0},{"event_name":"Drug Dealer","player_choice":"Ignored","floor":21,"damage_taken":0},{"event_name":"Tomb of Lord Red Mask","player_choice":"Ignored","floor":36,"damage_taken":0},{"event_name":"Mysterious Sphere","player_choice":"Fight","floor":38,"damage_taken":0},{"event_name":"The Lab","player_choice":"Got Potions","floor":42,"damage_taken":0},{"event_name":"Winding Halls","player_choice":"Embrace Madness","floor":47,"damage_taken":0}],"boss_relics":[{"not_picked":["Philosopher\u0027s Stone","Pandora\u0027s Box"],"picked":"Orrery"},{"not_picked":["Velvet Choker","Runic Dome"],"picked":"Cursed Key"}],"potions_floor_spawned":[1,10,16,22,28,38,45,48],"seed_played":"7233089158476061189","killed_by":"Donu and Deca","ascension_level":0,"is_trial":false}