{"gold_per_floor":[13,13,31,51,128,163,163,163,213,213,241,241,269,281,281,379,379,396,396,406,419,432,464,107,132,132,150,150,150],"floor_reached":29,"playtime":2104,"items_purged":[],"score":393,"play_id":"82a699f4-cd06-45a4-866f-12b42b35426a","local_time":"20190719220028","is_ascension_mode":true,"campfire_choices":[{"data":"Flame Barrier","floor":7,"key":"SMITH"},{"data":"Armaments","floor":10,"key":"SMITH"},{"floor":12,"key":"REST"},{"data":"Battle Trance","floor":15,"key":"SMITH"},{"floor":28,"key":"REST"}],"neow_cost":"NO_GOLD","seed_source_timestamp":11748915545869,"circlet_count":0,"master_deck":["Strike_R","Strike_R","Strike_R","Strike_R","Defend_R","Defend_R","Defend_R","Defend_R","Bash","Pommel Strike+1","Flame Barrier+1","Armaments+1","Power Through","Battle Trance+1","Demon Form","Shrug It Off","Battle Trance+1","Clothesline+1","Perfected Strike+1","Corruption","Infernal Blade","Burning Pact","Clothesline"],"relics":["Burning Blood","Pen Nib","Dream Catcher","Red Skull","Juzu Bracelet","Sozu","Anchor","Shuriken","Ancient Tea Set"],"potions_floor_usage":[13,16,23,25],"damage_taken":[{"damage":8,"enemies":"Jaw Worm","floor":1,"turns":4},{"damage":2,"enemies":"2 Louse","floor":3,"turns":4},{"damage":1,"enemies":"Small Slimes","floor":4,"turns":5},{"damage":28,"enemies":"3 Sentries","floor":6,"turns":11},{"damage":21,"enemies":"Lagavulin","floor":11,"turns":10},{"damage":19,"enemies":"3 Sentries","floor":13,"turns":6},{"damage":7,"enemies":"Exordium Thugs","floor":14,"turns":3},{"damage":29,"enemies":"The Guardian","floor":16,"turns":17},{"damage":6,"enemies":"2 Thieves","floor":18,"turns":5},{"damage":0,"enemies":"Chosen","floor":20,"turns":4},{"damage":8,"enemies":"Shelled Parasite and Fungi","floor":21,"turns":6},{"damage":14,"enemies":"Cultist and Chosen","floor":22,"turns":7},{"damage":37,"enemies":"Book of Stabbing","floor":23,"turns":8},{"damage":9,"enemies":"Gremlin Leader","floor":25,"turns":5},{"damage":17,"enemies":"Centurion and Healer","floor":27,"turns":5},{"damage":64,"enemies":"Slavers","floor":29,"turns":6}],"seed_played":"5135584046906676322","potions_obtained":[{"floor":1,"key":"Energy Potion"},{"floor":6,"key":"Explosive Potion"},{"floor":11,"key":"LiquidBronze"},{"floor":16,"key":"PowerPotion"}],"is_trial":false,"path_per_floor":["M","?","M","M","?","E","R","?","T","R","E","R","E","M","R","B",null,"M","?","M","M","M","E","$","E","T","M","R","E"],"character_chosen":"IRONCLAD","items_purchased":["Shuriken","Corruption","Infernal Blade"],"campfire_rested":2,"item_purchase_floors":[24,24,24],"current_hp_per_floor":[86,86,90,95,95,73,73,73,73,73,58,86,73,72,72,49,84,84,84,90,88,80,49,49,46,46,35,63,0],"gold":150,"neow_bonus":"TWENTY_PERCENT_HP_BONUS","is_prod":false,"is_daily":false,"chose_seed":false,"campfire_upgraded":3,"win_rate":0,"timestamp":1563566428,"path_taken":["M","?","M","M","?","E","R","?","T","R","E","R","E","M","R","BOSS","M","?","M","M","M","E","$","E","T","M","R","E"],"build_version":"2019-07-17","purchased_purges":0,"victory":false,"max_hp_per_floor":[96,96,96,96,96,96,96,96,96,96,96,96,96,96,96,96,96,96,96,96,96,96,96,96,96,96,96,96,96],"card_choices":[{"not_picked":["Entrench","Headbutt"],"picked":"Pommel Strike","floor":1},{"not_picked":["Iron Wave","Flex"],"picked":"Flame Barrier","floor":3},{"not_picked":["Bloodletting","Heavy Blade","Clash"],"picked":"SKIP","floor":4},{"not_picked":["Anger","Sword Boomerang"],"picked":"Armaments","floor":6},{"not_picked":["Body Slam","Spot Weakness","True Grit"],"picked":"SKIP","floor":11},{"not_picked":["Fiend Fire","Anger"],"picked":"Power Through","floor":12},{"not_picked":["Cleave","Twin Strike","Rampage"],"picked":"SKIP","floor":13},{"not_picked":["Havoc","True Grit"],"picked":"Battle Trance","floor":14},{"not_picked":["Immolate","Impervious"],"picked":"Demon Form","floor":16},{"not_picked":["Intimidate","Battle Trance"],"picked":"Shrug It Off","floor":18},{"not_picked":["Headbutt+1","Sword Boomerang+1"],"picked":"Battle Trance+1","floor":20},{"not_picked":["Reckless Charge","Warcry","Sword Boomerang"],"picked":"SKIP","floor":21},{"not_picked":["Headbutt","Sever Soul"],"picked":"Clothesline+1","floor":22},{"not_picked":["Thunderclap","Sword Boomerang"],"picked":"Perfected Strike+1","floor":23},{"not_picked":["Clash","Infernal Blade"],"picked":"Burning Pact","floor":25},{"not_picked":["Juggernaut","Pommel Strike"],"picked":"Clothesline","floor":27}],"player_experience":163886,"relics_obtained":[{"floor":6,"key":"Pen Nib"},{"floor":9,"key":"Dream Catcher"},{"floor":11,"key":"Red Skull"},{"floor":13,"key":"Juzu Bracelet"},{"floor":23,"key":"Anchor"},{"floor":25,"key":"Ancient Tea Set"}],"event_choices":[{"damage_healed":0,"gold_gain":0,"player_choice":"Grow","damage_taken":0,"max_hp_gain":0,"max_hp_loss":0,"event_name":"Living Wall","floor":2,"gold_loss":0,"cards_upgraded":["Pommel Strike"]},{"damage_healed":0,"gold_gain":77,"player_choice":"Gained Gold","damage_taken":0,"max_hp_gain":0,"max_hp_loss":0,"event_name":"Golden Wing","floor":5,"gold_loss":0},{"damage_healed":0,"gold_gain":0,"player_choice":"0 cards matched","damage_taken":0,"max_hp_gain":0,"max_hp_loss":0,"event_name":"Match and Keep!","floor":8,"gold_loss":0,"cards_obtained":[]},{"cards_removed":["Strike_R"],"damage_healed":0,"gold_gain":0,"player_choice":"Offered Basic","damage_taken":0,"max_hp_gain":0,"max_hp_loss":0,"event_name":"Bonfire Elementals","floor":19,"gold_loss":0}],"is_beta":false,"boss_relics":[{"not_picked":["Eternal Feather","Runic Cube"],"picked":"Sozu"}],"items_purged_floors":[],"is_endless":false,"potions_floor_spawned":[1,6,11,16,21,22,23],"killed_by":"Slavers","ascension_level":6}