{"gold_per_floor":[115,115,115,25,100,163,163,183,183,194,194,219,219,21,21,126,126,145,156,169,169,185,185,199,228,228,277,302,326,355,368,368,466,466,476,63,117,117,132,132,166,266,266,266,18,18,18,18,18,18,18,18,18,51,51],"floor_reached":56,"playtime":2721,"items_purged":["Strike_G","Strike_G"],"score":1537,"play_id":"a8575455-c2c8-4093-9bc0-e66479382ea4","local_time":"20190614114121","is_ascension_mode":false,"campfire_choices":[{"data":"Bouncing Flask","floor":7,"key":"SMITH"},{"data":"Neutralize","floor":11,"key":"SMITH"},{"data":"Bouncing Flask","floor":15,"key":"SMITH"},{"data":"Survivor","floor":23,"key":"SMITH"},{"data":"Backflip","floor":32,"key":"SMITH"},{"floor":40,"key":"RECALL"},{"data":"Die Die Die","floor":44,"key":"SMITH"},{"data":"Defend_G","floor":47,"key":"SMITH"},{"data":"Defend_G","floor":49,"key":"SMITH"},{"data":"Defend_G","floor":52,"key":"SMITH"}],"neow_cost":"NONE","seed_source_timestamp":125418003261665,"circlet_count":0,"master_deck":["Defend_G+1","Defend_G","Defend_G+1","Defend_G+1","Defend_G+1","Strike_G","Strike_G+1","Survivor+1","Neutralize+1","Bouncing Flask+1","Backflip+1","Bouncing Flask+1","Die Die Die+1","Catalyst+1","PiercingWail+1","Catalyst+1","Doppelganger+1","Deflect+1","Crippling Poison+1","Malaise+1","PiercingWail+1","Acrobatics+1","Wraith Form v2+1","Bane+1","PiercingWail+1","Discovery+1","Catalyst+1","Dodge and Roll+1","Blind+1","Forethought+1","The Bomb+1"],"relics":["Ring of the Snake","NeowsBlessing","Tiny Chest","Toxic Egg 2","Anchor","Happy Flower","DollysMirror","Runic Pyramid","Lantern","Art of War","Meat on the Bone","Juzu Bracelet","Snake Skull","HoveringKite","Orichalcum","Ice Cream","Dream Catcher","Torii","Regal Pillow","Oddly Smooth Stone","Boot"],"potions_floor_usage":[12,20,25,30,30,31,55,55,55],"damage_taken":[{"damage":0,"enemies":"Jaw Worm","floor":1,"turns":1},{"damage":0,"enemies":"Lagavulin","floor":6,"turns":1},{"damage":0,"enemies":"Small Slimes","floor":8,"turns":1},{"damage":0,"enemies":"2 Louse","floor":10,"turns":1},{"damage":12,"enemies":"Gremlin Nob","floor":12,"turns":3},{"damage":0,"enemies":"Hexaghost","floor":16,"turns":3},{"damage":0,"enemies":"Chosen","floor":18,"turns":2},{"damage":0,"enemies":"2 Thieves","floor":19,"turns":4},{"damage":0,"enemies":"Chosen and Byrds","floor":20,"turns":3},{"damage":0,"enemies":"Centurion and Healer","floor":22,"turns":4},{"damage":0,"enemies":"Snake Plant","floor":24,"turns":2},{"damage":13,"enemies":"Slavers","floor":25,"turns":4},{"damage":0,"enemies":"Book of Stabbing","floor":28,"turns":2},{"damage":2,"enemies":"Slavers","floor":30,"turns":4},{"damage":9,"enemies":"Shelled Parasite and Fungi","floor":31,"turns":3},{"damage":0,"enemies":"Champ","floor":33,"turns":6},{"damage":0,"enemies":"Orb Walker","floor":35,"turns":2},{"damage":5,"enemies":"2 Orb Walkers","floor":37,"turns":5},{"damage":0,"enemies":"3 Shapes","floor":39,"turns":2},{"damage":0,"enemies":"Reptomancer","floor":41,"turns":5},{"damage":0,"enemies":"Mind Bloom Boss Battle","floor":42,"turns":3},{"damage":26,"enemies":"Donu and Deca","floor":50,"turns":9},{"damage":0,"enemies":"Shield and Spear","floor":54,"turns":5},{"damage":0,"enemies":"The Heart","floor":55,"turns":5}],"seed_played":"4117860926126694145","potions_obtained":[{"floor":8,"key":"AttackPotion"},{"floor":12,"key":"SpeedPotion"},{"floor":16,"key":"Explosive Potion"},{"floor":19,"key":"SkillPotion"},{"floor":22,"key":"Explosive Potion"},{"floor":28,"key":"Poison Potion"},{"floor":30,"key":"SkillPotion"},{"floor":31,"key":"Ancient Potion"},{"floor":37,"key":"Energy Potion"},{"floor":39,"key":"GhostInAJar"},{"floor":41,"key":"PowerPotion"}],"is_trial":false,"path_per_floor":["M","?","?","$","?","E","R","M","T","M","R","E","T","$","R","B",null,"M","M","M","?","M","R","M","E","T","T","E","T","E","M","R","B",null,"M","$","?","?","M","R","E","?","T","R","$","?","R","?","R","B",null,"R","$","E","B",null],"character_chosen":"THE_SILENT","items_purchased":["Backflip","Bouncing Flask","DollysMirror","PiercingWail+1","Orichalcum","Discovery+1","GamblersBrew","Oddly Smooth Stone"],"campfire_rested":0,"item_purchase_floors":[4,4,14,36,36,36,36,45],"current_hp_per_floor":[70,56,61,61,50,50,50,50,50,50,50,38,38,38,38,38,75,75,75,75,75,75,75,75,62,62,62,62,62,60,51,51,51,75,75,75,70,70,70,70,70,70,70,70,70,60,60,60,60,46,75,75,75,75,75],"gold":51,"neow_bonus":"THREE_ENEMY_KILL","is_prod":false,"is_daily":false,"chose_seed":false,"campfire_upgraded":9,"win_rate":0,"timestamp":1560526881,"path_taken":["M","?","?","$","?","E","R","M","T","M","R","E","?","?","R","BOSS","M","M","?","?","?","R","M","E","T","?","E","?","E","M","R","BOSS","M","$","?","?","M","R","E","?","T","R","$","?","R","?","R","BOSS","R","$","E","BOSS"],"build_version":"2019-01-23","purchased_purges":2,"victory":true,"max_hp_per_floor":[70,70,75,75,75,75,75,75,75,75,75,75,75,75,75,75,75,75,75,75,75,75,75,75,75,75,75,75,75,75,75,75,75,75,75,75,75,75,75,75,75,75,75,75,75,75,75,75,75,75,75,75,75,75,75],"card_choices":[{"not_picked":["Dagger Spray","Bane"],"picked":"Bouncing Flask","floor":1},{"not_picked":["Slice","Dagger Spray"],"picked":"Die Die Die","floor":6},{"not_picked":["Infinite Blades","Quick Slash","Expertise"],"picked":"SKIP","floor":8},{"not_picked":["Outmaneuver+1","Blade Dance+1"],"picked":"Catalyst+1","floor":10},{"not_picked":["Calculated Gamble+1","Riddle With Holes"],"picked":"PiercingWail+1","floor":12},{"not_picked":["Glass Knife","Phantasmal Killer+1"],"picked":"Doppelganger+1","floor":16},{"not_picked":["Prepared+1","All Out Attack","Dagger Throw"],"picked":"SKIP","floor":18},{"not_picked":["Prepared+1","Riddle With Holes+1","Bouncing Flask+1"],"picked":"SKIP","floor":19},{"not_picked":["Outmaneuver+1","Poisoned Stab"],"picked":"Deflect+1","floor":20},{"not_picked":["Bane","Quick Slash","Poisoned Stab"],"picked":"SKIP","floor":22},{"not_picked":["Sucker Punch","Catalyst+1"],"picked":"Crippling Poison+1","floor":24},{"not_picked":["Distraction+1","Acrobatics+1"],"picked":"Malaise+1","floor":25},{"not_picked":["Blur+1","Phantasmal Killer+1"],"picked":"PiercingWail+1","floor":28},{"not_picked":["Quick Slash","Flying Knee","Backstab"],"picked":"SKIP","floor":30},{"not_picked":["Caltrops","Dagger Throw"],"picked":"Acrobatics+1","floor":31},{"not_picked":["Unload","A Thousand Cuts"],"picked":"Wraith Form v2","floor":33},{"not_picked":["Blade Dance+1","Caltrops+1"],"picked":"Bane+1","floor":35},{"not_picked":["Prepared+1","Acrobatics+1"],"picked":"Catalyst+1","floor":39},{"not_picked":["Dagger Spray","Predator","Endless Agony"],"picked":"SKIP","floor":41},{"not_picked":["Prepared+1","Bouncing Flask+1"],"picked":"Dodge and Roll+1","floor":42},{"not_picked":["Magnetism","Transmutation+1"],"picked":"Blind+1","floor":46},{"not_picked":["Mind Blast","Purity+1"],"picked":"Forethought+1","floor":46},{"not_picked":["Dramatic Entrance","Secret Weapon+1"],"picked":"The Bomb+1","floor":46},{"not_picked":["All Out Attack","Infinite Blades","Crippling Poison+1"],"picked":"SKIP","floor":54}],"player_experience":3748934,"relics_obtained":[{"floor":6,"key":"Tiny Chest"},{"floor":9,"key":"Toxic Egg 2"},{"floor":12,"key":"Anchor"},{"floor":13,"key":"Happy Flower"},{"floor":25,"key":"Lantern"},{"floor":27,"key":"Art of War"},{"floor":28,"key":"Meat on the Bone"},{"floor":29,"key":"Juzu Bracelet"},{"floor":30,"key":"Snake Skull"},{"floor":37,"key":"Ice Cream"},{"floor":41,"key":"Dream Catcher"},{"floor":42,"key":"Torii"},{"floor":43,"key":"Regal Pillow"},{"floor":54,"key":"Boot"}],"event_choices":[{"damage_healed":0,"gold_gain":0,"player_choice":"Entered Light","damage_taken":14,"max_hp_gain":0,"max_hp_loss":0,"event_name":"Shining Light","floor":2,"gold_loss":0,"cards_upgraded":["Strike_G","Defend_G"]},{"damage_healed":0,"gold_gain":0,"player_choice":"Donut","damage_taken":0,"max_hp_gain":5,"max_hp_loss":0,"event_name":"Big Fish","floor":3,"gold_loss":0},{"damage_healed":0,"gold_gain":75,"player_choice":"Gather Gold","damage_taken":11,"max_hp_gain":0,"max_hp_loss":0,"event_name":"World of Goop","floor":5,"gold_loss":0},{"damage_healed":0,"gold_gain":0,"cards_transformed":["Strike_G"],"player_choice":"Transformed","damage_taken":0,"max_hp_gain":0,"max_hp_loss":0,"event_name":"Transmorgrifier","floor":21,"gold_loss":0,"cards_obtained":["Dagger Throw"]},{"damage_healed":0,"gold_gain":0,"player_choice":"Fight","damage_taken":0,"max_hp_gain":0,"max_hp_loss":0,"event_name":"Mysterious Sphere","floor":37,"gold_loss":0},{"damage_healed":0,"gold_gain":0,"player_choice":"Forge","damage_taken":0,"max_hp_gain":0,"max_hp_loss":0,"event_name":"Accursed Blacksmith","floor":38,"gold_loss":0,"cards_upgraded":["Wraith Form v2"]},{"damage_healed":0,"gold_gain":0,"player_choice":"Fight","damage_taken":0,"max_hp_gain":0,"max_hp_loss":0,"event_name":"MindBloom","floor":42,"gold_loss":0},{"damage_healed":0,"gold_gain":0,"player_choice":"Memory 3","damage_taken":10,"max_hp_gain":0,"max_hp_loss":0,"event_name":"SensoryStone","floor":46,"gold_loss":0},{"cards_removed":["Dagger Throw"],"damage_healed":0,"gold_gain":0,"player_choice":"Removed Attack","damage_taken":0,"max_hp_gain":0,"max_hp_loss":0,"event_name":"Falling","floor":48,"gold_loss":0}],"is_beta":false,"boss_relics":[{"not_picked":["Coffee Dripper","Lizard Tail"],"picked":"Runic Pyramid"},{"not_picked":["Runic Dome","Ring of the Serpent"],"picked":"HoveringKite"}],"items_purged_floors":[36,45],"is_endless":false,"potions_floor_spawned":[8,12,16,19,22,28,30,31,37,39,41,54],"ascension_level":0}