{"gold_per_floor":[116,116,132,57,68,68,103,103,174,174,224,224,257,269,269,342,342,354,269,16,30,46,46,72,85,131,148,108,128,128,158,158,158],"floor_reached":33,"playtime":1892,"items_purged":[],"score":656,"play_id":"5fa5b380-d4bd-4cfb-b4b8-cd41724cc084","local_time":"20190409114312","is_ascension_mode":true,"campfire_choices":[{"data":"Zap","floor":6,"key":"SMITH"},{"data":"Tempest","floor":8,"key":"SMITH"},{"floor":10,"key":"REST"},{"data":"Dualcast","floor":12,"key":"SMITH"},{"data":"Streamline","floor":15,"key":"SMITH"},{"floor":23,"key":"REST"},{"data":"Buffer","floor":30,"key":"SMITH"},{"data":"Glacier","floor":32,"key":"SMITH"}],"neow_cost":"NONE","seed_source_timestamp":382089728384396,"circlet_count":0,"master_deck":["AscendersBane","Defend_B","Defend_B","Defend_B+1","Zap+1","Dualcast+1","Reboot","Steam","FTL","Steam+1","Tempest+1","Streamline+1","Buffer+1","Seek+1","Darkness+1","FTL+1","Turbo","Genetic Algorithm","Conserve Battery","Double Energy+1","Redo","Rip and Tear","Double Energy+1","Glacier+1"],"relics":["Cracked Core","Vajra","Letter Opener","Strawberry","War Paint","Astrolabe","Matryoshka","Happy Flower","PreservedInsect","Dream Catcher","Boot","DataDisk"],"potions_floor_usage":[7,14,16,27,33,33],"damage_taken":[{"damage":4,"enemies":"Small Slimes","floor":1,"turns":3},{"damage":3,"enemies":"Jaw Worm","floor":3,"turns":4},{"damage":2,"enemies":"Cultist","floor":5,"turns":4},{"damage":23,"enemies":"Lagavulin","floor":7,"turns":8},{"damage":3,"enemies":"Gremlin Nob","floor":13,"turns":3},{"damage":9,"enemies":"Exordium Thugs","floor":14,"turns":3},{"damage":13,"enemies":"Hexaghost","floor":16,"turns":9},{"damage":20,"enemies":"2 Thieves","floor":18,"turns":4},{"damage":0,"enemies":"Spheric Guardian","floor":21,"turns":2},{"damage":16,"enemies":"Snake Plant","floor":22,"turns":3},{"damage":0,"enemies":"Gremlin Leader","floor":24,"turns":7},{"damage":0,"enemies":"Snecko","floor":25,"turns":2},{"damage":19,"enemies":"Centurion and Healer","floor":27,"turns":4},{"damage":0,"enemies":"Cultist and Chosen","floor":29,"turns":3},{"damage":0,"enemies":"Book of Stabbing","floor":31,"turns":3},{"damage":71,"enemies":"Automaton","floor":33,"turns":12}],"seed_played":"-168163202431692009","potions_obtained":[{"floor":3,"key":"FearPotion"},{"floor":7,"key":"Poison Potion"},{"floor":13,"key":"AttackPotion"},{"floor":21,"key":"Energy Potion"},{"floor":25,"key":"Poison Potion"},{"floor":28,"key":"Fire Potion"},{"floor":28,"key":"LiquidBronze"}],"is_trial":false,"path_per_floor":["M","?","M","?","M","R","E","R","T","R","T","R","E","M","R","B",null,"M","?","$","M","M","R","E","M","T","M","?","M","R","E","R","B"],"character_chosen":"DEFECT","items_purchased":["Happy Flower","Genetic Algorithm","AttackPotion"],"campfire_rested":2,"item_purchase_floors":[20,20,20],"current_hp_per_floor":[60,65,62,62,60,60,37,37,37,59,66,66,63,54,54,41,73,53,53,53,53,37,61,61,61,61,42,42,42,42,42,42,0],"gold":158,"neow_bonus":"TRANSFORM_CARD","is_prod":false,"is_daily":false,"chose_seed":false,"campfire_upgraded":6,"win_rate":0,"timestamp":1554824592,"path_taken":["M","?","M","?","M","R","E","R","T","R","?","R","E","M","R","BOSS","M","?","$","M","M","R","E","M","T","M","?","?","R","E","R","BOSS"],"build_version":"2019-01-23","purchased_purges":0,"victory":false,"max_hp_per_floor":[71,76,76,76,76,76,76,76,76,76,83,83,83,83,83,83,83,83,83,83,83,83,83,83,83,83,83,83,83,83,83,83,83],"card_choices":[{"not_picked":["Barrage","Double Energy"],"picked":"Steam","floor":1},{"not_picked":["Steam Power","Beam Cell"],"picked":"FTL","floor":3},{"not_picked":["FTL","Compile Driver"],"picked":"Steam","floor":5},{"not_picked":["Force Field","Auto Shields"],"picked":"Tempest","floor":7},{"not_picked":["Redo","Cold Snap"],"picked":"Streamline","floor":13},{"not_picked":["Redo","Cold Snap","Rebound"],"picked":"SKIP","floor":14},{"not_picked":["Meteor Strike","Reboot"],"picked":"Buffer","floor":16},{"not_picked":["Hello World","Leap"],"picked":"Turbo","floor":18},{"not_picked":["Ball Lightning","Hello World"],"picked":"Conserve Battery","floor":21},{"not_picked":["Force Field","Steam","Skim"],"picked":"SKIP","floor":22},{"not_picked":["Force Field","Steam","Skim"],"picked":"SKIP","floor":22},{"not_picked":["Force Field","Steam","Skim"],"picked":"SKIP","floor":22},{"not_picked":["Reboot","Steam"],"picked":"Double Energy+1","floor":24},{"not_picked":["Beam Cell","Compile Driver"],"picked":"Redo","floor":25},{"not_picked":["Coolheaded","Streamline"],"picked":"Rip and Tear","floor":27},{"not_picked":["Barrage","Beam Cell"],"picked":"Double Energy+1","floor":29},{"not_picked":["Biased Cognition","Coolheaded"],"picked":"Glacier","floor":31}],"player_experience":3319201,"relics_obtained":[{"floor":7,"key":"Vajra"},{"floor":9,"key":"Letter Opener"},{"floor":11,"key":"Strawberry"},{"floor":13,"key":"War Paint"},{"floor":24,"key":"PreservedInsect"},{"floor":26,"key":"Dream Catcher"},{"floor":26,"key":"Boot"},{"floor":31,"key":"DataDisk"}],"event_choices":[{"damage_healed":0,"gold_gain":0,"player_choice":"Donut","damage_taken":0,"max_hp_gain":5,"max_hp_loss":0,"event_name":"Big Fish","floor":2,"gold_loss":0},{"cards_removed":["Strike_B"],"damage_healed":0,"gold_gain":0,"player_choice":"Card Removal","damage_taken":0,"max_hp_gain":0,"max_hp_loss":0,"event_name":"The Cleric","floor":4,"gold_loss":75},{"damage_healed":0,"gold_gain":0,"player_choice":"Obtained Relic","damage_taken":0,"relics_obtained":["Matryoshka"],"max_hp_gain":0,"max_hp_loss":0,"event_name":"Addict","floor":19,"gold_loss":85},{"damage_healed":0,"gold_gain":0,"player_choice":"Bought 3 Potions","damage_taken":0,"max_hp_gain":0,"max_hp_loss":0,"event_name":"The Woman in Blue","floor":28,"gold_loss":0}],"is_beta":false,"boss_relics":[{"not_picked":["Coffee Dripper","Runic Pyramid"],"picked":"Astrolabe"}],"items_purged_floors":[],"is_endless":false,"potions_floor_spawned":[3,7,13,21,25,29],"killed_by":"Automaton","ascension_level":18}