{"gold_per_floor":[111,111,16,32,32,32,61,79,79,93,104,137,137,157,157,233,233,252,252,35,35,50,50,50,50,50,50,50,84,84,109,109,182,182,192,192,292,74,89,89,118,118,200,226,226,239,258,4,4,4],"floor_reached":51,"playtime":4087,"items_purged":["Writhe","Eviscerate+1"],"score":1424,"play_id":"e11007a7-c817-4e24-a344-4bf4f3fd336f","local_time":"20181109232600","is_ascension_mode":true,"campfire_choices":[{"data":"Footwork","floor":6,"key":"SMITH"},{"data":"After Image","floor":13,"key":"SMITH"},{"data":"Neutralize","floor":15,"key":"SMITH"},{"floor":23,"key":"REST"},{"data":"Footwork","floor":25,"key":"SMITH"},{"data":"Dodge and Roll","floor":27,"key":"SMITH"},{"data":"Crippling Poison","floor":30,"key":"SMITH"},{"floor":32,"key":"REST"},{"floor":40,"key":"REST"},{"data":"Footwork","floor":45,"key":"SMITH"},{"floor":49,"key":"REST"}],"neow_cost":"NONE","seed_source_timestamp":448001744136271,"circlet_count":0,"master_deck":["AscendersBane","Survivor","Neutralize+1","Sucker Punch","Footwork+1","Poisoned Stab","Deadly Poison","After Image+1","Crippling Poison+1","Flying Knee","Adrenaline","Setup","Prepared","Masterful Stab","Backflip","Dodge and Roll+1","Footwork+1","Outmaneuver","Cloak And Dagger","Backstab","Backflip","All Out Attack+1","Escape Plan","Burst+1","Poisoned Stab+1","Flying Knee+1","Dodge and Roll","Footwork+1","PiercingWail","Cloak And Dagger","Blur","PiercingWail","Malaise","Blur","Noxious Fumes"],"relics":["Ring of the Snake","NeowsBlessing","NlothsMask","Blue Candle","Kunai","Pandora\u0027s Box","Oddly Smooth Stone","Tiny Chest","Lantern","Gremlin Horn","Smiling Mask","Astrolabe","Gambling Chip","PreservedInsect","Letter Opener","Darkstone Periapt","Ornamental Fan"],"potions_floor_usage":[12,12,16,18,33,33,46,50,50],"damage_taken":[{"damage":0,"enemies":"Small Slimes","floor":1,"turns":1},{"damage":0,"enemies":"Cultist","floor":4,"turns":1},{"damage":0,"enemies":"Gremlin Nob","floor":7,"turns":1},{"damage":5,"enemies":"2 Louse","floor":8,"turns":2},{"damage":4,"enemies":"2 Fungi Beasts","floor":10,"turns":4},{"damage":6,"enemies":"Looter","floor":11,"turns":4},{"damage":4,"enemies":"Lagavulin","floor":12,"turns":6},{"damage":10,"enemies":"Large Slime","floor":14,"turns":6},{"damage":15,"enemies":"The Guardian","floor":16,"turns":13},{"damage":12,"enemies":"Chosen","floor":18,"turns":7},{"damage":29,"enemies":"2 Thieves","floor":21,"turns":4},{"damage":2,"enemies":"Snake Plant","floor":22,"turns":6},{"damage":6,"enemies":"Book of Stabbing","floor":29,"turns":6},{"damage":0,"enemies":"Collector","floor":33,"turns":13},{"damage":14,"enemies":"3 Darklings","floor":35,"turns":4},{"damage":0,"enemies":"Mind Bloom Boss Battle","floor":37,"turns":9},{"damage":2,"enemies":"3 Shapes","floor":39,"turns":5},{"damage":2,"enemies":"Giant Head","floor":41,"turns":10},{"damage":3,"enemies":"Reptomancer","floor":44,"turns":6},{"damage":13,"enemies":"Transient","floor":46,"turns":6},{"damage":17,"enemies":"Jaw Worm Horde","floor":47,"turns":6},{"damage":25,"enemies":"Donu and Deca","floor":50,"turns":18}],"seed_played":"-4401034112388164349","potions_obtained":[{"floor":4,"key":"GhostInAJar"},{"floor":14,"key":"EssenceOfSteel"},{"floor":16,"key":"Regen Potion"},{"floor":22,"key":"SteroidPotion"},{"floor":29,"key":"EssenceOfSteel"},{"floor":33,"key":"Fire Potion"},{"floor":35,"key":"Dexterity Potion"},{"floor":46,"key":"Ancient Potion"}],"is_trial":false,"path_per_floor":["M","?","$","M","?","R","E","M","T","M","M","E","R","M","R","B",null,"M","?","$","M","M","R","?","R","T","R","?","E","R","T","R","B",null,"M","?","?","$","M","R","E","?","T","E","R","M","M","$","R","B",null],"character_chosen":"THE_SILENT","items_purchased":["Footwork","Poison Potion","Tiny Chest","PreservedInsect","Malaise","Blur","Noxious Fumes"],"campfire_rested":4,"item_purchase_floors":[3,3,20,38,48,48,48],"current_hp_per_floor":[59,64,64,64,64,64,64,59,59,55,49,45,45,35,35,20,58,61,61,61,32,30,51,51,51,51,51,51,45,45,45,66,66,70,56,56,56,56,54,71,69,69,69,66,66,53,36,36,57,32],"gold":4,"neow_bonus":"THREE_ENEMY_KILL","is_prod":false,"is_daily":false,"chose_seed":false,"campfire_upgraded":7,"win_rate":0,"timestamp":1541823960,"path_taken":["M","?","$","M","?","R","E","?","T","M","M","E","R","M","R","BOSS","M","?","$","M","M","R","?","R","T","R","?","E","R","?","R","BOSS","M","?","?","?","?","R","E","?","T","E","R","M","?","$","R","BOSS"],"build_version":"2018-11-08","purchased_purges":2,"victory":true,"max_hp_per_floor":[66,71,71,71,71,71,71,71,71,71,71,71,71,71,71,71,71,71,71,71,71,71,71,71,71,71,71,71,71,71,71,71,71,71,71,71,71,71,71,71,71,71,71,71,71,71,71,71,71,71],"card_choices":[{"not_picked":["Slice","Dodge and Roll"],"picked":"Sucker Punch","floor":1},{"not_picked":["Reflex","Expertise"],"picked":"Poisoned Stab","floor":4},{"not_picked":["Cloak And Dagger","Eviscerate"],"picked":"Deadly Poison","floor":7},{"not_picked":["Dagger Spray","Endless Agony"],"picked":"After Image","floor":8},{"not_picked":["Dagger Throw","Sucker Punch"],"picked":"Crippling Poison","floor":10},{"not_picked":["Riddle With Holes","Predator"],"picked":"Dagger Spray","floor":11},{"not_picked":["Poisoned Stab","Dagger Spray"],"picked":"Sucker Punch","floor":12},{"not_picked":["Blade Dance","Dagger Spray"],"picked":"Flying Knee","floor":14},{"not_picked":["Storm of Steel","Burst"],"picked":"Adrenaline","floor":16},{"not_picked":["Prepared","Accuracy"],"picked":"Backstab","floor":18},{"not_picked":["Underhanded Strike","Acrobatics"],"picked":"Backflip","floor":21},{"not_picked":["Predator","Slice"],"picked":"All Out Attack+1","floor":22},{"not_picked":["Unload","Riddle With Holes"],"picked":"Escape Plan","floor":29},{"not_picked":["Grand Finale","After Image"],"picked":"Burst","floor":33},{"not_picked":["Catalyst","Choke+1"],"picked":"Dodge and Roll","floor":35},{"not_picked":["Infinite Blades","Setup"],"picked":"Footwork","floor":37},{"not_picked":["Masterful Stab","Backflip"],"picked":"PiercingWail","floor":39},{"not_picked":["Wraith Form v2","Sucker Punch"],"picked":"Cloak And Dagger","floor":41},{"not_picked":["Deflect","Outmaneuver+1"],"picked":"Blur","floor":44},{"not_picked":["Underhanded Strike","Blade Dance","Flying Knee+1"],"picked":"SKIP","floor":46},{"not_picked":["Bouncing Flask+1","Deflect"],"picked":"PiercingWail","floor":47}],"player_experience":2168922,"relics_obtained":[{"floor":7,"key":"Blue Candle"},{"floor":12,"key":"Kunai"},{"floor":26,"key":"Lantern"},{"floor":29,"key":"Gremlin Horn"},{"floor":31,"key":"Smiling Mask"},{"floor":37,"key":"Gambling Chip"},{"floor":41,"key":"Letter Opener"},{"floor":43,"key":"Darkstone Periapt"},{"floor":44,"key":"Ornamental Fan"}],"event_choices":[{"damage_healed":0,"gold_gain":0,"player_choice":"Donut","damage_taken":0,"max_hp_gain":5,"max_hp_loss":0,"event_name":"Big Fish","floor":2,"gold_loss":0},{"damage_healed":0,"gold_gain":0,"player_choice":"Trade","damage_taken":0,"relics_obtained":["NlothsMask"],"max_hp_gain":0,"max_hp_loss":0,"event_name":"FaceTrader","floor":5,"gold_loss":0},{"damage_healed":0,"gold_gain":0,"player_choice":"Opened","damage_taken":0,"relics_obtained":["Oddly Smooth Stone"],"max_hp_gain":0,"max_hp_loss":0,"event_name":"The Mausoleum","floor":19,"gold_loss":0,"cards_obtained":["Writhe"]},{"damage_healed":0,"gold_gain":0,"player_choice":"Ignored","damage_taken":0,"max_hp_gain":0,"max_hp_loss":0,"event_name":"Vampires","floor":24,"gold_loss":0},{"cards_removed":["Eviscerate"],"damage_healed":0,"gold_gain":0,"player_choice":"Elegance","damage_taken":0,"max_hp_gain":0,"max_hp_loss":0,"event_name":"Back to Basics","floor":28,"gold_loss":0},{"damage_healed":0,"gold_gain":0,"player_choice":"Ignored","damage_taken":0,"max_hp_gain":0,"max_hp_loss":0,"event_name":"Tomb of Lord Red Mask","floor":36,"gold_loss":0},{"damage_healed":0,"gold_gain":0,"player_choice":"Fight","damage_taken":0,"max_hp_gain":0,"max_hp_loss":0,"event_name":"MindBloom","floor":37,"gold_loss":0},{"damage_healed":0,"gold_gain":0,"player_choice":"Upgraded","damage_taken":0,"max_hp_gain":0,"max_hp_loss":0,"event_name":"Upgrade Shrine","floor":42,"gold_loss":0,"cards_upgraded":["Burst"]}],"is_beta":false,"boss_relics":[{"not_picked":["Cursed Key","White Beast Statue"],"picked":"Pandora\u0027s Box"},{"not_picked":["Eternal Feather","WristBlade"],"picked":"Astrolabe"}],"items_purged_floors":[20,38],"is_endless":false,"potions_floor_spawned":[4,10,11,14,16,22,29,33,35,37,41,46],"ascension_level":17}