{"gold_per_floor":[118,129,146,156,169,197,197,197,197,212,212],"floor_reached":11,"playtime":542,"items_purged":[],"score":77,"play_id":"012d0000-7039-466d-a19e-753fb9c3e767","local_time":"20190721132241","is_ascension_mode":false,"campfire_choices":[{"data":"Shrug It Off","floor":7,"key":"SMITH"}],"neow_cost":"TEN_PERCENT_HP_LOSS","seed_source_timestamp":198573874524000,"circlet_count":0,"master_deck":["Strike_R","Strike_R","Strike_R","Defend_R","Defend_R","Defend_R","Defend_R","Bash","Burning Pact","Battle Trance","Sword Boomerang","Bludgeon+1","Clothesline","Clothesline","Pummel","Shrug It Off+1","Pommel Strike"],"relics":["Burning Blood","Du-Vu Doll","Vajra"],"potions_floor_usage":[],"damage_taken":[{"damage":6,"enemies":"Cultist","floor":1,"turns":3},{"damage":0,"enemies":"2 Louse","floor":2,"turns":2},{"damage":11,"enemies":"Jaw Worm","floor":3,"turns":2},{"damage":6,"enemies":"3 Louse","floor":4,"turns":3},{"damage":19,"enemies":"Blue Slaver","floor":5,"turns":3},{"damage":22,"enemies":"Gremlin Nob","floor":6,"turns":4},{"damage":10,"enemies":"Looter","floor":10,"turns":2},{"damage":40,"enemies":"3 Sentries","floor":11,"turns":4}],"seed_played":"5271455356491299076","potions_obtained":[{"floor":3,"key":"AttackPotion"},{"floor":4,"key":"SteroidPotion"},{"floor":10,"key":"Explosive Potion"}],"is_trial":false,"path_per_floor":["M","M","M","M","M","E","R","?","T","M","E"],"character_chosen":"IRONCLAD","items_purchased":[],"campfire_rested":0,"item_purchase_floors":[],"current_hp_per_floor":[72,72,67,67,54,38,38,38,38,34,0],"gold":212,"neow_bonus":"TRANSFORM_TWO_CARDS","is_prod":false,"is_daily":false,"chose_seed":false,"campfire_upgraded":1,"win_rate":0.0,"timestamp":1563736961,"path_taken":["M","M","M","M","M","E","R","?","T","M","E"],"build_version":"2019-07-17","purchased_purges":0,"victory":false,"max_hp_per_floor":[72,72,72,72,72,72,72,72,72,72,72],"card_choices":[{"not_picked":["Clash","Perfected Strike"],"picked":"Sword Boomerang","floor":1},{"not_picked":["Body Slam","Wild Strike"],"picked":"Bludgeon","floor":2},{"not_picked":["Heavy Blade","Clash"],"picked":"Clothesline","floor":3},{"not_picked":["Seeing Red","Ghostly Armor"],"picked":"Clothesline","floor":4},{"not_picked":["Wild Strike","Clothesline"],"picked":"Pummel","floor":5},{"not_picked":["Armaments","Iron Wave"],"picked":"Shrug It Off","floor":6},{"not_picked":["Warcry","Clothesline"],"picked":"Pommel Strike","floor":10}],"player_experience":62624,"relics_obtained":[{"floor":6,"key":"Du-Vu Doll"},{"floor":9,"key":"Vajra"}],"event_choices":[{"damage_healed":0,"gold_gain":0,"player_choice":"Grow","damage_taken":0,"max_hp_gain":0,"max_hp_loss":0,"event_name":"Living Wall","floor":8,"gold_loss":0,"cards_upgraded":["Bludgeon"]}],"is_beta":false,"boss_relics":[],"items_purged_floors":[],"is_endless":false,"potions_floor_spawned":[3,4,10],"killed_by":"3 Sentries","ascension_level":0}