{"path_per_floor":["M","$","?","?","$","R","E","?","T","R","M","M","R","?","R","B",null,"M","?","?","$","?","R","?","?","T","M","$","E","R","M","R","B",null,"M","?","M","?","M","R","M","R","T","R","M","?","T","M","R","B"],"character_chosen":"THE_SILENT","items_purchased":["Cloak And Dagger","Bird Faced Urn","Escape Plan"],"gold_per_floor":[110,13,13,13,13,13,45,67,91,91,111,127,127,302,302,398,398,414,414,414,35,35,35,35,35,35,50,50,82,82,102,102,206,206,217,217,228,228,240,240,258,258,305,305,323,323,323,333,333,333],"floor_reached":51,"campfire_rested":3,"playtime":6222,"current_hp_per_floor":[70,70,56,56,56,56,56,33,33,54,54,54,54,54,54,48,70,70,70,70,70,70,70,70,70,70,70,70,70,70,69,69,57,70,63,63,59,59,26,47,48,48,48,48,24,41,41,17,38,4],"items_purged":["Strike_G"],"gold":333,"play_id":"f9292132-5e11-4027-97fe-8746ca6b78a7","is_prod":false,"is_daily":false,"is_ascension_mode":true,"campfire_upgraded":8,"path_taken":["M","$","?","?","?","R","E","?","T","R","?","M","R","?","R","BOSS","M","?","?","$","?","R","?","?","T","M","?","E","R","M","R","BOSS","M","?","M","?","M","R","M","R","T","R","?","?","?","M","R","BOSS"],"build_version":"2018-02-01-PROD3","purchased_purges":1,"victory":true,"master_deck":["Defend_G+1","Defend_G+1","Defend_G+1","Defend_G+1","Strike_G+1","Survivor+1","Neutralize+1","Bouncing Flask+1","Poisoned Stab+1","Adrenaline+1","Acrobatics+1","Wraith Form+1","All Out Attack+1","Backflip+1","Escape Plan","Backflip+1","Blur+1","Calculated Gamble+1","Die Die Die+1","Burst+1","Caltrops+1","Acrobatics+1","Prepared+1","Writhe","Concentrate+1"],"max_hp_per_floor":[70,70,70,70,70,70,70,70,70,70,70,70,70,70,70,70,70,70,70,70,70,70,70,70,70,70,70,70,70,70,70,70,70,70,70,70,70,70,70,70,70,70,70,70,70,70,70,70,70,70],"relics":["Ring of the Snake","Oddly Smooth Stone","Odd Mushroom","Happy Flower","Astrolabe","Bird Faced Urn","Ice Cream","Bag of Preparation","Lizard Tail","Orichalcum","Prayer Wheel"],"card_choices":[{"not_picked":["Slice","Prepared"],"picked":"Bouncing Flask"},{"not_picked":["Blade Dance","Predator"],"picked":"Poisoned Stab"},{"not_picked":["Tactician","Doppelganger"],"picked":"Adrenaline"},{"not_picked":["Concentrate","Dagger Throw"],"picked":"Backflip"},{"not_picked":["Deadly Poison","Quick Slash"],"picked":"Blur"},{"not_picked":["Eviscerate","Dagger Throw"],"picked":"Calculated Gamble"},{"not_picked":["Night Terror","Envenom"],"picked":"Die Die Die"},{"not_picked":["PiercingWail","Poisoned Stab"],"picked":"Caltrops"},{"not_picked":["Slice","Sucker Punch"],"picked":"Acrobatics"},{"not_picked":["Outmaneuver","PiercingWail"],"picked":"Prepared"},{"not_picked":["Cloak And Dagger","Dodge and Roll"],"picked":"Concentrate"}],"player_experience":477796,"potions_floor_usage":[7,18,29,33,37,37,39,50],"damage_taken":[{"damage":0,"enemies":"Small Slimes","floor":1,"turns":4},{"damage":0,"enemies":"Lagavulin","floor":7,"turns":5},{"damage":23,"enemies":"The Mushroom Lair","floor":8,"turns":4},{"damage":0,"enemies":"2 Louse","floor":11,"turns":2},{"damage":0,"enemies":"Blue Slaver","floor":12,"turns":3},{"damage":6,"enemies":"Hexaghost","floor":16,"turns":8},{"damage":0,"enemies":"3 Byrds","floor":18,"turns":4},{"damage":0,"enemies":"Chosen","floor":27,"turns":4},{"damage":0,"enemies":"Slavers","floor":29,"turns":6},{"damage":1,"enemies":"Centurion and Healer","floor":31,"turns":6},{"damage":13,"enemies":"Collector","floor":33,"turns":9},{"damage":7,"enemies":"Orb Walker","floor":35,"turns":3},{"damage":6,"enemies":"3 Shapes","floor":37,"turns":6},{"damage":35,"enemies":"Maw","floor":39,"turns":9},{"damage":1,"enemies":"3 Darklings","floor":41,"turns":7},{"damage":28,"enemies":"Sphere and 2 Shapes","floor":45,"turns":5},{"damage":28,"enemies":"4 Shapes","floor":48,"turns":10},{"damage":53,"enemies":"Awakened One","floor":50,"turns":13}],"event_choices":[{"event_name":"Shining Light","player_choice":"Entered Light","floor":3,"damage_taken":0},{"event_name":"Bonfire Elementals","player_choice":"BASIC","floor":4,"damage_taken":0},{"event_name":"Mushrooms","player_choice":"Fought Mushrooms","floor":8,"damage_taken":0},{"event_name":"Liars Game","player_choice":"agreed","floor":14,"damage_taken":0},{"event_name":"Fountain of Cleansing","player_choice":"Removed Curse","floor":19,"damage_taken":0},{"event_name":"Upgrade Shrine","player_choice":"Upgraded","floor":20,"damage_taken":0},{"event_name":"The Library","player_choice":"Read","floor":22,"damage_taken":0},{"event_name":"Vampires","player_choice":"Ignored","floor":24,"damage_taken":0},{"event_name":"Back to Basics","player_choice":"Simplicity","floor":25,"damage_taken":0},{"event_name":"Transmorgrifier","player_choice":"Transform","floor":36,"damage_taken":0},{"event_name":"Upgrade Shrine","player_choice":"Upgraded","floor":38,"damage_taken":0},{"event_name":"Winding Halls","player_choice":"Writhe","floor":46,"damage_taken":0}],"boss_relics":[{"not_picked":["Cursed Key","Snecko Eye"],"picked":"Astrolabe"},{"not_picked":["Calling Bell","Eternal Feather"],"picked":"Lizard Tail"}],"potions_floor_spawned":[1,12,27,29,31,35,37,48],"seed_played":"-3916410426440582015","ascension_level":4,"is_trial":false}