{"gold_per_floor":[113,13,13,13,23,23,34,34,60,75,105,115,115,133,133,229,279,293,307,307,232,246,246,246,246,246,260,260,359,359,377,377,474,474,486,219,219,27,27,27,57,0,0,0,0,0,0,0],"floor_reached":48,"playtime":2086,"items_purged":["Strike_G"],"score":481,"play_id":"2a4f9895-3ad3-42f8-b07d-5157976aa3e8","local_time":"20190523100306","is_ascension_mode":false,"campfire_choices":[{"data":"Poisoned Stab","floor":6,"key":"SMITH"},{"data":"Blade Dance","floor":8,"key":"SMITH"},{"data":"Envenom","floor":13,"key":"SMITH"},{"data":"Blade Dance","floor":15,"key":"SMITH"},{"floor":23,"key":"REST"},{"data":"Accuracy","floor":25,"key":"SMITH"},{"floor":28,"key":"REST"},{"data":"Footwork","floor":30,"key":"SMITH"},{"floor":32,"key":"REST"},{"data":"Malaise","floor":40,"key":"SMITH"},{"floor":45,"key":"REST"}],"neow_cost":"NONE","seed_source_timestamp":748234943387779,"circlet_count":0,"master_deck":["Defend_G","Defend_G","Defend_G","Defend_G","Defend_G","Strike_G+1","Strike_G+1","Strike_G","Survivor","Neutralize+1","Deadly Poison+1","Poisoned Stab+1","Infinite Blades","Slice","Blade Dance+1","PiercingWail","Envenom+1","Blade Dance+1","Corpse Explosion","Blade Dance","Bane+1","Footwork+1","Accuracy+1","Cloak And Dagger+1","Deflect+1","Malaise+1","PiercingWail","Accuracy","Dark Shackles","Blind","Accuracy+1","Madness","Madness"],"relics":["Ring of the Snake","Vajra","Centennial Puzzle","Ninja Scroll","Tiny House","Question Card","White Beast Statue","DollysMirror","Potion Belt","Red Mask","Boot"],"potions_floor_usage":[11,18,22,33,33,47,48],"damage_taken":[{"damage":0,"enemies":"Small Slimes","floor":1,"turns":3},{"damage":0,"enemies":"Cultist","floor":5,"turns":2},{"damage":1,"enemies":"Jaw Worm","floor":7,"turns":2},{"damage":1,"enemies":"Blue Slaver","floor":10,"turns":2},{"damage":8,"enemies":"Lagavulin","floor":11,"turns":4},{"damage":0,"enemies":"Large Slime","floor":12,"turns":4},{"damage":0,"enemies":"Looter","floor":14,"turns":2},{"damage":11,"enemies":"Slime Boss","floor":16,"turns":6},{"damage":20,"enemies":"2 Thieves","floor":18,"turns":3},{"damage":10,"enemies":"Shell Parasite","floor":19,"turns":5},{"damage":12,"enemies":"Snake Plant","floor":22,"turns":3},{"damage":31,"enemies":"Cultist and Chosen","floor":27,"turns":5},{"damage":9,"enemies":"Centurion and Healer","floor":31,"turns":4},{"damage":1,"enemies":"Champ","floor":33,"turns":8},{"damage":7,"enemies":"Orb Walker","floor":35,"turns":3},{"damage":63,"enemies":"Giant Head","floor":41,"turns":10},{"damage":20,"enemies":"3 Darklings","floor":47,"turns":5},{"damage":10,"enemies":"Maw","floor":48,"turns":4}],"seed_played":"-7269278517886367389","potions_obtained":[{"floor":7,"key":"Weak Potion"},{"floor":10,"key":"Fruit Juice"},{"floor":11,"key":"FearPotion"},{"floor":14,"key":"Strength Potion"},{"floor":31,"key":"Strength Potion"},{"floor":35,"key":"PowerPotion"},{"floor":41,"key":"SmokeBomb"}],"is_trial":false,"path_per_floor":["M","$","?","?","M","R","M","R","T","M","E","M","R","M","R","B",null,"M","M","?","?","M","R","?","R","T","M","R","?","R","M","R","B",null,"M","$","?","$","?","R","E","?","T","$","R","?","M","M"],"character_chosen":"THE_SILENT","items_purchased":["Poisoned Stab","Infinite Blades","PiercingWail","Accuracy","Dark Shackles","DollysMirror"],"campfire_rested":4,"item_purchase_floors":[2,2,36,36,36,38],"current_hp_per_floor":[70,70,56,56,56,56,55,55,55,54,51,51,51,51,51,40,80,60,50,50,50,38,62,47,47,47,16,41,41,41,32,57,56,85,78,78,78,78,67,67,4,4,4,4,29,21,1,0],"gold":0,"neow_bonus":"RANDOM_COMMON_RELIC","is_prod":false,"is_daily":false,"chose_seed":false,"campfire_upgraded":7,"win_rate":0,"timestamp":1558620186,"path_taken":["M","$","?","?","M","R","M","R","T","?","E","M","R","M","R","BOSS","M","M","?","?","M","R","?","R","T","M","R","?","R","M","R","BOSS","M","$","?","$","?","R","E","?","T","$","R","?","M","?"],"build_version":"2019-01-23","purchased_purges":1,"victory":false,"max_hp_per_floor":[70,70,70,70,70,70,70,70,70,70,75,75,75,75,75,75,80,80,80,80,80,80,80,85,85,85,85,85,85,85,85,85,85,85,85,85,85,85,85,85,85,85,85,85,85,85,85,85],"card_choices":[{"not_picked":["Backflip","Blur"],"picked":"Deadly Poison","floor":1},{"not_picked":["Prepared","Outmaneuver"],"picked":"Slice","floor":5},{"not_picked":["Crippling Poison","Predator"],"picked":"Blade Dance","floor":7},{"not_picked":["Poisoned Stab","Quick Slash","Distraction"],"picked":"SKIP","floor":10},{"not_picked":["Accuracy","Blur"],"picked":"PiercingWail","floor":11},{"not_picked":["Catalyst","Noxious Fumes"],"picked":"Envenom","floor":12},{"not_picked":["Dagger Throw","Prepared"],"picked":"Blade Dance","floor":14},{"not_picked":["Adrenaline","Grand Finale"],"picked":"Corpse Explosion","floor":16},{"not_picked":["Acrobatics","Infinite Blades"],"picked":"Blade Dance","floor":17},{"not_picked":["Riddle With Holes","Flying Knee"],"picked":"Bane+1","floor":18},{"not_picked":["Deflect","Deadly Poison"],"picked":"Footwork","floor":19},{"not_picked":["Setup","Deflect"],"picked":"Accuracy","floor":22},{"not_picked":["Blur","Grand Finale","Acrobatics"],"picked":"Cloak And Dagger+1","floor":27},{"not_picked":["Calculated Gamble","Quick Slash","Sucker Punch"],"picked":"Deflect+1","floor":31},{"not_picked":["Wraith Form v2","Night Terror","Storm of Steel"],"picked":"Malaise","floor":33},{"not_picked":["Outmaneuver","Blade Dance","Caltrops","Tactician"],"picked":"SKIP","floor":35},{"not_picked":["Discovery","Chrysalis","Mayhem"],"picked":"Blind","floor":37},{"not_picked":["Caltrops+1","Poisoned Stab","Backstab","Setup"],"picked":"SKIP","floor":41}],"player_experience":3704285,"relics_obtained":[{"floor":9,"key":"Centennial Puzzle"},{"floor":11,"key":"Ninja Scroll"},{"floor":26,"key":"Question Card"},{"floor":41,"key":"Potion Belt"},{"floor":43,"key":"Boot"}],"event_choices":[{"damage_healed":0,"gold_gain":0,"player_choice":"Entered Light","damage_taken":14,"max_hp_gain":0,"max_hp_loss":0,"event_name":"Shining Light","floor":3,"gold_loss":0,"cards_upgraded":["Deadly Poison","Strike_G"]},{"damage_healed":0,"gold_gain":0,"player_choice":"Upgraded","damage_taken":0,"max_hp_gain":0,"max_hp_loss":0,"event_name":"Upgrade Shrine","floor":4,"gold_loss":0,"cards_upgraded":["Neutralize"]},{"damage_healed":0,"gold_gain":0,"player_choice":"Ignored","damage_taken":0,"max_hp_gain":0,"max_hp_loss":0,"event_name":"Ghosts","floor":20,"gold_loss":0},{"cards_removed":["Strike_G"],"damage_healed":0,"gold_gain":0,"player_choice":"Gave Gold","damage_taken":0,"max_hp_gain":0,"max_hp_loss":0,"event_name":"Beggar","floor":21,"gold_loss":75},{"damage_healed":0,"gold_gain":0,"player_choice":"Shed Blood","damage_taken":20,"max_hp_gain":5,"max_hp_loss":0,"event_name":"Forgotten Altar","floor":24,"gold_loss":0},{"damage_healed":0,"gold_gain":99,"player_choice":"Stole From Cult","damage_taken":0,"max_hp_gain":0,"max_hp_loss":0,"event_name":"Nest","floor":29,"gold_loss":0},{"damage_healed":0,"gold_gain":0,"player_choice":"Memory 1","damage_taken":0,"max_hp_gain":0,"max_hp_loss":0,"event_name":"SensoryStone","floor":37,"gold_loss":0},{"damage_healed":0,"gold_gain":0,"player_choice":"Embrace Madness","damage_taken":11,"max_hp_gain":0,"max_hp_loss":0,"event_name":"Winding Halls","floor":39,"gold_loss":0,"cards_obtained":["Madness","Madness"]},{"damage_healed":0,"gold_gain":0,"player_choice":"Paid","damage_taken":0,"relics_obtained":["Red Mask"],"max_hp_gain":0,"max_hp_loss":0,"event_name":"Tomb of Lord Red Mask","floor":42,"gold_loss":57},{"damage_healed":0,"gold_gain":0,"player_choice":"Damaged","damage_taken":8,"max_hp_gain":0,"max_hp_loss":0,"event_name":"Wheel of Change","floor":46,"gold_loss":0}],"is_beta":false,"boss_relics":[{"not_picked":["Snecko Eye","Fusion Hammer"],"picked":"Tiny House"},{"not_picked":["Runic Dome","Orrery"],"picked":"White Beast Statue"}],"items_purged_floors":[36],"is_endless":false,"potions_floor_spawned":[7,10,11,14,31,35,41,47],"killed_by":"Maw","ascension_level":0}