{"gold_per_floor":[13,13,13,13,33,7,7,7,7,7,68,104,104,144,144,264,264,279,279,37,50,63,63,63,63,63,63,13,13,27,47,47,146,146,162,262,262,279,299,299,299,3,3,14,14,27,27,44,44,44],"floor_reached":50,"playtime":2655,"items_purged":["Strike_R"],"score":471,"play_id":"b19ae102-50e6-41e3-8db3-4d5a54579b0a","local_time":"20190717161021","is_ascension_mode":false,"campfire_choices":[{"data":"Bash","floor":7,"key":"SMITH"},{"data":"Sword Boomerang","floor":10,"key":"SMITH"},{"floor":13,"key":"REST"},{"floor":15,"key":"REST"},{"data":"Limit Break","floor":23,"key":"SMITH"},{"data":"Flex","floor":24,"key":"SMITH"},{"data":"Shrug It Off","floor":25,"key":"SMITH"},{"floor":27,"key":"REST"},{"data":"Iron Wave","floor":32,"key":"SMITH"},{"floor":40,"key":"REST"},{"data":"Double Tap","floor":45,"key":"SMITH"},{"data":"Clothesline","floor":49,"key":"SMITH"}],"neow_cost":"NO_GOLD","seed_source_timestamp":573086429207044,"circlet_count":0,"master_deck":["Defend_R","Defend_R","Defend_R","Bash+1","Flash of Steel","Madness","Iron Wave","Iron Wave+1","Sword Boomerang+1","Carnage","Shrug It Off+1","Flex+1","Limit Break+1","Sever Soul+1","Impervious+1","Headbutt+1","Shrug It Off","Seeing Red","Sword Boomerang+1","Iron Wave+1","Shrug It Off","Double Tap+1","Clothesline+1","Dark Shackles","Body Slam+1","Sword Boomerang+1","Shrug It Off","Warcry+1"],"relics":["Burning Blood","Bloody Idol","Gremlin Horn","Omamori","WingedGreaves","Darkstone Periapt","Astrolabe","Lantern","Charon\u0027s Ashes","Cursed Key","Champion Belt","Bag of Preparation","Regal Pillow","Centennial Puzzle"],"potions_floor_usage":[11,14,16,33,33,33,36,50],"damage_taken":[{"damage":7,"enemies":"Small Slimes","floor":1,"turns":3},{"damage":0,"enemies":"Jaw Worm","floor":5,"turns":3},{"damage":38,"enemies":"Lagavulin Event","floor":11,"turns":7},{"damage":27,"enemies":"Lagavulin","floor":12,"turns":6},{"damage":28,"enemies":"Gremlin Nob","floor":14,"turns":4},{"damage":41,"enemies":"Slime Boss","floor":16,"turns":14},{"damage":5,"enemies":"Shell Parasite","floor":18,"turns":6},{"damage":40,"enemies":"Spheric Guardian","floor":21,"turns":6},{"damage":28,"enemies":"3 Cultists","floor":22,"turns":5},{"damage":21,"enemies":"Shelled Parasite and Fungi","floor":30,"turns":5},{"damage":13,"enemies":"Centurion and Healer","floor":31,"turns":7},{"damage":46,"enemies":"Champ","floor":33,"turns":12},{"damage":20,"enemies":"3 Darklings","floor":35,"turns":5},{"damage":24,"enemies":"Mind Bloom Boss Battle","floor":36,"turns":9},{"damage":9,"enemies":"Orb Walker","floor":38,"turns":3},{"damage":48,"enemies":"Transient","floor":39,"turns":5},{"damage":2,"enemies":"4 Shapes","floor":44,"turns":5},{"damage":6,"enemies":"Maw","floor":46,"turns":6},{"damage":0,"enemies":"Sphere and 2 Shapes","floor":48,"turns":3},{"damage":97,"enemies":"Donu and Deca","floor":50,"turns":9}],"seed_played":"-3290041906124832922","potions_obtained":[{"floor":5,"key":"Dexterity Potion"},{"floor":11,"key":"Swift Potion"},{"floor":12,"key":"LiquidBronze"},{"floor":18,"key":"Swift Potion"},{"floor":22,"key":"SteroidPotion"},{"floor":35,"key":"AttackPotion"},{"floor":38,"key":"Swift Potion"}],"is_trial":false,"path_per_floor":["M","?","?","?","M","$","R","?","T","R","?","E","R","E","R","B",null,"M","?","$","M","M","R","R","R","T","R","$","?","M","M","R","B",null,"M","?","?","M","M","R","?","$","T","M","R","M","?","M","R","B"],"character_chosen":"IRONCLAD","items_purchased":["Sword Boomerang","Lantern","Shrug It Off","Block Potion","Bag of Preparation","Regal Pillow"],"campfire_rested":4,"item_purchase_floors":[6,20,20,28,42,42],"current_hp_per_floor":[79,79,59,64,70,70,70,70,70,70,38,17,42,20,45,10,85,85,85,85,56,39,39,39,39,39,64,64,64,54,52,52,17,85,76,63,63,65,28,53,53,53,53,62,62,67,67,78,78,0],"gold":44,"neow_bonus":"RANDOM_COLORLESS_2","is_prod":false,"is_daily":false,"chose_seed":false,"campfire_upgraded":8,"win_rate":0,"timestamp":1563394221,"path_taken":["M","?","?","?","M","$","R","?","T","R","?","E","R","E","R","BOSS","M","?","$","M","M","R","R","R","T","R","?","?","M","M","R","BOSS","M","?","?","M","M","R","?","$","T","M","R","?","?","M","R","BOSS"],"build_version":"2019-07-05","purchased_purges":1,"victory":false,"max_hp_per_floor":[80,80,80,85,85,85,85,85,85,85,85,85,85,85,85,85,85,85,85,85,85,85,85,85,85,85,85,85,85,85,85,85,85,85,85,85,85,85,85,85,85,85,85,85,85,85,85,85,85,85],"card_choices":[{"not_picked":["Clash","Body Slam"],"picked":"Iron Wave","floor":1},{"not_picked":["Warcry","Thunderclap"],"picked":"Iron Wave","floor":5},{"not_picked":["Burning Pact","Body Slam"],"picked":"Carnage","floor":11},{"not_picked":["Berserk","Anger"],"picked":"Shrug It Off","floor":12},{"not_picked":["Intimidate","True Grit"],"picked":"Flex","floor":14},{"not_picked":["Fiend Fire","Double Tap"],"picked":"Limit Break","floor":16},{"not_picked":["True Grit","Corruption"],"picked":"Headbutt+1","floor":18},{"not_picked":["Warcry","Thunderclap"],"picked":"Seeing Red","floor":21},{"not_picked":["Infernal Blade","Headbutt+1"],"picked":"Sword Boomerang+1","floor":22},{"not_picked":["Heavy Blade","Rage"],"picked":"Iron Wave+1","floor":30},{"not_picked":["Havoc","Twin Strike"],"picked":"Shrug It Off","floor":31},{"not_picked":["Dark Embrace","Impervious"],"picked":"Double Tap","floor":33},{"not_picked":["Metallicize+1","Burning Pact","Searing Blow"],"picked":"SKIP","floor":35},{"not_picked":["Body Slam+1","Anger+1"],"picked":"Clothesline","floor":36},{"not_picked":["Blind","Purity"],"picked":"Dark Shackles","floor":37},{"not_picked":["Iron Wave+1","Anger+1"],"picked":"Body Slam+1","floor":38},{"not_picked":["Twin Strike","Thunderclap"],"picked":"Sword Boomerang+1","floor":39},{"not_picked":["Havoc","Bludgeon"],"picked":"Shrug It Off","floor":44},{"not_picked":["Wild Strike","Rage"],"picked":"Warcry+1","floor":46},{"not_picked":["Cleave","Perfected Strike","Metallicize+1"],"picked":"SKIP","floor":48}],"player_experience":4028156,"relics_obtained":[{"floor":9,"key":"Gremlin Horn"},{"floor":12,"key":"WingedGreaves"},{"floor":14,"key":"Darkstone Periapt"},{"floor":26,"key":"Charon\u0027s Ashes"},{"floor":36,"key":"Champion Belt"},{"floor":43,"key":"Centennial Puzzle"}],"event_choices":[{"cards_removed":["Strike_R"],"damage_healed":0,"gold_gain":0,"player_choice":"Forget","damage_taken":0,"max_hp_gain":0,"max_hp_loss":0,"event_name":"Living Wall","floor":2,"gold_loss":0},{"damage_healed":0,"gold_gain":0,"player_choice":"Take Damage","damage_taken":20,"relics_obtained":["Golden Idol"],"max_hp_gain":0,"max_hp_loss":0,"event_name":"Golden Idol","floor":3,"gold_loss":0},{"damage_healed":0,"gold_gain":0,"player_choice":"Donut","damage_taken":0,"max_hp_gain":5,"max_hp_loss":0,"event_name":"Big Fish","floor":4,"gold_loss":0},{"damage_healed":0,"gold_gain":0,"player_choice":"Ignored","damage_taken":0,"max_hp_gain":0,"max_hp_loss":0,"event_name":"Liars Game","floor":8,"gold_loss":0},{"damage_healed":0,"gold_gain":30,"player_choice":"Searched \u00273\u0027 times","damage_taken":0,"relics_obtained":["Omamori"],"max_hp_gain":0,"max_hp_loss":0,"event_name":"Dead Adventurer","floor":11,"gold_loss":0},{"damage_healed":0,"gold_gain":0,"player_choice":"Gave Idol","damage_taken":0,"relics_obtained":["Bloody Idol"],"max_hp_gain":0,"max_hp_loss":0,"event_name":"Forgotten Altar","floor":19,"relics_lost":["Golden Idol"],"gold_loss":0},{"damage_healed":0,"gold_gain":0,"player_choice":"Ignored","damage_taken":0,"max_hp_gain":0,"max_hp_loss":0,"event_name":"Vampires","floor":29,"gold_loss":0},{"damage_healed":0,"gold_gain":0,"player_choice":"Fight","damage_taken":0,"max_hp_gain":0,"max_hp_loss":0,"event_name":"MindBloom","floor":36,"gold_loss":0},{"damage_healed":0,"gold_gain":0,"player_choice":"Memory 1","damage_taken":0,"max_hp_gain":0,"max_hp_loss":0,"event_name":"SensoryStone","floor":37,"gold_loss":0},{"cards_removed":["Defend_R"],"damage_healed":0,"gold_gain":0,"player_choice":"Purged","damage_taken":0,"max_hp_gain":0,"max_hp_loss":0,"event_name":"Purifier","floor":41,"gold_loss":0},{"cards_removed":["Combust"],"damage_healed":0,"gold_gain":0,"player_choice":"Removed Power","damage_taken":0,"max_hp_gain":0,"max_hp_loss":0,"event_name":"Falling","floor":47,"gold_loss":0}],"is_beta":false,"boss_relics":[{"not_picked":["Mark of Pain","Eternal Feather"],"picked":"Astrolabe"},{"not_picked":["Calling Bell","Fusion Hammer"],"picked":"Cursed Key"}],"items_purged_floors":[20],"is_endless":false,"potions_floor_spawned":[5,11,12,18,22,35,38],"killed_by":"Donu and Deca","ascension_level":0}