{"gold_per_floor":[113,38,53,69,69,69,85,85,112,112,131,148,148,182,182,278,278,292,41,56,56,56,84,96,96,96,96,70,70,98,110,110,215,215,235,251,261,3,353,353,8,41,41,41],"floor_reached":44,"playtime":2053,"items_purged":["Parasite"],"score":597,"play_id":"60dd65b1-cc05-4c51-94be-fd4e8cba3100","local_time":"20180908171323","is_ascension_mode":true,"campfire_choices":[{"data":"Sunder","floor":6,"key":"SMITH"},{"data":"Zap","floor":8,"key":"SMITH"},{"data":"Dualcast","floor":10,"key":"SMITH"},{"data":"Ball Lightning","floor":13,"key":"SMITH"},{"data":"Conserve Battery","floor":15,"key":"SMITH"},{"floor":25,"key":"REST"},{"data":"RitualDagger","floor":27,"key":"SMITH"},{"data":"Melter","floor":29,"key":"SMITH"},{"floor":32,"key":"REST"},{"data":"Conserve Battery","floor":40,"key":"SMITH"}],"neow_cost":"CURSE","seed_source_timestamp":81116586427647,"circlet_count":0,"master_deck":["Strike_B","Strike_B","Strike_B","Strike_B","Defend_B","Defend_B","Defend_B","Defend_B","Zap+1","Dualcast+1","Sunder+1","Beam Cell","Conserve Battery+1","Compile Driver","Self Repair","Ball Lightning+1","Hologram","Core Surge","Undo","Coolheaded","FTL+1","RitualDagger+1","Melter+1","Coolheaded","Coolheaded","Reprogram+1","FTL+1","Machine Learning","Rebound+1","Conserve Battery+1","Redo+1","Hologram","Blizzard+1","Bandage Up","Conserve Battery+1"],"relics":["Cracked Core","Boot","Centennial Puzzle","Runic Dome","Runic Capacitor","Bag of Preparation","Shuriken","Mercury Hourglass","Black Star","Lee\u0027s Waffle","Old Coin","Symbiotic Virus","Torii","Turnip","Prayer Wheel"],"potions_floor_usage":[16,23,33,33,33,44],"damage_taken":[{"damage":2,"enemies":"Jaw Worm","floor":1,"turns":3},{"damage":1,"enemies":"2 Louse","floor":3,"turns":2},{"damage":7,"enemies":"Small Slimes","floor":4,"turns":2},{"damage":6,"enemies":"Looter","floor":7,"turns":2},{"damage":2,"enemies":"2 Fungi Beasts","floor":11,"turns":2},{"damage":7,"enemies":"3 Louse","floor":12,"turns":3},{"damage":11,"enemies":"Gremlin Nob","floor":14,"turns":3},{"damage":38,"enemies":"The Guardian","floor":16,"turns":8},{"damage":7,"enemies":"Chosen","floor":18,"turns":3},{"damage":22,"enemies":"3 Byrds","floor":20,"turns":3},{"damage":30,"enemies":"Gremlin Leader","floor":23,"turns":7},{"damage":5,"enemies":"3 Cultists","floor":24,"turns":5},{"damage":30,"enemies":"Slavers","floor":30,"turns":5},{"damage":20,"enemies":"Snake Plant","floor":31,"turns":3},{"damage":43,"enemies":"Automaton","floor":33,"turns":7},{"damage":14,"enemies":"3 Shapes","floor":35,"turns":3},{"damage":9,"enemies":"Orb Walker","floor":36,"turns":3},{"damage":28,"enemies":"3 Darklings","floor":37,"turns":3},{"damage":25,"enemies":"Mysterious Sphere","floor":39,"turns":4},{"damage":11,"enemies":"Nemesis","floor":42,"turns":6},{"damage":69,"enemies":"Giant Head","floor":44,"turns":7}],"seed_played":"8898789255367101977","potions_obtained":[{"floor":1,"key":"AttackPotion"},{"floor":4,"key":"Strength Potion"},{"floor":16,"key":"Swift Potion"},{"floor":20,"key":"Explosive Potion"},{"floor":23,"key":"Weak Potion"},{"floor":24,"key":"Regen Potion"},{"floor":37,"key":"FearPotion"},{"floor":42,"key":"AttackPotion"}],"is_trial":false,"path_per_floor":["M","$","M","M","?","R","M","R","T","R","M","M","R","E","R","B",null,"M","$","M","$","?","E","M","R","T","R","$","R","E","M","R","B",null,"M","M","M","$","?","R","$","E","T"],"character_chosen":"DEFECT","items_purchased":["Runic Capacitor","Coolheaded","Coolheaded","Lee\u0027s Waffle","Hologram","Symbiotic Virus","Bandage Up"],"campfire_rested":2,"item_purchase_floors":[19,19,28,38,38,41,41],"current_hp_per_floor":[87,86,85,78,78,78,72,72,72,72,70,70,70,59,59,21,86,86,86,71,71,65,42,44,69,69,69,69,69,46,33,58,30,86,79,70,42,93,68,68,68,61,61,0],"gold":41,"neow_bonus":"TWENTY_PERCENT_HP_BONUS","is_prod":false,"is_daily":false,"chose_seed":false,"campfire_upgraded":8,"win_rate":0,"timestamp":1536441203,"path_taken":["M","$","M","M","?","R","M","R","T","R","M","?","R","E","R","BOSS","M","$","M","?","?","E","M","R","T","R","$","R","E","M","R","BOSS","M","M","M","$","?","R","?","E","T","E"],"build_version":"2018-09-06","purchased_purges":1,"victory":false,"max_hp_per_floor":[89,86,86,86,86,86,86,86,86,86,86,86,86,86,86,86,86,86,86,86,86,86,86,86,86,86,86,86,86,86,86,86,86,86,86,86,86,93,93,93,93,93,93,93],"card_choices":[{"not_picked":["Loop","Force Field"],"picked":"Sunder","floor":1},{"not_picked":["Lockon","Heatsinks"],"picked":"Beam Cell","floor":3},{"not_picked":["Stack","Sunder"],"picked":"Conserve Battery","floor":4},{"not_picked":["Streamline","Heatsinks"],"picked":"Compile Driver","floor":7},{"not_picked":["Reinforced Body","Cold Snap"],"picked":"Self Repair","floor":11},{"not_picked":["Gash","Heatsinks"],"picked":"Ball Lightning","floor":12},{"not_picked":["Barrage","Reinforced Body"],"picked":"Hologram","floor":14},{"not_picked":["Machine Learning","Biased Cognition"],"picked":"Core Surge","floor":16},{"not_picked":["Storm+1","Sweeping Beam"],"picked":"Undo","floor":18},{"not_picked":["Gash","Compile Driver"],"picked":"FTL+1","floor":20},{"not_picked":["Gash","Scrape"],"picked":"Melter","floor":23},{"not_picked":["Force Field","Rebound"],"picked":"Coolheaded","floor":24},{"not_picked":["Hello World+1","Redo"],"picked":"Reprogram+1","floor":30},{"not_picked":["Lockon","Leap"],"picked":"FTL+1","floor":31},{"not_picked":["Biased Cognition","Reboot"],"picked":"Machine Learning","floor":33},{"not_picked":["Streamline","Leap"],"picked":"Rebound+1","floor":35},{"not_picked":["Ball Lightning+1","Turbo"],"picked":"Conserve Battery","floor":36},{"not_picked":["Capacitor+1","Sunder"],"picked":"Redo+1","floor":37},{"not_picked":["Leap","Genetic Algorithm+1"],"picked":"Blizzard+1","floor":39},{"not_picked":["Beam Cell","Stack"],"picked":"Conserve Battery+1","floor":42}],"player_experience":92679,"relics_obtained":[{"floor":9,"key":"Boot"},{"floor":14,"key":"Centennial Puzzle"},{"floor":23,"key":"Bag of Preparation"},{"floor":26,"key":"Shuriken"},{"floor":30,"key":"Mercury Hourglass"},{"floor":39,"key":"Old Coin"},{"floor":42,"key":"Torii"},{"floor":42,"key":"Turnip"},{"floor":43,"key":"Prayer Wheel"}],"event_choices":[{"event_name":"Liars Game","player_choice":"disagreed","floor":5,"damage_taken":0},{"event_name":"Nest","player_choice":"Joined the Cult","floor":22,"damage_taken":0},{"event_name":"Mysterious Sphere","player_choice":"Fight","floor":39,"damage_taken":0}],"is_beta":false,"boss_relics":[{"not_picked":["FrozenCore","White Beast Statue"],"picked":"Runic Dome"},{"not_picked":["Calling Bell","Eternal Feather"],"picked":"Black Star"}],"items_purged_floors":[2],"is_endless":false,"potions_floor_spawned":[1,4,16,20,23,24,37,42],"killed_by":"Giant Head","ascension_level":3}