{"gold_per_floor":[18,0,0,0,50,67,83,83,164,164,176,196,196,208,208,286,286,304,304],"floor_reached":19,"playtime":918,"items_purged":[],"score":306,"play_id":"27172ddf-ac46-45c3-91c4-0234bd138ea0","local_time":"20181113232940","is_ascension_mode":true,"campfire_choices":[{"data":"Poisoned Stab","floor":8,"key":"SMITH"},{"data":"Neutralize","floor":10,"key":"SMITH"},{"floor":13,"key":"REST"},{"floor":15,"key":"REST"}],"neow_cost":"NO_GOLD","seed_source_timestamp":3576848605091,"circlet_count":0,"master_deck":["AscendersBane","Defend_G","Defend_G","Defend_G","Defend_G","Defend_G","Strike_G","Strike_G","Strike_G","Strike_G","Strike_G","Survivor","Neutralize+1","Adrenaline","Poisoned Stab+1","Deadly Poison","Die Die Die","Dagger Throw","Corpse Explosion","Escape Plan"],"relics":["Ring of the Snake","Calipers","The Courier","Odd Mushroom","Philosopher\u0027s Stone"],"potions_floor_usage":[12],"damage_taken":[{"damage":1,"enemies":"2 Louse","floor":1,"turns":3},{"damage":1,"enemies":"Small Slimes","floor":6,"turns":4},{"damage":1,"enemies":"Cultist","floor":7,"turns":4},{"damage":0,"enemies":"Blue Slaver","floor":11,"turns":5},{"damage":17,"enemies":"The Mushroom Lair","floor":12,"turns":4},{"damage":5,"enemies":"2 Fungi Beasts","floor":14,"turns":3},{"damage":35,"enemies":"The Guardian","floor":16,"turns":11},{"damage":25,"enemies":"Shell Parasite","floor":18,"turns":6},{"damage":39,"enemies":"Spheric Guardian","floor":19,"turns":5}],"seed_played":"1734484290936350835","potions_obtained":[{"floor":6,"key":"LiquidBronze"}],"is_trial":false,"path_per_floor":["M","?","$","?","?","M","M","R","T","R","M","?","R","M","R","B",null,"M","M"],"character_chosen":"THE_SILENT","items_purchased":[],"campfire_rested":2,"item_purchase_floors":[],"current_hp_per_floor":[58,58,58,40,40,39,38,38,38,38,38,21,40,35,54,19,54,29,0],"gold":304,"neow_bonus":"THREE_RARE_CARDS","is_prod":false,"is_daily":false,"chose_seed":false,"campfire_upgraded":2,"win_rate":0,"timestamp":1542169780,"path_taken":["M","?","$","?","?","M","M","R","T","R","?","?","R","M","R","BOSS","M","M"],"build_version":"2018-11-08","purchased_purges":0,"victory":false,"max_hp_per_floor":[66,66,66,66,66,66,66,66,66,66,66,66,66,66,66,66,66,66,66],"card_choices":[{"not_picked":["Unload","Bullet Time"],"picked":"Adrenaline","floor":0},{"not_picked":["Outmaneuver","Cloak And Dagger","Expertise"],"picked":"SKIP","floor":1},{"not_picked":["Underhanded Strike","Cloak And Dagger","Reflex"],"picked":"SKIP","floor":6},{"not_picked":["Tactician","Dagger Spray"],"picked":"Poisoned Stab","floor":7},{"not_picked":["Eviscerate","Blade Dance"],"picked":"Deadly Poison","floor":11},{"not_picked":["Backstab","Underhanded Strike"],"picked":"Die Die Die","floor":12},{"not_picked":["Dagger Spray","Choke"],"picked":"Dagger Throw","floor":14},{"not_picked":["Burst","Unload"],"picked":"Corpse Explosion","floor":16},{"not_picked":["Outmaneuver","Blade Dance"],"picked":"Escape Plan","floor":18}],"player_experience":2276467,"relics_obtained":[{"floor":9,"key":"The Courier"},{"floor":12,"key":"Odd Mushroom"}],"event_choices":[{"damage_healed":0,"gold_gain":0,"player_choice":"Left Gold","damage_taken":0,"max_hp_gain":0,"max_hp_loss":0,"event_name":"World of Goop","floor":2,"gold_loss":18},{"damage_healed":0,"gold_gain":0,"player_choice":"Success","damage_taken":18,"relics_obtained":["Calipers"],"max_hp_gain":0,"max_hp_loss":0,"event_name":"Scrap Ooze","floor":4,"gold_loss":0},{"damage_healed":0,"gold_gain":50,"player_choice":"Pray","damage_taken":0,"max_hp_gain":0,"max_hp_loss":0,"event_name":"Golden Shrine","floor":5,"gold_loss":0},{"damage_healed":0,"gold_gain":0,"player_choice":"Fought Mushrooms","damage_taken":0,"max_hp_gain":0,"max_hp_loss":0,"event_name":"Mushrooms","floor":12,"gold_loss":0}],"is_beta":false,"boss_relics":[{"not_picked":["Orrery","Black Star"],"picked":"Philosopher\u0027s Stone"}],"items_purged_floors":[],"is_endless":false,"potions_floor_spawned":[6],"killed_by":"Spheric Guardian","ascension_level":19}