{"gold_per_floor":[110,110,110,121,136,136,151,76,76,26,26,44,44,58,58,163,163,180,200,218,232,232,232,232,232,301,110,127,127,146,157,157,157],"floor_reached":33,"playtime":7156,"items_purged":["Strike_R","Berserk+1"],"score":241,"play_id":"90aef0e1-e362-4bb4-868f-a55d4fb0eb97","local_time":"20190422183309","is_ascension_mode":false,"campfire_choices":[{"data":"Bash","floor":6,"key":"SMITH"},{"data":"Pommel Strike","floor":13,"key":"SMITH"},{"data":"Shrug It Off","floor":15,"key":"SMITH"},{"floor":23,"key":"REST"},{"data":"Second Wind","floor":25,"key":"SMITH"},{"floor":32,"key":"REST"}],"neow_cost":"NONE","seed_source_timestamp":1114071349171596,"circlet_count":0,"master_deck":["Defend_R","Defend_R","Defend_R","Bash+1","Pommel Strike+1","Pommel Strike+1","Shrug It Off+1","Sword Boomerang+1","Wild Strike+1","Body Slam+1","Second Wind+1","Madness","Fire Breathing+1"],"relics":["Burning Blood","NeowsBlessing","Darkstone Periapt","Molten Egg 2","Mercury Hourglass","Astrolabe","Enchiridion","Dodecahedron"],"potions_floor_usage":[16,33,33,33],"damage_taken":[{"damage":0,"enemies":"Small Slimes","floor":1,"turns":1},{"damage":0,"enemies":"Cultist","floor":4,"turns":1},{"damage":0,"enemies":"2 Louse","floor":5,"turns":1},{"damage":9,"enemies":"Blue Slaver","floor":7,"turns":3},{"damage":0,"enemies":"Looter","floor":12,"turns":3},{"damage":2,"enemies":"2 Fungi Beasts","floor":14,"turns":3},{"damage":38,"enemies":"The Guardian","floor":16,"turns":12},{"damage":20,"enemies":"2 Thieves","floor":18,"turns":3},{"damage":7,"enemies":"Shell Parasite","floor":19,"turns":5},{"damage":4,"enemies":"Centurion and Healer","floor":20,"turns":5},{"damage":18,"enemies":"Shelled Parasite and Fungi","floor":21,"turns":4},{"damage":26,"enemies":"Chosen and Byrds","floor":28,"turns":5},{"damage":0,"enemies":"Centurion and Healer","floor":30,"turns":5},{"damage":20,"enemies":"Sentry and Sphere","floor":31,"turns":4},{"damage":70,"enemies":"Collector","floor":33,"turns":11}],"seed_played":"7426339806683520086","potions_obtained":[{"floor":5,"key":"PowerPotion"},{"floor":12,"key":"Ancient Potion"},{"floor":28,"key":"Fire Potion"},{"floor":31,"key":"PowerPotion"}],"is_trial":false,"path_per_floor":["M","?","?","M","M","R","M","$","T","?","T","M","R","M","R","B",null,"M","M","M","M","?","R","?","R","T","$","M","?","M","M","R","B"],"character_chosen":"IRONCLAD","items_purchased":["Madness"],"campfire_rested":2,"item_purchase_floors":[27],"current_hp_per_floor":[80,85,85,85,85,85,82,82,82,82,82,85,85,85,85,53,85,71,70,72,60,44,69,69,69,69,69,49,49,55,41,66,0],"gold":157,"neow_bonus":"THREE_ENEMY_KILL","is_prod":false,"is_daily":false,"chose_seed":false,"campfire_upgraded":4,"win_rate":0,"timestamp":1555972389,"path_taken":["M","?","?","M","?","R","M","$","T","?","?","M","R","M","R","BOSS","M","M","M","M","?","R","?","R","T","$","M","?","M","M","R","BOSS"],"build_version":"2019-01-23","purchased_purges":2,"victory":false,"max_hp_per_floor":[80,85,85,85,85,85,85,85,85,85,85,85,85,85,85,85,85,85,85,85,85,85,85,85,85,85,85,85,85,85,85,85,85],"card_choices":[{"not_picked":["Warcry","Reckless Charge"],"picked":"Pommel Strike","floor":1},{"not_picked":["Anger","Wild Strike","Double Tap"],"picked":"SKIP","floor":4},{"not_picked":["Perfected Strike","Clothesline","Clash"],"picked":"SKIP","floor":5},{"not_picked":["Havoc","Twin Strike","Sword Boomerang"],"picked":"SKIP","floor":7},{"not_picked":["Anger+1","Shrug It Off"],"picked":"Pommel Strike+1","floor":12},{"not_picked":["Flex","Wild Strike+1"],"picked":"Shrug It Off","floor":14},{"not_picked":["True Grit","Reckless Charge+1","Inflame"],"picked":"SKIP","floor":18},{"not_picked":["Iron Wave+1","Corruption"],"picked":"Body Slam+1","floor":19},{"not_picked":["Cleave+1","Iron Wave+1"],"picked":"Second Wind","floor":20},{"not_picked":["Heavy Blade+1","Anger+1","Reckless Charge+1"],"picked":"SKIP","floor":21},{"not_picked":["Warcry+1","Corruption"],"picked":"Fire Breathing+1","floor":28},{"not_picked":["Cleave+1","Metallicize","Clothesline+1"],"picked":"SKIP","floor":30},{"not_picked":["Searing Blow+1","Rage","Battle Trance+1"],"picked":"SKIP","floor":31}],"player_experience":3459345,"relics_obtained":[{"floor":3,"key":"Darkstone Periapt"},{"floor":9,"key":"Molten Egg 2"},{"floor":11,"key":"Mercury Hourglass"},{"floor":22,"key":"Enchiridion"},{"floor":26,"key":"Dodecahedron"}],"event_choices":[{"damage_healed":0,"gold_gain":0,"player_choice":"Donut","damage_taken":0,"max_hp_gain":5,"max_hp_loss":0,"event_name":"Big Fish","floor":2,"gold_loss":0},{"damage_healed":0,"gold_gain":0,"player_choice":"Relic","damage_taken":0,"max_hp_gain":0,"max_hp_loss":0,"event_name":"Wheel of Change","floor":3,"gold_loss":0},{"cards_removed":["Strike_R"],"damage_healed":0,"gold_gain":0,"player_choice":"Card Removal","damage_taken":0,"max_hp_gain":0,"max_hp_loss":0,"event_name":"The Cleric","floor":10,"gold_loss":50},{"damage_healed":0,"gold_gain":0,"player_choice":"Obtained Book","damage_taken":16,"max_hp_gain":0,"max_hp_loss":0,"event_name":"Cursed Tome","floor":22,"gold_loss":0},{"cards_removed":["Defend_R"],"damage_healed":0,"gold_gain":0,"player_choice":"Elegance","damage_taken":0,"max_hp_gain":0,"max_hp_loss":0,"event_name":"Back to Basics","floor":24,"gold_loss":0},{"damage_healed":0,"gold_gain":0,"player_choice":"Ignored","damage_taken":0,"max_hp_gain":0,"max_hp_loss":0,"event_name":"NoteForYourself","floor":29,"gold_loss":0}],"is_beta":false,"boss_relics":[{"not_picked":["Snecko Eye","Eternal Feather"],"picked":"Astrolabe"}],"items_purged_floors":[8,27],"is_endless":false,"potions_floor_spawned":[5,12,28,31],"killed_by":"Collector","ascension_level":0}