{"gold_per_floor":[116,41,191,38,58,58,58,69,69,95,111,111,181,231,231,307,307,327,377,427,491,501,501,60,60],"floor_reached":25,"playtime":1399,"items_purged":["Strike_B","Doubt","Strike_B"],"score":402,"play_id":"862db47f-14a7-4a16-bb28-017d7e8c59aa","local_time":"20190502232021","is_ascension_mode":true,"campfire_choices":[{"data":"Streamline","floor":6,"key":"SMITH"},{"data":"Coolheaded","floor":12,"key":"SMITH"},{"data":"Zap","floor":15,"key":"SMITH"},{"floor":23,"key":"REST"}],"neow_cost":"NONE","seed_source_timestamp":2001060365942192,"circlet_count":0,"master_deck":["AscendersBane","Strike_B","Defend_B","Defend_B","Defend_B","Defend_B","Zap+1","Dualcast","Streamline+1","Coolheaded+1","Conserve Battery","Leap","Turbo","Echo Form","Doom and Gloom","Leap+1","Reprogram","Loop"],"relics":["Cracked Core","NeowsBlessing","SsserpentHead","Cables","Strawberry","Incense Burner","Cursed Key","Bottled Flame"],"potions_floor_usage":[16,25,25],"damage_taken":[{"damage":0,"enemies":"Jaw Worm","floor":1,"turns":1},{"damage":0,"enemies":"2 Louse","floor":5,"turns":1},{"damage":0,"enemies":"Cultist","floor":8,"turns":1},{"damage":6,"enemies":"Gremlin Nob","floor":10,"turns":3},{"damage":22,"enemies":"Exordium Thugs","floor":11,"turns":5},{"damage":1,"enemies":"2 Fungi Beasts","floor":13,"turns":3},{"damage":8,"enemies":"The Guardian","floor":16,"turns":14},{"damage":8,"enemies":"Chosen","floor":18,"turns":6},{"damage":16,"enemies":"Spheric Guardian","floor":21,"turns":4},{"damage":2,"enemies":"Snecko","floor":22,"turns":8},{"damage":51,"enemies":"Gremlin Leader","floor":25,"turns":5}],"seed_played":"-8109748602988536831","potions_obtained":[{"floor":10,"key":"Explosive Potion"},{"floor":13,"key":"Fire Potion"},{"floor":16,"key":"FairyPotion"},{"floor":22,"key":"GamblersBrew"}],"is_trial":false,"path_per_floor":["M","$","?","$","M","R","?","M","T","E","M","R","M","T","R","B",null,"M","?","?","M","M","R","$","E"],"character_chosen":"DEFECT","items_purchased":["Coolheaded","Bottled Flame","Loop"],"campfire_rested":1,"item_purchase_floors":[4,24,24],"current_hp_per_floor":[64,64,64,64,64,64,64,64,64,65,43,43,42,42,42,34,67,59,37,37,21,19,43,43,0],"gold":60,"neow_bonus":"THREE_ENEMY_KILL","is_prod":false,"is_daily":false,"chose_seed":false,"campfire_upgraded":3,"win_rate":0,"timestamp":1556853621,"path_taken":["M","$","?","$","M","R","?","M","T","E","M","R","?","?","R","BOSS","M","?","?","?","M","R","$","E"],"build_version":"2019-01-23","purchased_purges":3,"victory":false,"max_hp_per_floor":[71,71,71,71,71,71,71,71,71,78,78,78,78,78,78,78,78,78,83,83,83,83,83,83,83],"card_choices":[{"not_picked":["Coolheaded","Barrage"],"picked":"Streamline","floor":1},{"not_picked":["Consume","Rebound"],"picked":"Conserve Battery","floor":5},{"not_picked":["Ball Lightning","Go for the Eyes"],"picked":"Leap","floor":8},{"not_picked":["Leap","Conserve Battery","Meteor Strike"],"picked":"SKIP","floor":10},{"not_picked":["Go for the Eyes","Coolheaded"],"picked":"Turbo","floor":11},{"not_picked":["Stack","Streamline","Compile Driver"],"picked":"SKIP","floor":13},{"not_picked":["Rainbow","Fission"],"picked":"Echo Form","floor":16},{"not_picked":["Hologram","Stack"],"picked":"Doom and Gloom","floor":18},{"not_picked":["Skim","Scrape"],"picked":"Leap+1","floor":21},{"not_picked":["Compile Driver","Streamline"],"picked":"Reprogram","floor":22}],"player_experience":3576017,"relics_obtained":[{"floor":9,"key":"Cables"},{"floor":10,"key":"Strawberry"},{"floor":14,"key":"Incense Burner"}],"event_choices":[{"damage_healed":0,"gold_gain":150,"player_choice":"AGREE","damage_taken":0,"max_hp_gain":0,"max_hp_loss":0,"event_name":"Liars Game","floor":3,"gold_loss":0,"cards_obtained":["Doubt"]},{"damage_healed":0,"gold_gain":0,"player_choice":"Trade","damage_taken":0,"relics_obtained":["SsserpentHead"],"max_hp_gain":0,"max_hp_loss":0,"event_name":"FaceTrader","floor":7,"gold_loss":0},{"damage_healed":0,"gold_gain":0,"player_choice":"Shed Blood","damage_taken":27,"max_hp_gain":5,"max_hp_loss":0,"event_name":"Forgotten Altar","floor":19,"gold_loss":0},{"cards_removed":["Strike_B"],"damage_healed":0,"gold_gain":0,"player_choice":"Offered Basic","damage_taken":0,"max_hp_gain":0,"max_hp_loss":0,"event_name":"Bonfire Elementals","floor":20,"gold_loss":0}],"is_beta":false,"boss_relics":[{"not_picked":["Coffee Dripper","Busted Crown"],"picked":"Cursed Key"}],"items_purged_floors":[2,4,24],"is_endless":false,"potions_floor_spawned":[10,13,16,22],"killed_by":"Gremlin Leader","ascension_level":20}