{"gold_per_floor":[119,139,34,50,68,68,102,102,125,156,206,4,61,80,80,158,158,169,94,94,9,24,59,59,77,77,110,110,25,25,38,38,111,111,122,132,45,45,59,59],"floor_reached":40,"playtime":5793,"items_purged":["Strike_B","Strike_B"],"score":938,"play_id":"c7fd79cf-2fb1-43b2-8f48-5538119de787","local_time":"20190506232505","is_ascension_mode":true,"campfire_choices":[{"data":"Streamline","floor":6,"key":"SMITH"},{"floor":8,"key":"REST"},{"data":"Defragment","floor":15,"key":"SMITH"},{"data":"Capacitor","floor":24,"key":"SMITH"},{"floor":28,"key":"REST"},{"data":"Buffer","floor":32,"key":"SMITH"}],"neow_cost":"NONE","seed_source_timestamp":2342548996721102,"circlet_count":0,"master_deck":["AscendersBane","Defend_B","Defend_B","Defend_B","Zap","Dualcast","Glacier","Static Discharge","Streamline+1","BootSequence","Defragment+1","Gash","Go for the Eyes","Loop","Self Repair","Sunder","Echo Form","Recycle","Capacitor+1","Gash","Coolheaded","Blizzard+1","Force Field","Core Surge+1","Echo Form","Buffer+1","Biased Cognition","Leap+1","Double Energy+1","Defragment","BootSequence+1"],"relics":["Runic Pyramid","Oddly Smooth Stone","Bronze Scales","Dream Catcher","Tiny Chest","Empty Cage","Orichalcum","Molten Egg 2","Blood Vial","Nuclear Battery"],"potions_floor_usage":[10,23,25,27,33],"damage_taken":[{"damage":9,"enemies":"Small Slimes","floor":1,"turns":4},{"damage":2,"enemies":"Cultist","floor":2,"turns":5},{"damage":0,"enemies":"2 Louse","floor":4,"turns":4},{"damage":2,"enemies":"2 Fungi Beasts","floor":5,"turns":4},{"damage":2,"enemies":"Lagavulin","floor":7,"turns":6},{"damage":7,"enemies":"Gremlin Nob","floor":10,"turns":4},{"damage":0,"enemies":"Lagavulin","floor":13,"turns":6},{"damage":3,"enemies":"Gremlin Gang","floor":14,"turns":6},{"damage":12,"enemies":"Hexaghost","floor":16,"turns":10},{"damage":17,"enemies":"Shell Parasite","floor":18,"turns":7},{"damage":2,"enemies":"Chosen","floor":22,"turns":6},{"damage":14,"enemies":"Book of Stabbing","floor":23,"turns":6},{"damage":15,"enemies":"Snake Plant","floor":25,"turns":6},{"damage":42,"enemies":"Slavers","floor":27,"turns":8},{"damage":22,"enemies":"Cultist and Chosen","floor":31,"turns":7},{"damage":17,"enemies":"Champ","floor":33,"turns":12},{"damage":34,"enemies":"3 Darklings","floor":35,"turns":5},{"damage":0,"enemies":"Orb Walker","floor":36,"turns":5},{"damage":29,"enemies":"3 Darklings","floor":39,"turns":8},{"damage":77,"enemies":"Reptomancer","floor":40,"turns":3}],"seed_played":"283593982397941037","potions_obtained":[{"floor":2,"key":"SkillPotion"},{"floor":4,"key":"Fire Potion"},{"floor":7,"key":"Ancient Potion"},{"floor":13,"key":"Strength Potion"},{"floor":23,"key":"Regen Potion"},{"floor":31,"key":"Weak Potion"}],"is_trial":false,"path_per_floor":["M","M","$","M","M","R","E","R","T","E","?","$","E","M","R","B",null,"M","?","?","$","M","E","R","M","T","E","R","$","?","M","R","B",null,"M","M","$","?","M","E"],"character_chosen":"DEFECT","items_purchased":["Streamline","Go for the Eyes","Loop","LiquidBronze","Core Surge+1","Defragment"],"campfire_rested":2,"item_purchase_floors":[3,12,12,21,29,37],"current_hp_per_floor":[55,53,53,53,51,51,49,70,70,63,56,56,56,60,60,55,67,64,64,64,64,71,57,57,71,71,43,64,64,64,58,58,50,66,48,64,64,64,51,0],"gold":59,"neow_bonus":"BOSS_RELIC","is_prod":false,"is_daily":false,"chose_seed":false,"campfire_upgraded":4,"win_rate":0,"timestamp":1557199505,"path_taken":["M","M","$","M","M","R","E","R","T","E","?","?","E","M","R","BOSS","M","?","?","$","M","E","R","M","T","E","R","$","?","M","R","BOSS","M","?","$","?","?","E"],"build_version":"2019-01-23","purchased_purges":2,"victory":false,"max_hp_per_floor":[71,71,71,71,71,71,71,71,71,71,71,71,71,71,71,71,71,71,71,71,71,71,71,71,71,71,71,71,71,71,71,71,71,71,71,71,71,71,71,71],"card_choices":[{"not_picked":["Gash","Coolheaded"],"picked":"Glacier","floor":1},{"not_picked":["Melter","Go for the Eyes"],"picked":"Static Discharge","floor":2},{"not_picked":["Skim","Rebound","All For One"],"picked":"SKIP","floor":4},{"not_picked":["Barrage","Tempest"],"picked":"BootSequence","floor":5},{"not_picked":["Hologram","Storm"],"picked":"Defragment","floor":7},{"not_picked":["Tempest","Leap"],"picked":"Gash","floor":10},{"not_picked":["Streamline","Go for the Eyes"],"picked":"Self Repair","floor":13},{"not_picked":["Cold Snap","Beam Cell"],"picked":"Sunder","floor":14},{"not_picked":["Hyperbeam","Meteor Strike"],"picked":"Echo Form","floor":16},{"not_picked":["Stack+1","Conserve Battery"],"picked":"Recycle","floor":18},{"not_picked":["Leap","Steam"],"picked":"Gash","floor":22},{"not_picked":["Tempest","Cold Snap"],"picked":"Coolheaded","floor":23},{"not_picked":["Leap","Turbo","Streamline"],"picked":"SKIP","floor":25},{"not_picked":["Sunder+1","Compile Driver+1"],"picked":"Blizzard+1","floor":27},{"not_picked":["Static Discharge","BootSequence"],"picked":"Force Field","floor":28},{"not_picked":["Barrage+1","Darkness"],"picked":"Buffer","floor":31},{"not_picked":["Thunder Strike+1","Buffer"],"picked":"Biased Cognition","floor":33},{"not_picked":["Compile Driver+1","Redo+1"],"picked":"Leap+1","floor":35},{"not_picked":["Stack","Beam Cell+1"],"picked":"Double Energy","floor":36},{"not_picked":["Storm","Thunder Strike+1"],"picked":"BootSequence+1","floor":39}],"player_experience":3603123,"relics_obtained":[{"floor":7,"key":"Oddly Smooth Stone"},{"floor":9,"key":"Bronze Scales"},{"floor":10,"key":"Dream Catcher"},{"floor":13,"key":"Tiny Chest"},{"floor":23,"key":"Orichalcum"},{"floor":26,"key":"Molten Egg 2"},{"floor":27,"key":"Blood Vial"}],"event_choices":[{"damage_healed":0,"gold_gain":50,"player_choice":"Touch","damage_taken":7,"max_hp_gain":0,"max_hp_loss":0,"event_name":"FaceTrader","floor":11,"gold_loss":0},{"cards_removed":["Defend_B"],"damage_healed":0,"gold_gain":0,"player_choice":"Gave Gold","damage_taken":0,"max_hp_gain":0,"max_hp_loss":0,"event_name":"Beggar","floor":19,"gold_loss":75},{"damage_healed":0,"gold_gain":0,"player_choice":"Read","damage_taken":0,"max_hp_gain":0,"max_hp_loss":0,"event_name":"The Library","floor":20,"gold_loss":0,"cards_obtained":["Capacitor"]},{"damage_healed":0,"gold_gain":0,"player_choice":"Copied","damage_taken":0,"max_hp_gain":0,"max_hp_loss":0,"event_name":"Duplicator","floor":30,"gold_loss":0,"cards_obtained":["Echo Form"]},{"damage_healed":0,"gold_gain":0,"player_choice":"Forge","damage_taken":0,"max_hp_gain":0,"max_hp_loss":0,"event_name":"Accursed Blacksmith","floor":38,"gold_loss":0,"cards_upgraded":["Double Energy"]}],"is_beta":false,"boss_relics":[{"not_picked":["Snecko Eye","Busted Crown"],"picked":"Empty Cage"},{"not_picked":["Lizard Tail","Tiny House"],"picked":"Nuclear Battery"}],"items_purged_floors":[3,12],"is_endless":false,"potions_floor_spawned":[2,4,7,13,22,23,31],"killed_by":"Reptomancer","ascension_level":20}