{"gold_per_floor":[113,113,132,132,37,37,7,7,7,34,34,53,117,151,151,151],"floor_reached":16,"playtime":443,"items_purged":[],"score":312,"play_id":"e06aff3a-c184-4944-92ef-d9303f953e25","local_time":"20190429165739","is_ascension_mode":true,"campfire_choices":[{"data":"Bash","floor":6,"key":"SMITH"},{"data":"Perfected Strike","floor":8,"key":"SMITH"},{"data":"Berserk","floor":11,"key":"SMITH"},{"data":"Dual Wield","floor":15,"key":"SMITH"}],"neow_cost":"NONE","seed_source_timestamp":1719855110896577,"circlet_count":0,"master_deck":["AscendersBane","Strike_R","Strike_R","Strike_R","Strike_R","Defend_R","Defend_R","Defend_R","Defend_R","Bash+1","Dual Wield+1","Perfected Strike+1","Berserk+1","Battle Trance","Clothesline","Body Slam","Intimidate","Ghostly Armor"],"relics":["Burning Blood","NeowsBlessing","Paper Frog","Letter Opener","Self Forming Clay","Toxic Egg 2"],"potions_floor_usage":[14,16],"damage_taken":[{"damage":0,"enemies":"2 Louse","floor":1,"turns":1},{"damage":0,"enemies":"Cultist","floor":3,"turns":1},{"damage":0,"enemies":"3 Sentries","floor":10,"turns":2},{"damage":6,"enemies":"Jaw Worm","floor":12,"turns":3},{"damage":35,"enemies":"Lagavulin Event","floor":13,"turns":6},{"damage":0,"enemies":"Lagavulin","floor":14,"turns":5},{"damage":57,"enemies":"Slime Boss","floor":16,"turns":7}],"seed_played":"7299200558602590083","potions_obtained":[{"floor":2,"key":"EssenceOfSteel"},{"floor":2,"key":"GamblersBrew"},{"floor":10,"key":"Strength Potion"},{"floor":13,"key":"Strength Potion"}],"is_trial":false,"path_per_floor":["M","?","M","?","$","R","$","R","T","E","R","M","?","E","R","B"],"character_chosen":"IRONCLAD","items_purchased":["Battle Trance","Clothesline","Body Slam"],"campfire_rested":0,"item_purchase_floors":[5,5,7],"current_hp_per_floor":[74,74,75,75,75,75,75,75,75,75,75,75,46,52,52,0],"gold":151,"neow_bonus":"THREE_ENEMY_KILL","is_prod":false,"is_daily":false,"chose_seed":false,"campfire_upgraded":4,"win_rate":0,"timestamp":1556571459,"path_taken":["M","?","?","?","?","R","$","R","T","E","R","?","?","E","R","BOSS"],"build_version":"2019-01-23","purchased_purges":0,"victory":false,"max_hp_per_floor":[75,75,75,75,75,75,75,75,75,75,75,75,75,75,75,75],"card_choices":[{"not_picked":["Clash","Sword Boomerang"],"picked":"Dual Wield","floor":1},{"not_picked":["Burning Pact","Wild Strike"],"picked":"Perfected Strike","floor":3},{"not_picked":["Clash","Thunderclap"],"picked":"Intimidate","floor":10},{"not_picked":["Twin Strike","Headbutt"],"picked":"Ghostly Armor","floor":12},{"not_picked":["Searing Blow","Warcry","Carnage"],"picked":"SKIP","floor":14}],"player_experience":3522992,"relics_obtained":[{"floor":9,"key":"Paper Frog"},{"floor":10,"key":"Letter Opener"},{"floor":13,"key":"Self Forming Clay"},{"floor":14,"key":"Toxic Egg 2"}],"event_choices":[{"damage_healed":0,"gold_gain":0,"player_choice":"Got Potions","damage_taken":0,"max_hp_gain":0,"max_hp_loss":0,"event_name":"Lab","floor":2,"gold_loss":0},{"damage_healed":0,"gold_gain":0,"cards_transformed":["Strike_R"],"player_choice":"Transformed","damage_taken":0,"max_hp_gain":0,"max_hp_loss":0,"event_name":"Transmorgrifier","floor":4,"gold_loss":0,"cards_obtained":["Berserk"]},{"damage_healed":0,"gold_gain":0,"player_choice":"Searched \u00271\u0027 times","damage_taken":0,"max_hp_gain":0,"max_hp_loss":0,"event_name":"Dead Adventurer","floor":13,"gold_loss":0}],"is_beta":false,"boss_relics":[],"items_purged_floors":[],"is_endless":false,"potions_floor_spawned":[10,13],"killed_by":"Slime Boss","ascension_level":20}