{"path_per_floor":["M","$","?","?","T","R","?","R","T","R","E","M","M","$","R","B",null,"M","M","?","?","?","R","E","M","T"],"character_chosen":"THE_SILENT","items_purchased":["Noxious Fumes","Footwork","Panache"],"gold_per_floor":[118,7,59,209,232,232,232,232,232,232,263,274,291,32,32,104,104,121,139,139,54,54,54,89,103,127,127],"floor_reached":27,"campfire_rested":1,"playtime":1468,"current_hp_per_floor":[59,59,59,59,59,59,59,59,59,59,59,59,57,57,57,44,61,54,30,12,12,12,33,11,4,4,0],"items_purged":["Strike_G"],"gold":127,"score":440,"play_id":"283273d8-4d11-41d0-85c3-6211501c9aa1","local_time":"20180415171505","is_prod":false,"is_daily":false,"chose_seed":false,"is_ascension_mode":true,"campfire_upgraded":4,"timestamp":1523826905,"path_taken":["M","$","?","?","?","R","?","R","T","R","E","M","M","?","R","BOSS","M","M","?","?","?","R","E","M","T","M"],"build_version":"2018-04-12","seed_source_timestamp":401927515681287,"purchased_purges":1,"victory":false,"master_deck":["Defend_G","Defend_G","Defend_G","Defend_G","Defend_G","Strike_G","Strike_G","Strike_G","Strike_G","Survivor","Neutralize+1","AscendersBane","Choke+1","Noxious Fumes+1","Well Laid Plans","Malaise","Dagger Spray","Prepared","Footwork","Panache+1","Tactician","Flying Knee","Backstab","Prepared","Cloak And Dagger","Injury","Noxious Fumes"],"max_hp_per_floor":[66,66,66,66,66,66,66,66,66,66,66,66,66,66,66,66,66,66,66,71,71,71,71,71,71,71,71],"relics":["Ring of the Snake","NeowsBlessing","Prayer Wheel","Spirit Poop","Juzu Bracelet","Art of War","Cursed Key","Paper Crane","Calipers","Oddly Smooth Stone"],"card_choices":[{"not_picked":["Blade Dance","All Out Attack"],"picked":"Choke","floor":1},{"not_picked":["Dodge and Roll","Accuracy"],"picked":"Well Laid Plans","floor":9},{"not_picked":["Grand Finale","Finisher"],"picked":"Malaise","floor":11},{"not_picked":["Crippling Poison","Setup"],"picked":"Dagger Spray","floor":12},{"not_picked":["Bane","Slice"],"picked":"Prepared","floor":13},{"not_picked":["Phantasmal Killer","Doppelganger"],"picked":"Tactician","floor":16},{"not_picked":["Acrobatics","Predator"],"picked":"Flying Knee","floor":18},{"not_picked":["Underhanded Strike","Accuracy"],"picked":"Backstab","floor":19},{"not_picked":["Masterful Stab","Dagger Spray"],"picked":"Prepared","floor":24},{"not_picked":["Underhanded Strike","Concentrate"],"picked":"Cloak And Dagger","floor":25},{"not_picked":["Finisher","Calculated Gamble"],"picked":"Noxious Fumes","floor":26}],"player_experience":1182197,"potions_floor_usage":[16,25],"damage_taken":[{"damage":0,"enemies":"Cultist","floor":1,"turns":1},{"damage":0,"enemies":"3 Sentries","floor":11,"turns":2},{"damage":0,"enemies":"Jaw Worm","floor":12,"turns":1},{"damage":2,"enemies":"Small Slimes","floor":13,"turns":3},{"damage":13,"enemies":"Hexaghost","floor":16,"turns":11},{"damage":7,"enemies":"Shell Parasite","floor":18,"turns":7},{"damage":24,"enemies":"Spheric Guardian","floor":19,"turns":7},{"damage":22,"enemies":"Gremlin Leader","floor":24,"turns":9},{"damage":7,"enemies":"3 Cultists","floor":25,"turns":4},{"damage":8,"enemies":"Snecko","floor":27,"turns":2}],"event_choices":[{"event_name":"Golden Wing","player_choice":"Gained Gold","floor":3,"damage_taken":0},{"event_name":"Liars Game","player_choice":"agreed","floor":4,"damage_taken":0},{"event_name":"Bonfire Elementals","player_choice":"CURSE","floor":7,"damage_taken":0},{"event_name":"Forgotten Altar","player_choice":"Shed Blood","floor":20,"damage_taken":0},{"event_name":"Addict","player_choice":"Obtained Relic","floor":21,"damage_taken":0},{"event_name":"Beggar","player_choice":"Ignored","floor":22,"damage_taken":0}],"boss_relics":[{"not_picked":["Velvet Choker","Runic Dome"],"picked":"Cursed Key"}],"potions_floor_spawned":[1,24],"seed_played":"-4728341415194325583","killed_by":"Snecko","ascension_level":15,"is_trial":false}