{"gold_per_floor":[114,114,114,38,53,53,83,98,123,123,138,168,183,213,213,313,313,328,328,427,37,52,82,82,112,187,37,52,52,52,82,82,182,182,197,0,0,0,100,100,130,142,154,196,238,265,277,319,331,343],"floor_reached":51,"playtime":5421,"items_purged":[],"score":1080,"play_id":"fb951a40-a35c-4ab7-a4d1-a5da78b5d4d3","local_time":"20181127115627","daily_mods":["Shiny","Diverse","Elite Swarm"],"is_ascension_mode":false,"campfire_choices":[{"data":"Buffer","floor":6,"key":"SMITH"},{"data":"Malaise","floor":15,"key":"SMITH"},{"floor":24,"key":"DIG"},{"floor":32,"key":"DIG"},{"floor":40,"key":"DIG"},{"floor":42,"key":"DIG"},{"floor":44,"key":"DIG"},{"floor":47,"key":"DIG"},{"floor":49,"key":"DIG"}],"neow_cost":"","seed_source_timestamp":0,"circlet_count":0,"master_deck":["Multi-Cast","Hyperbeam","Thunder Strike","Biased Cognition","Machine Learning","Electrodynamics+1","Buffer+1","Rainbow","Seek","Meteor Strike","Echo Form","All For One","Reboot","Amplify","Creative AI","Fission","Core Surge","Venomology","Corpse Explosion","Malaise+1","Phantasmal Killer","Die Die Die","Adrenaline","Envenom","Doppelganger","Burst","Wraith Form v2","Tools of the Trade","Night Terror","Unload","After Image+1","Bullet Time","Storm of Steel","Glass Knife","A Thousand Cuts","Grand Finale","Double Tap","Demon Form","Bludgeon","Feed","Limit Break","Barricade","Fiend Fire","Dark Embrace","Berserk","Impervious","Juggernaut","Reaper+1","Exhume","Offering","Immolate","Shrug It Off","Recycle","Cold Snap","Metallicize","Echo Form","Force Field","Wraith Form v2","Parasite","Writhe","Capacitor","Metallicize","Backflip","BootSequence","Exhume","Limit Break","Reboot","Venomology","Terror","Conserve Battery","Finesse","Seek","True Grit","Bullet Time"],"special_seed":17862,"relics":["Cracked Core","Girya","Juzu Bracelet","Bronze Scales","Vajra","Calling Bell","Oddly Smooth Stone","Shuriken","Torii","Thread and Needle","Shovel","Dream Catcher","Bag of Marbles","Pantograph","Ancient Tea Set","Omamori","Cables","Fusion Hammer","Potion Belt","Pocketwatch","Calipers","MawBank","Anchor","Dodecahedron","Tiny Chest","Incense Burner","Lantern","Ginger","Centennial Puzzle"],"potions_floor_usage":[7,12,13,14,23,28,31,31,35,41,45,45,45,46,48,48,48,50,50,50,50,50,50],"damage_taken":[{"damage":11,"enemies":"Jaw Worm","floor":1,"turns":2},{"damage":0,"enemies":"Small Slimes","floor":5,"turns":2},{"damage":1,"enemies":"Gremlin Nob","floor":7,"turns":3},{"damage":0,"enemies":"Cultist","floor":8,"turns":5},{"damage":0,"enemies":"Large Slime","floor":11,"turns":4},{"damage":0,"enemies":"Lagavulin","floor":12,"turns":5},{"damage":2,"enemies":"Blue Slaver","floor":13,"turns":3},{"damage":6,"enemies":"Gremlin Nob","floor":14,"turns":3},{"damage":33,"enemies":"Hexaghost","floor":16,"turns":8},{"damage":11,"enemies":"3 Byrds","floor":18,"turns":2},{"damage":0,"enemies":"Chosen","floor":22,"turns":5},{"damage":0,"enemies":"Gremlin Leader","floor":23,"turns":6},{"damage":32,"enemies":"Slavers","floor":25,"turns":4},{"damage":10,"enemies":"Shelled Parasite and Fungi","floor":28,"turns":7},{"damage":6,"enemies":"Gremlin Leader","floor":31,"turns":5},{"damage":36,"enemies":"Champ","floor":33,"turns":11},{"damage":0,"enemies":"3 Shapes","floor":35,"turns":5},{"damage":1,"enemies":"Mind Bloom Boss Battle","floor":39,"turns":8},{"damage":0,"enemies":"Reptomancer","floor":41,"turns":2},{"damage":0,"enemies":"Giant Head","floor":45,"turns":10},{"damage":6,"enemies":"Orb Walker","floor":46,"turns":3},{"damage":16,"enemies":"Reptomancer","floor":48,"turns":8},{"damage":6,"enemies":"Donu and Deca","floor":50,"turns":9}],"seed_played":"1382297416292303872","potions_obtained":[{"floor":1,"key":"Explosive Potion"},{"floor":5,"key":"Weak Potion"},{"floor":14,"key":"Swift Potion"},{"floor":22,"key":"Explosive Potion"},{"floor":23,"key":"Swift Potion"},{"floor":28,"key":"Weak Potion"},{"floor":41,"key":"Regen Potion"},{"floor":46,"key":"Regen Potion"}],"is_trial":false,"path_per_floor":["M","?","?","$","M","R","E","M","T","?","M","E","M","E","R","B",null,"M","?","?","$","M","E","R","E","T","$","M","?","?","E","R","B",null,"M","$","?","$","?","R","E","R","T","R","E","M","R","E","R","B",null],"character_chosen":"DEFECT","items_purchased":["Recycle","Thread and Needle","Metallicize","Backflip","Ancient Tea Set","Potion Belt","Conserve Battery"],"campfire_rested":0,"item_purchase_floors":[4,21,21,21,27,36,36],"current_hp_per_floor":[64,57,57,57,57,57,56,56,56,41,43,56,62,59,59,26,84,73,73,73,73,79,79,79,47,47,47,41,41,69,63,63,54,84,84,84,84,84,83,83,84,84,84,84,84,78,78,84,84,78],"gold":355,"neow_bonus":"","is_prod":false,"is_daily":true,"chose_seed":false,"campfire_upgraded":2,"win_rate":0,"timestamp":1543337787,"path_taken":["M","?","?","$","M","R","E","?","T","?","M","E","M","E","R","BOSS","M","?","?","$","M","E","R","E","T","$","M","?","?","E","R","BOSS","M","$","?","$","?","R","E","R","T","R","E","M","R","E","R","BOSS"],"build_version":"2018-11-15","purchased_purges":0,"victory":true,"max_hp_per_floor":[75,75,75,75,75,75,75,75,75,75,75,78,81,84,84,84,84,84,84,84,84,84,84,84,84,84,84,84,84,84,84,84,84,84,84,84,84,84,84,84,84,84,84,84,84,84,84,84,84,84],"card_choices":[{"not_picked":["Seeing Red","Infernal Blade"],"picked":"Shrug It Off","floor":1},{"not_picked":["Noxious Fumes","Scrape"],"picked":"Cold Snap","floor":5},{"not_picked":["Juggernaut","Creative AI","Tools of the Trade"],"picked":"SKIP","floor":7},{"not_picked":["Barrage","Sunder"],"picked":"Metallicize","floor":8},{"not_picked":["Dual Wield","Lockon","Heel Hook"],"picked":"SKIP","floor":11},{"not_picked":["Rainbow","Night Terror"],"picked":"Echo Form","floor":12},{"not_picked":["Hologram","Blood for Blood"],"picked":"Force Field","floor":13},{"not_picked":["Grand Finale","Fiend Fire"],"picked":"Wraith Form v2","floor":14},{"not_picked":["Slice","Rampage"],"picked":"Capacitor","floor":18},{"not_picked":["Slice","Deadly Poison"],"picked":"BootSequence","floor":22},{"not_picked":["Die Die Die","All For One"],"picked":"Exhume","floor":23},{"not_picked":["Machine Learning","Doppelganger"],"picked":"Limit Break","floor":25},{"not_picked":["Redo","Streamline+1","Flying Knee+1"],"picked":"SKIP","floor":28},{"not_picked":["Limit Break","Barricade"],"picked":"Reboot","floor":31},{"not_picked":["Bludgeon","Brutality"],"picked":"Venomology","floor":33},{"not_picked":["Leap","Armaments+1"],"picked":"Terror","floor":35},{"not_picked":["Dramatic Entrance","Swift Strike"],"picked":"Finesse","floor":37},{"not_picked":["A Thousand Cuts","Demon Form"],"picked":"Seek","floor":41},{"not_picked":["Envenom","Biased Cognition","Meteor Strike"],"picked":"SKIP","floor":45},{"not_picked":["Barrage+1","Fusion+1"],"picked":"True Grit","floor":46},{"not_picked":["Night Terror","A Thousand Cuts"],"picked":"Bullet Time","floor":48}],"player_experience":2521233,"relics_obtained":[{"floor":7,"key":"Girya"},{"floor":9,"key":"Juzu Bracelet"},{"floor":12,"key":"Bronze Scales"},{"floor":14,"key":"Vajra"},{"floor":17,"key":"Oddly Smooth Stone"},{"floor":17,"key":"Shuriken"},{"floor":17,"key":"Torii"},{"floor":23,"key":"Shovel"},{"floor":24,"key":"Dream Catcher"},{"floor":25,"key":"Bag of Marbles"},{"floor":26,"key":"Pantograph"},{"floor":31,"key":"Omamori"},{"floor":32,"key":"Cables"},{"floor":39,"key":"Pocketwatch"},{"floor":40,"key":"Calipers"},{"floor":41,"key":"MawBank"},{"floor":42,"key":"Anchor"},{"floor":43,"key":"Dodecahedron"},{"floor":44,"key":"Tiny Chest"},{"floor":45,"key":"Incense Burner"},{"floor":47,"key":"Lantern"},{"floor":48,"key":"Ginger"},{"floor":49,"key":"Centennial Puzzle"}],"event_choices":[{"cards_removed":["Brutality"],"damage_healed":0,"gold_gain":0,"player_choice":"Card Removal","damage_taken":7,"max_hp_gain":0,"max_hp_loss":0,"event_name":"Golden Wing","floor":2,"gold_loss":0},{"damage_healed":0,"gold_gain":0,"player_choice":"Upgraded","damage_taken":0,"max_hp_gain":0,"max_hp_loss":0,"event_name":"Upgrade Shrine","floor":3,"gold_loss":0,"cards_upgraded":["After Image"]},{"damage_healed":0,"gold_gain":0,"player_choice":"Entered Light","damage_taken":15,"max_hp_gain":0,"max_hp_loss":0,"event_name":"Shining Light","floor":10,"gold_loss":0,"cards_upgraded":["Electrodynamics","Reaper"]},{"damage_healed":0,"gold_gain":0,"player_choice":"Ignored","damage_taken":0,"max_hp_gain":0,"max_hp_loss":0,"event_name":"Vampires","floor":19,"gold_loss":0},{"damage_healed":0,"gold_gain":99,"player_choice":"Stole From Cult","damage_taken":0,"max_hp_gain":0,"max_hp_loss":0,"event_name":"Nest","floor":20,"gold_loss":0},{"cards_removed":["Normality"],"damage_healed":0,"gold_gain":0,"player_choice":"Elegance","damage_taken":0,"max_hp_gain":0,"max_hp_loss":0,"event_name":"Back to Basics","floor":29,"gold_loss":0},{"damage_healed":28,"gold_gain":0,"player_choice":"Heal","damage_taken":0,"max_hp_gain":0,"max_hp_loss":0,"event_name":"The Library","floor":30,"gold_loss":0},{"damage_healed":0,"gold_gain":0,"player_choice":"Memory 1","damage_taken":0,"max_hp_gain":0,"max_hp_loss":0,"event_name":"SensoryStone","floor":37,"gold_loss":0},{"damage_healed":0,"gold_gain":0,"player_choice":"Fight","damage_taken":0,"max_hp_gain":0,"max_hp_loss":0,"event_name":"MindBloom","floor":39,"gold_loss":0}],"is_beta":false,"boss_relics":[{"not_picked":["White Beast Statue","Runic Pyramid"],"picked":"Calling Bell"},{"not_picked":["Cursed Key","Velvet Choker"],"picked":"Fusion Hammer"}],"items_purged_floors":[],"is_endless":false,"potions_floor_spawned":[1,5,8,11,14,22,23,28,41,46],"ascension_level":0}