{"path_per_floor":["M","M","?","M","M","R","$","R","T","R","M","M","E","?","R","B",null,"M","$","?","M","M","R"],"character_chosen":"THE_SILENT","items_purchased":["War Paint","Footwork","Blur"],"gold_per_floor":[113,131,131,150,160,160,15,15,40,40,58,75,108,108,108,206,206,222,78,78,96,107,107],"floor_reached":24,"campfire_rested":1,"playtime":2946,"current_hp_per_floor":[63,63,60,60,56,56,56,56,56,56,53,55,54,54,54,27,59,33,33,33,33,32,53],"items_purged":[],"gold":107,"play_id":"480ea800-5544-4874-87c3-66090fc69f52","is_prod":false,"is_daily":false,"is_ascension_mode":true,"campfire_upgraded":4,"path_taken":["M","M","?","M","M","R","$","R","T","R","M","?","E","?","R","BOSS","M","$","?","M","M","R","E"],"build_version":"2018-02-01-PROD3","purchased_purges":0,"victory":false,"master_deck":["Defend_G","Defend_G+1","Defend_G","Defend_G","Defend_G+1","Strike_G","Strike_G","Strike_G","Strike_G","Strike_G","Survivor","Neutralize+1","After Image","Dodge and Roll+1","Dagger Spray+1","Footwork+1","Leg Sweep+1","After Image","Burst","PiercingWail","Backflip","PiercingWail","Backflip","Footwork","Blur"],"max_hp_per_floor":[70,70,70,70,70,70,70,70,70,70,70,70,70,70,70,70,70,70,70,70,70,70,70],"relics":["Ring of the Snake","Vajra","War Paint","Blood Vial","Pen Nib","Orrery"],"card_choices":[{"not_picked":["Calculated Gamble","Flying Knee"],"picked":"Dodge and Roll"},{"not_picked":["Deadly Poison","Dodge and Roll"],"picked":"Dagger Spray"},{"not_picked":["Flechettes","Reflex"],"picked":"Footwork"},{"not_picked":["Catalyst","Outmaneuver"],"picked":"Leg Sweep"},{"not_picked":["Flying Knee","Endless Agony"],"picked":"After Image"},{"not_picked":["Grand Finale","Unload"],"picked":"Burst"},{"not_picked":["Backstab","Dash"],"picked":"PiercingWail"},{"not_picked":["Outmaneuver","Poisoned Stab"],"picked":"Backflip"},{"not_picked":["Sucker Punch","Prepared"],"picked":"PiercingWail"},{"not_picked":["Terror","Sucker Punch"],"picked":"Backflip"}],"player_experience":535218,"potions_floor_usage":[16,16,21,22,24],"damage_taken":[{"damage":0,"enemies":"2 Louse","floor":1,"turns":4},{"damage":0,"enemies":"Small Slimes","floor":2,"turns":4},{"damage":0,"enemies":"Blue Slaver","floor":4,"turns":5},{"damage":4,"enemies":"Large Slime","floor":5,"turns":6},{"damage":5,"enemies":"Exordium Wildlife","floor":11,"turns":4},{"damage":0,"enemies":"2 Fungi Beasts","floor":12,"turns":2},{"damage":3,"enemies":"3 Sentries","floor":13,"turns":8},{"damage":29,"enemies":"Hexaghost","floor":16,"turns":21},{"damage":28,"enemies":"Chosen","floor":18,"turns":12},{"damage":2,"enemies":"2 Thieves","floor":21,"turns":5},{"damage":3,"enemies":"Snecko","floor":22,"turns":13},{"damage":56,"enemies":"Gremlin Leader","floor":24,"turns":12}],"event_choices":[{"event_name":"Scrap Ooze","player_choice":"success","floor":3,"damage_taken":3},{"event_name":"Living Wall","player_choice":"Grow","floor":14,"damage_taken":0},{"event_name":"Addict","player_choice":"Ignored","floor":20,"damage_taken":0}],"boss_relics":[{"not_picked":["White Beast Statue","Snecko Eye"],"picked":"Orrery"}],"potions_floor_spawned":[1,13,16,18,21],"seed_played":"8416666307764032763","killed_by":"Gremlin Leader","ascension_level":6,"is_trial":false}