{"gold_per_floor":[115,135,149,163,163,163,88,163,163,163,22,40,63,86,86,216,216,185,185,209,41,59,98,98,25,109,109,134,134,134,134,134,253,316,331,1330,403,403,416,416,451,464,464,22,22,45,45,97,97,97],"floor_reached":51,"playtime":18165,"items_purged":["Strike_G","Strike_G"],"score":710,"play_id":"e46083b5-f157-4f1f-9df5-46e38b3c874e","local_time":"20181104225814","is_ascension_mode":false,"campfire_choices":[{"data":"Poisoned Stab","floor":6,"key":"SMITH"},{"data":"Adrenaline","floor":15,"key":"SMITH"},{"floor":24,"key":"REST"},{"data":"Noxious Fumes","floor":30,"key":"SMITH"},{"data":"Malaise","floor":32,"key":"SMITH"},{"data":"Footwork","floor":40,"key":"SMITH"},{"data":"Leg Sweep","floor":47,"key":"SMITH"},{"data":"Adrenaline","floor":49,"key":"SMITH"}],"neow_cost":"NONE","seed_source_timestamp":213938722352,"circlet_count":0,"master_deck":["Defend_G+1","Defend_G+1","Defend_G+1","Defend_G+1","Defend_G+1","Strike_G+1","Strike_G+1","Strike_G+1","Survivor","Neutralize","Flying Knee","Backflip","PiercingWail+1","Poisoned Stab+1","Adrenaline+1","After Image","Malaise+1","Noxious Fumes+1","Noxious Fumes","Venomology","Calculated Gamble","Adrenaline+1","Leg Sweep+1","Prepared","Footwork+1","Blur","Die Die Die","Neutralize","Setup+1","Madness","Madness","Choke+1"],"relics":["Ring of the Snake","Whetstone","Golden Idol","Singing Bowl","Omamori","Runic Pyramid","Boot","Pen Nib","Tiny Chest","Paper Crane","Tiny House","Potion Belt","ClockworkSouvenir","Matryoshka","Strawberry","StoneCalendar","Molten Egg 2","Kunai","Sling","Oddly Smooth Stone","Lantern"],"potions_floor_usage":[13,16,16,18,28,33,33,39,41,41,41,42,42,42,50],"damage_taken":[{"damage":0,"enemies":"Jaw Worm","floor":1,"turns":4},{"damage":2,"enemies":"2 Louse","floor":2,"turns":4},{"damage":0,"enemies":"Small Slimes","floor":3,"turns":4},{"damage":1,"enemies":"2 Fungi Beasts","floor":4,"turns":4},{"damage":0,"enemies":"Exordium Wildlife","floor":12,"turns":6},{"damage":0,"enemies":"Gremlin Gang","floor":13,"turns":3},{"damage":0,"enemies":"Looter","floor":14,"turns":2},{"damage":11,"enemies":"Hexaghost","floor":16,"turns":11},{"damage":3,"enemies":"2 Thieves","floor":18,"turns":5},{"damage":2,"enemies":"Chosen","floor":20,"turns":6},{"damage":2,"enemies":"Snake Plant","floor":22,"turns":4},{"damage":54,"enemies":"Slavers","floor":23,"turns":6},{"damage":0,"enemies":"Cultist and Chosen","floor":28,"turns":6},{"damage":1,"enemies":"Champ","floor":33,"turns":12},{"damage":3,"enemies":"Orb Walker","floor":35,"turns":5},{"damage":0,"enemies":"3 Shapes","floor":39,"turns":5},{"damage":0,"enemies":"Nemesis","floor":41,"turns":9},{"damage":0,"enemies":"Transient","floor":42,"turns":5},{"damage":0,"enemies":"Spire Growth","floor":46,"turns":6},{"damage":17,"enemies":"Awakened One","floor":50,"turns":16}],"seed_played":"-7541160395171607360","potions_obtained":[{"floor":2,"key":"AttackPotion"},{"floor":4,"key":"Explosive Potion"},{"floor":14,"key":"Ancient Potion"},{"floor":16,"key":"EssenceOfSteel"},{"floor":28,"key":"GamblersBrew"},{"floor":34,"key":"Ancient Potion"},{"floor":35,"key":"Fire Potion"},{"floor":39,"key":"Energy Potion"},{"floor":46,"key":"SpeedPotion"}],"is_trial":false,"path_per_floor":["M","M","M","M","?","R","$","?","T","?","$","M","M","M","R","B",null,"M","?","M","$","M","E","R","$","T","T","M","?","R","?","R","B",null,"M","?","$","?","M","R","E","M","T","$","?","M","R","T","R","B",null],"character_chosen":"THE_SILENT","items_purchased":["Adrenaline","Noxious Fumes","Calculated Gamble","Footwork","Blur","Potion Belt","ClockworkSouvenir","Matryoshka","AttackPotion","Die Die Die","Kunai","Sling"],"campfire_rested":1,"item_purchase_floors":[11,21,25,37,37,37,37,37,37,37,44,44],"current_hp_per_floor":[70,68,68,67,65,65,65,54,54,42,42,44,46,46,46,35,69,68,68,66,66,66,12,33,33,33,33,35,60,60,60,60,59,80,77,77,77,77,77,77,86,88,88,88,77,77,77,77,77,60],"gold":97,"neow_bonus":"RANDOM_COMMON_RELIC","is_prod":false,"is_daily":false,"chose_seed":false,"campfire_upgraded":7,"win_rate":0,"timestamp":1541390294,"path_taken":["M","M","M","M","?","R","$","?","T","?","$","M","M","M","R","BOSS","M","?","M","$","M","E","R","$","T","?","?","?","R","?","R","BOSS","M","?","$","?","M","R","E","?","T","$","?","M","R","?","R","BOSS"],"build_version":"2018-11-01","purchased_purges":2,"victory":true,"max_hp_per_floor":[70,70,70,70,65,65,65,65,65,65,65,67,69,69,69,69,69,71,71,71,71,73,73,73,73,73,73,75,75,75,75,75,75,80,80,80,80,80,80,80,89,91,91,91,91,91,91,91,91,91],"card_choices":[{"not_picked":["Flechettes","Deflect"],"picked":"Flying Knee","floor":1},{"not_picked":["Flying Knee","Accuracy"],"picked":"Backflip","floor":2},{"not_picked":["Acrobatics","Deflect"],"picked":"PiercingWail","floor":3},{"not_picked":["Blade Dance","Deadly Poison"],"picked":"Poisoned Stab","floor":4},{"not_picked":["Outmaneuver","Predator","Crippling Poison"],"picked":"Singing Bowl","floor":12},{"not_picked":["Quick Slash","Terror","Accuracy"],"picked":"Singing Bowl","floor":13},{"not_picked":["Prepared","Outmaneuver"],"picked":"After Image","floor":14},{"not_picked":["Tools of the Trade","Wraith Form v2"],"picked":"Malaise","floor":16},{"not_picked":["Predator","Dodge and Roll","Prepared"],"picked":"Singing Bowl","floor":18},{"not_picked":["Underhanded Strike","Flying Knee"],"picked":"Noxious Fumes","floor":20},{"not_picked":["Predator","Caltrops","Deadly Poison+1"],"picked":"Singing Bowl","floor":22},{"not_picked":["Cloak And Dagger+1","Skewer"],"picked":"Venomology","floor":23},{"not_picked":["Acrobatics","Cloak And Dagger","Backflip"],"picked":"Singing Bowl","floor":28},{"not_picked":["Phantasmal Killer","Glass Knife"],"picked":"Adrenaline","floor":33},{"not_picked":["Outmaneuver+1","Bouncing Flask"],"picked":"Leg Sweep","floor":34},{"not_picked":["Quick Slash+1","Deadly Poison+1"],"picked":"Prepared","floor":35},{"not_picked":["Sucker Punch+1","Outmaneuver"],"picked":"Setup+1","floor":39},{"not_picked":["Infinite Blades+1","Sucker Punch+1","Poisoned Stab"],"picked":"Singing Bowl","floor":41},{"not_picked":["Well Laid Plans+1","Deadly Poison","Night Terror"],"picked":"Singing Bowl","floor":42},{"not_picked":["Distraction+1","PiercingWail"],"picked":"Choke+1","floor":46}],"player_experience":2112097,"relics_obtained":[{"floor":9,"key":"Singing Bowl"},{"floor":23,"key":"Pen Nib"},{"floor":26,"key":"Tiny Chest"},{"floor":27,"key":"Paper Crane"},{"floor":41,"key":"Strawberry"},{"floor":43,"key":"StoneCalendar"},{"floor":43,"key":"Molten Egg 2"},{"floor":48,"key":"Oddly Smooth Stone"},{"floor":48,"key":"Lantern"}],"event_choices":[{"damage_healed":0,"gold_gain":0,"player_choice":"Lose Max HP","damage_taken":0,"relics_obtained":["Golden Idol"],"max_hp_gain":0,"max_hp_loss":5,"event_name":"Golden Idol","floor":5,"gold_loss":0},{"damage_healed":0,"gold_gain":75,"player_choice":"Gather Gold","damage_taken":11,"max_hp_gain":0,"max_hp_loss":0,"event_name":"World of Goop","floor":8,"gold_loss":0},{"damage_healed":0,"gold_gain":0,"player_choice":"Success","damage_taken":12,"relics_obtained":["Omamori"],"max_hp_gain":0,"max_hp_loss":0,"event_name":"Scrap Ooze","floor":10,"gold_loss":0},{"damage_healed":0,"gold_gain":0,"player_choice":"Opened","damage_taken":0,"relics_obtained":["Boot"],"max_hp_gain":0,"max_hp_loss":0,"event_name":"The Mausoleum","floor":19,"gold_loss":0},{"damage_healed":25,"gold_gain":0,"player_choice":"Heal","damage_taken":0,"max_hp_gain":0,"max_hp_loss":0,"event_name":"The Library","floor":29,"gold_loss":0},{"damage_healed":0,"gold_gain":0,"player_choice":"Simplicity","damage_taken":0,"max_hp_gain":0,"max_hp_loss":0,"event_name":"Back to Basics","floor":31,"gold_loss":0,"cards_upgraded":["Defend_G","Defend_G","Defend_G","Defend_G","Defend_G","Strike_G"]},{"damage_healed":0,"gold_gain":999,"player_choice":"Gold","damage_taken":0,"max_hp_gain":0,"max_hp_loss":0,"event_name":"MindBloom","floor":36,"gold_loss":0,"cards_obtained":["Normality","Normality"]},{"damage_healed":0,"gold_gain":0,"player_choice":"1 cards matched","damage_taken":0,"max_hp_gain":0,"max_hp_loss":0,"event_name":"Match and Keep!","floor":38,"gold_loss":0,"cards_obtained":["Neutralize"]},{"damage_healed":0,"gold_gain":0,"player_choice":"Embrace Madness","damage_taken":11,"max_hp_gain":0,"max_hp_loss":0,"event_name":"Winding Halls","floor":45,"gold_loss":0,"cards_obtained":["Madness","Madness"]}],"is_beta":false,"boss_relics":[{"not_picked":["Empty Cage","HoveringKite"],"picked":"Runic Pyramid"},{"not_picked":["Pandora\u0027s Box","Eternal Feather"],"picked":"Tiny House"}],"items_purged_floors":[7,21],"is_endless":false,"potions_floor_spawned":[2,4,14,16,28,35,39,46],"ascension_level":0}