{"gold_per_floor":[115,126,143,143,143,187,207,238,320,320,11,11,81,114,114,209,209,232,248,248,20,20,20,104,104,181,181,200,200,218,253,253,253],"floor_reached":33,"playtime":1696,"items_purged":["Shame"],"score":478,"play_id":"e25782fe-3ead-4983-b29f-426158e5bb49","local_time":"20190326120642","is_ascension_mode":true,"campfire_choices":[{"data":"White Noise","floor":10,"key":"SMITH"},{"floor":12,"key":"DIG"},{"floor":15,"key":"REST"},{"data":"Doubt","floor":23,"key":"PURGE"},{"data":"Parasite","floor":25,"key":"PURGE"},{"floor":27,"key":"REST"},{"floor":29,"key":"REST"},{"data":"Buffer","floor":32,"key":"SMITH"}],"neow_cost":"NONE","seed_source_timestamp":1171993361848694,"circlet_count":0,"master_deck":["AscendersBane","Strike_B+1","Strike_B+1","Strike_B+1","Defend_B+1","Defend_B+1","Defend_B+1","Defend_B+1","Zap","Dualcast","Skim","Capacitor","Rainbow","White Noise+1","Self Repair","Doom and Gloom","Ball Lightning","Barrage","Glacier","Echo Form","Reinforced Body","Capacitor","Seek","Glacier","Buffer+1"],"relics":["Cracked Core","Golden Idol","Meat on the Bone","WingedGreaves","Pear","Shovel","Boot","Question Card","Calling Bell","Blood Vial","Ornamental Fan","Peace Pipe","Nloth\u0027s Gift","Anchor","Tiny Chest","The Courier","Bag of Marbles"],"potions_floor_usage":[6,13,31,31],"damage_taken":[{"damage":12,"enemies":"2 Louse","floor":1,"turns":3},{"damage":12,"enemies":"Small Slimes","floor":2,"turns":3},{"damage":0,"enemies":"Cultist","floor":3,"turns":4},{"damage":14,"enemies":"3 Sentries","floor":6,"turns":6},{"damage":10,"enemies":"3 Louse","floor":7,"turns":5},{"damage":24,"enemies":"Lagavulin","floor":8,"turns":6},{"damage":0,"enemies":"Lagavulin Event","floor":13,"turns":5},{"damage":41,"enemies":"3 Sentries","floor":14,"turns":5},{"damage":38,"enemies":"Slime Boss","floor":16,"turns":8},{"damage":54,"enemies":"Shell Parasite","floor":18,"turns":6},{"damage":10,"enemies":"Chosen","floor":19,"turns":4},{"damage":45,"enemies":"Snake Plant","floor":28,"turns":6},{"damage":17,"enemies":"Centurion and Healer","floor":30,"turns":8},{"damage":29,"enemies":"Slavers","floor":31,"turns":5},{"damage":61,"enemies":"Automaton","floor":33,"turns":6}],"seed_played":"4439368106217417829","potions_obtained":[{"floor":2,"key":"Fire Potion"},{"floor":8,"key":"Block Potion"},{"floor":16,"key":"AttackPotion"},{"floor":30,"key":"Strength Potion"}],"is_trial":false,"path_per_floor":["M","M","M","?","?","E","M","E","T","R","$","R","?","E","R","B",null,"M","M","?","$","?","R","T","R","T","R","M","R","M","E","R","B"],"character_chosen":"DEFECT","items_purchased":["Shovel","Anchor"],"campfire_rested":3,"item_purchase_floors":[11,21],"current_hp_per_floor":[52,40,40,45,45,31,40,35,45,45,45,45,52,23,47,21,65,25,29,29,29,29,29,29,29,29,52,35,58,57,42,42,0],"gold":253,"neow_bonus":"TRANSFORM_CARD","is_prod":false,"is_daily":false,"chose_seed":false,"campfire_upgraded":2,"win_rate":0,"timestamp":1553616402,"path_taken":["M","M","M","?","?","E","M","E","T","R","$","R","?","E","R","BOSS","M","M","?","?","?","R","?","R","T","R","M","R","?","E","R","BOSS"],"build_version":"2019-01-23","purchased_purges":1,"victory":false,"max_hp_per_floor":[71,71,71,76,70,70,70,70,80,80,80,80,80,80,80,80,80,80,80,80,80,80,80,80,77,77,77,77,77,77,77,77,77],"card_choices":[{"not_picked":["Conserve Battery","Leap"],"picked":"Capacitor","floor":1},{"not_picked":["Barrage","Tempest"],"picked":"Rainbow","floor":2},{"not_picked":["Compile Driver","Turbo"],"picked":"White Noise","floor":3},{"not_picked":["Leap","Tempest"],"picked":"Self Repair","floor":6},{"not_picked":["Turbo","Reprogram"],"picked":"Doom and Gloom","floor":7},{"not_picked":["Rebound","Aggregate"],"picked":"Ball Lightning","floor":8},{"not_picked":["Redo","Rainbow"],"picked":"Barrage","floor":13},{"not_picked":["Darkness","Scrape"],"picked":"Glacier","floor":14},{"not_picked":["Amplify","Electrodynamics","Meteor Strike"],"picked":"Echo Form","floor":16},{"not_picked":["Streamline","Turbo","Compile Driver"],"picked":"Reinforced Body","floor":18},{"not_picked":["Cold Snap","Streamline","Redo"],"picked":"Capacitor","floor":19},{"not_picked":["Redo","Darkness","Fusion"],"picked":"Seek","floor":28},{"not_picked":["Beam Cell","Go for the Eyes","Stack"],"picked":"Glacier","floor":30},{"not_picked":["All For One","Gash","Hello World"],"picked":"Buffer","floor":31}],"player_experience":3250897,"relics_obtained":[{"floor":6,"key":"Meat on the Bone"},{"floor":8,"key":"WingedGreaves"},{"floor":9,"key":"Pear"},{"floor":12,"key":"Boot"},{"floor":13,"key":"Pen Nib"},{"floor":14,"key":"Question Card"},{"floor":17,"key":"Blood Vial"},{"floor":17,"key":"Ornamental Fan"},{"floor":17,"key":"Peace Pipe"},{"floor":24,"key":"Tiny Chest"},{"floor":26,"key":"The Courier"},{"floor":31,"key":"Bag of Marbles"}],"event_choices":[{"damage_healed":0,"gold_gain":0,"player_choice":"Donut","damage_taken":0,"max_hp_gain":5,"max_hp_loss":0,"event_name":"Big Fish","floor":4,"gold_loss":0},{"damage_healed":0,"gold_gain":0,"player_choice":"Lose Max HP","damage_taken":0,"relics_obtained":["Golden Idol"],"max_hp_gain":0,"max_hp_loss":6,"event_name":"Golden Idol","floor":5,"gold_loss":0},{"damage_healed":0,"gold_gain":0,"player_choice":"Searched \u00272\u0027 times","damage_taken":0,"max_hp_gain":0,"max_hp_loss":0,"event_name":"Dead Adventurer","floor":13,"gold_loss":0},{"damage_healed":0,"gold_gain":0,"player_choice":"Traded Relic","damage_taken":0,"relics_obtained":["Nloth\u0027s Gift"],"max_hp_gain":0,"max_hp_loss":0,"event_name":"N\u0027loth","floor":20,"relics_lost":["Pen Nib"],"gold_loss":0},{"damage_healed":0,"gold_gain":0,"player_choice":"Simplicity","damage_taken":0,"max_hp_gain":0,"max_hp_loss":0,"event_name":"Back to Basics","floor":22,"gold_loss":0,"cards_upgraded":["Strike_B","Strike_B","Strike_B","Defend_B","Defend_B","Defend_B","Defend_B"]}],"is_beta":false,"boss_relics":[{"not_picked":["White Beast Statue","Lizard Tail"],"picked":"Calling Bell"}],"items_purged_floors":[21],"is_endless":false,"potions_floor_spawned":[2,8,16,30],"killed_by":"Automaton","ascension_level":14}