{"gold_per_floor":[114,114,289,309,322,322,342,342,366,366,379,393,393,73,73,174,174,186,197,172,172,36,36,54,54,54,4,16,26,26,44,44,142,142,154,154,254,265,165,199,199,199,199,199,546,565,565,585,585,585],"floor_reached":51,"playtime":3497,"items_purged":["Doubt","Well Laid Plans"],"score":692,"play_id":"ea9901c1-ae6c-4f67-9e8d-a18803a7766a","local_time":"20190419000949","is_ascension_mode":false,"campfire_choices":[{"data":"Cloak And Dagger","floor":6,"key":"SMITH"},{"data":"Neutralize","floor":8,"key":"SMITH"},{"data":"Riddle With Holes","floor":10,"key":"SMITH"},{"data":"Apotheosis","floor":15,"key":"SMITH"},{"data":"Blade Dance","floor":23,"key":"SMITH"},{"data":"Footwork","floor":30,"key":"SMITH"},{"floor":32,"key":"REST"},{"data":"Noxious Fumes","floor":42,"key":"SMITH"},{"floor":44,"key":"REST"},{"floor":47,"key":"REST"},{"floor":49,"key":"REST"}],"neow_cost":"NONE","seed_source_timestamp":792318624863160,"circlet_count":0,"master_deck":["Survivor","Neutralize+1","Sucker Punch","Riddle With Holes+1","Cloak And Dagger+1","Flying Knee","Backflip","Cloak And Dagger+1","Cloak And Dagger","Apotheosis+1","Night Terror","Well Laid Plans","Venomology","Tools of the Trade","Dash","Well Laid Plans","Outmaneuver","Flechettes","Footwork+1","Envenom","Noxious Fumes+1","PiercingWail","Blade Dance+1","Infinite Blades","Backflip","Accuracy","Corpse Explosion","Burst","Envenom","Catalyst+1","Prepared+1","Calculated Gamble+1","Parasite","Backflip+1"],"relics":["Ring of the Snake","Bag of Preparation","Pandora\u0027s Box","Sundial","Runic Pyramid","Nunchaku","Potion Belt","Toxic Egg 2","Bottled Lightning","Old Coin"],"potions_floor_usage":[16,19,19,24,28,29,31,33,33,33,33,35,37,40,40,40,45,45,45,48,50,50,50,50,50],"damage_taken":[{"damage":0,"enemies":"Jaw Worm","floor":1,"turns":6},{"damage":0,"enemies":"2 Louse","floor":4,"turns":3},{"damage":0,"enemies":"Small Slimes","floor":5,"turns":3},{"damage":0,"enemies":"Exordium Wildlife","floor":7,"turns":5},{"damage":3,"enemies":"Blue Slaver","floor":11,"turns":2},{"damage":4,"enemies":"Large Slime","floor":12,"turns":6},{"damage":20,"enemies":"The Guardian","floor":16,"turns":13},{"damage":12,"enemies":"Spheric Guardian","floor":18,"turns":5},{"damage":0,"enemies":"Shell Parasite","floor":19,"turns":4},{"damage":3,"enemies":"Shelled Parasite and Fungi","floor":24,"turns":5},{"damage":4,"enemies":"Centurion and Healer","floor":28,"turns":5},{"damage":10,"enemies":"Sentry and Sphere","floor":29,"turns":3},{"damage":22,"enemies":"Snake Plant","floor":31,"turns":5},{"damage":29,"enemies":"Champ","floor":33,"turns":9},{"damage":3,"enemies":"3 Shapes","floor":35,"turns":4},{"damage":0,"enemies":"Mind Bloom Boss Battle","floor":37,"turns":5},{"damage":23,"enemies":"Orb Walker","floor":38,"turns":5},{"damage":9,"enemies":"Nemesis","floor":40,"turns":7},{"damage":45,"enemies":"2 Orb Walkers","floor":45,"turns":5},{"damage":21,"enemies":"Writhing Mass","floor":46,"turns":7},{"damage":2,"enemies":"Jaw Worm Horde","floor":48,"turns":3},{"damage":20,"enemies":"Donu and Deca","floor":50,"turns":6}],"seed_played":"6561638898427165517","potions_obtained":[{"floor":4,"key":"Dexterity Potion"},{"floor":5,"key":"Fire Potion"},{"floor":7,"key":"Poison Potion"},{"floor":12,"key":"FearPotion"},{"floor":19,"key":"FearPotion"},{"floor":31,"key":"Weak Potion"},{"floor":33,"key":"Poison Potion"},{"floor":35,"key":"Dexterity Potion"},{"floor":40,"key":"AttackPotion"}],"is_trial":false,"path_per_floor":["M","?","?","M","M","R","M","R","T","R","M","M","?","$","R","B",null,"M","M","$","?","$","R","M","?","T","$","M","M","R","M","R","B",null,"M","?","?","M","$","E","T","R","T","R","?","M","R","M","R","B",null],"character_chosen":"THE_SILENT","items_purchased":["Well Laid Plans","Apotheosis","PiercingWail","Blade Dance","Infinite Blades","Backflip","Strength Potion"],"campfire_rested":4,"item_purchase_floors":[14,14,20,22,22,22,27],"current_hp_per_floor":[70,75,75,75,75,75,75,75,75,75,72,68,68,68,68,48,75,63,63,63,63,63,63,60,60,60,60,56,46,46,24,46,32,75,72,72,72,49,49,55,55,55,55,75,30,9,31,29,51,31],"gold":585,"neow_bonus":"THREE_CARDS","is_prod":false,"is_daily":false,"chose_seed":false,"campfire_upgraded":7,"win_rate":0,"timestamp":1555646989,"path_taken":["M","?","?","M","M","R","M","R","T","R","M","M","?","$","R","BOSS","M","M","$","?","$","R","M","?","T","$","M","M","R","M","R","BOSS","M","?","?","M","$","E","?","R","T","R","?","?","R","M","R","BOSS"],"build_version":"2019-01-23","purchased_purges":2,"victory":true,"max_hp_per_floor":[70,75,75,75,75,75,75,75,75,75,75,75,75,75,75,75,75,75,75,75,75,75,75,75,75,75,75,75,75,75,75,75,75,75,75,75,75,75,75,75,75,75,75,75,75,75,75,75,75,75],"card_choices":[{"not_picked":["PiercingWail","Leg Sweep"],"picked":"Sucker Punch","floor":0},{"not_picked":["Slice","Skewer"],"picked":"Riddle With Holes","floor":1},{"not_picked":["Leg Sweep","Dodge and Roll"],"picked":"Cloak And Dagger","floor":4},{"not_picked":["Catalyst","Bullet Time"],"picked":"Flying Knee","floor":5},{"not_picked":["Sucker Punch","Poisoned Stab"],"picked":"Backflip","floor":7},{"not_picked":["Outmaneuver","Leg Sweep"],"picked":"Cloak And Dagger","floor":11},{"not_picked":["Caltrops","Blur"],"picked":"Cloak And Dagger","floor":12},{"not_picked":["Doppelganger","Die Die Die"],"picked":"Night Terror","floor":16},{"not_picked":["Sucker Punch","Terror","Underhanded Strike"],"picked":"SKIP","floor":18},{"not_picked":["Poisoned Stab","Backflip"],"picked":"Noxious Fumes","floor":19},{"not_picked":["PiercingWail","Quick Slash"],"picked":"Accuracy","floor":24},{"not_picked":["Underhanded Strike+1","Dagger Throw","Cloak And Dagger"],"picked":"SKIP","floor":28},{"not_picked":["Concentrate","Backflip","Dagger Spray"],"picked":"SKIP","floor":29},{"not_picked":["PiercingWail","Flechettes+1"],"picked":"Burst","floor":31},{"not_picked":["Phantasmal Killer","Burst"],"picked":"Envenom","floor":33},{"not_picked":["Slice","Dagger Spray+1","Flying Knee+1"],"picked":"SKIP","floor":35},{"not_picked":["Bane","Acrobatics+1"],"picked":"Catalyst+1","floor":38},{"not_picked":["Unload","Deadly Poison"],"picked":"Prepared+1","floor":40},{"not_picked":["Sucker Punch","Leg Sweep+1"],"picked":"Calculated Gamble+1","floor":45},{"not_picked":["Underhanded Strike+1","Distraction+1"],"picked":"Backflip+1","floor":46},{"not_picked":["Accuracy","Heel Hook+1","Skewer+1"],"picked":"SKIP","floor":48}],"player_experience":3404591,"relics_obtained":[{"floor":9,"key":"Bag of Preparation"},{"floor":26,"key":"Sundial"},{"floor":37,"key":"Nunchaku"},{"floor":40,"key":"Potion Belt"},{"floor":41,"key":"Toxic Egg 2"},{"floor":43,"key":"Bottled Lightning"},{"floor":45,"key":"Old Coin"}],"event_choices":[{"damage_healed":0,"gold_gain":0,"player_choice":"Donut","damage_taken":0,"max_hp_gain":5,"max_hp_loss":0,"event_name":"Big Fish","floor":2,"gold_loss":0},{"damage_healed":0,"gold_gain":175,"player_choice":"AGREE","damage_taken":0,"max_hp_gain":0,"max_hp_loss":0,"event_name":"Liars Game","floor":3,"gold_loss":0,"cards_obtained":["Doubt"]},{"damage_healed":0,"gold_gain":0,"player_choice":"Grow","damage_taken":0,"max_hp_gain":0,"max_hp_loss":0,"event_name":"Living Wall","floor":13,"gold_loss":0,"cards_upgraded":["Cloak And Dagger"]},{"damage_healed":0,"gold_gain":0,"player_choice":"Ignored","damage_taken":0,"max_hp_gain":0,"max_hp_loss":0,"event_name":"Beggar","floor":21,"gold_loss":0},{"damage_healed":0,"gold_gain":0,"player_choice":"Read","damage_taken":0,"max_hp_gain":0,"max_hp_loss":0,"event_name":"The Library","floor":25,"gold_loss":0,"cards_obtained":["Corpse Explosion"]},{"cards_removed":["Envenom"],"damage_healed":0,"gold_gain":0,"player_choice":"Removed Power","damage_taken":0,"max_hp_gain":0,"max_hp_loss":0,"event_name":"Falling","floor":36,"gold_loss":0},{"damage_healed":0,"gold_gain":0,"player_choice":"Fight","damage_taken":0,"max_hp_gain":0,"max_hp_loss":0,"event_name":"MindBloom","floor":37,"gold_loss":0},{"damage_healed":0,"gold_gain":0,"player_choice":"Fight","damage_taken":0,"max_hp_gain":0,"max_hp_loss":0,"event_name":"Mysterious Sphere","floor":45,"gold_loss":0}],"is_beta":false,"boss_relics":[{"not_picked":["Coffee Dripper","Runic Dome"],"picked":"Pandora\u0027s Box"},{"not_picked":["Lizard Tail","Astrolabe"],"picked":"Runic Pyramid"}],"items_purged_floors":[14,39],"is_endless":false,"potions_floor_spawned":[4,5,7,12,19,31,33,35,40],"ascension_level":0}