{"gold_per_floor":[116,135,135,235,71,71,91,122,122,122,151,170,170,21,21,21],"floor_reached":16,"playtime":1865,"items_purged":["Strike_B","Strike_B"],"score":108,"play_id":"a4447405-8944-4861-8835-ec40118663c0","local_time":"20190718083140","is_ascension_mode":false,"campfire_choices":[{"data":"Sweeping Beam","floor":6,"key":"SMITH"},{"floor":13,"key":"REST"},{"floor":15,"key":"REST"}],"neow_cost":"NONE","seed_source_timestamp":380537571641357,"circlet_count":0,"master_deck":["Strike_B","Defend_B","Defend_B","Defend_B","Defend_B","Zap","Dualcast","Stack","Self Repair","Sweeping Beam+1","Skim","Leap","Conserve Battery","BootSequence","Redo","Conserve Battery"],"relics":["Cracked Core","Ornamental Fan","Darkstone Periapt","Dodecahedron"],"potions_floor_usage":[],"damage_taken":[{"damage":2,"enemies":"Small Slimes","floor":1,"turns":3},{"damage":1,"enemies":"Jaw Worm","floor":2,"turns":3},{"damage":1,"enemies":"Cultist","floor":7,"turns":3},{"damage":37,"enemies":"Lagavulin","floor":8,"turns":8},{"damage":36,"enemies":"3 Sentries","floor":11,"turns":10},{"damage":11,"enemies":"Large Slime","floor":12,"turns":7},{"damage":82,"enemies":"Hexaghost","floor":16,"turns":15}],"seed_played":"-3637954119530001432","potions_obtained":[{"floor":1,"key":"SteroidPotion"},{"floor":7,"key":"SteroidPotion"},{"floor":8,"key":"Ancient Potion"}],"is_trial":false,"path_per_floor":["M","M","?","?","$","R","M","E","T","?","E","M","R","$","R","B"],"character_chosen":"DEFECT","items_purchased":["Sweeping Beam","Skim","Conserve Battery"],"campfire_rested":2,"item_purchase_floors":[5,5,14],"current_hp_per_floor":[80,79,84,84,84,84,87,57,57,57,28,24,50,50,76,0],"gold":21,"neow_bonus":"TEN_PERCENT_HP_BONUS","is_prod":false,"is_daily":false,"chose_seed":false,"campfire_upgraded":1,"win_rate":0.0,"timestamp":1563456700,"path_taken":["M","M","?","?","$","R","?","E","T","?","E","M","R","?","R","BOSS"],"build_version":"2019-07-05","purchased_purges":2,"victory":false,"max_hp_per_floor":[82,82,87,87,87,87,87,87,87,87,87,87,87,87,87,87],"card_choices":[{"not_picked":["Chaos","Beam Cell"],"picked":"Stack","floor":1},{"not_picked":["Cold Snap","Stack"],"picked":"Self Repair","floor":2},{"not_picked":["Hologram","Coolheaded"],"picked":"Leap","floor":7},{"not_picked":["Creative AI","Coolheaded"],"picked":"Conserve Battery","floor":8},{"not_picked":["Scrape","Self Repair"],"picked":"BootSequence","floor":11},{"not_picked":["Streamline","Hello World"],"picked":"Redo","floor":12}],"player_experience":144122,"relics_obtained":[{"floor":8,"key":"Ornamental Fan"},{"floor":9,"key":"Darkstone Periapt"},{"floor":11,"key":"Dodecahedron"}],"event_choices":[{"damage_healed":0,"gold_gain":0,"player_choice":"Donut","damage_taken":0,"max_hp_gain":5,"max_hp_loss":0,"event_name":"Big Fish","floor":3,"gold_loss":0},{"damage_healed":0,"gold_gain":100,"player_choice":"Pray","damage_taken":0,"max_hp_gain":0,"max_hp_loss":0,"event_name":"Golden Shrine","floor":4,"gold_loss":0},{"cards_removed":["Strike_B"],"damage_healed":0,"gold_gain":0,"player_choice":"Offered Basic","damage_taken":0,"max_hp_gain":0,"max_hp_loss":0,"event_name":"Bonfire Elementals","floor":10,"gold_loss":0}],"is_beta":false,"boss_relics":[],"items_purged_floors":[5,14],"is_endless":false,"potions_floor_spawned":[1,7,8],"killed_by":"Hexaghost","ascension_level":0}