{"gold_per_floor":[359,99,119,130,141,176,126,156,156,156,156,189,149,179,179,278,278,278,278,278,236,236,236,236,236,236,236,236,236,236,236,236,236,236,236,236,236,2,2,2,2,2,2,2,2,2,2,2,2,2],"floor_reached":51,"playtime":6840,"items_purged":["Writhe","Strike_B"],"score":1096,"play_id":"3d28bea1-fe66-4cd3-873f-f6b9e8a83893","local_time":"20190721095307","is_ascension_mode":true,"campfire_choices":[{"floor":11.0,"key":"REST"},{"data":"1","floor":15.0,"key":"LIFT"},{"data":"2","floor":24.0,"key":"LIFT"},{"data":"3","floor":25.0,"key":"LIFT"},{"floor":27.0,"key":"REST"},{"floor":32.0,"key":"REST"},{"data":"Buffer","floor":40,"key":"SMITH"},{"data":"Barrage","floor":42,"key":"SMITH"},{"data":"Chill","floor":44,"key":"SMITH"},{"floor":49,"key":"REST"}],"neow_cost":"CURSE","seed_source_timestamp":0,"circlet_count":0,"master_deck":["AscendersBane","Strike_B","Defend_B","Defend_B","Defend_B","Defend_B","Zap","Dualcast","Static Discharge","Chill+1","Go for the Eyes","Compile Driver","FTL","BootSequence","Barrage+1","Cold Snap","Buffer+1","Echo Form","Capacitor+1","Coolheaded","BootSequence","RitualDagger","Biased Cognition","Coolheaded+1","Steam+1","Darkness"],"special_seed":0,"relics":["Cracked Core","Art of War","Oddly Smooth Stone","Gremlin Horn","Singing Bowl","Calipers","The Courier","Girya","Ectoplasm","WingedGreaves","Darkstone Periapt","Lantern","Lizard Tail","Runic Capacitor","Dodecahedron","Ornamental Fan","Mummified Hand"],"potions_floor_usage":[50],"damage_taken":[{"damage":0.0,"enemies":"2 Louse","floor":1.0,"turns":3.0},{"damage":5.0,"enemies":"Jaw Worm","floor":3.0,"turns":3.0},{"damage":0.0,"enemies":"Cultist","floor":4.0,"turns":4.0},{"damage":18.0,"enemies":"Exordium Thugs","floor":5.0,"turns":4.0},{"damage":10.0,"enemies":"Gremlin Nob","floor":6.0,"turns":3.0},{"damage":7.0,"enemies":"3 Sentries","floor":8.0,"turns":9.0},{"damage":19.0,"enemies":"Lagavulin","floor":12.0,"turns":7.0},{"damage":0.0,"enemies":"3 Sentries","floor":14.0,"turns":6.0},{"damage":14.0,"enemies":"Slime Boss","floor":16.0,"turns":8.0},{"damage":3.0,"enemies":"Chosen","floor":18.0,"turns":5.0},{"damage":12.0,"enemies":"Spheric Guardian","floor":19.0,"turns":4.0},{"damage":22.0,"enemies":"Gremlin Leader","floor":23.0,"turns":7.0},{"damage":39.0,"enemies":"Book of Stabbing","floor":28.0,"turns":5.0},{"damage":0.0,"enemies":"Cultist and Chosen","floor":29.0,"turns":6.0},{"damage":7.0,"enemies":"Centurion and Healer","floor":30.0,"turns":6.0},{"damage":4.0,"enemies":"Champ","floor":33.0,"turns":10.0},{"damage":11,"enemies":"Orb Walker","floor":35,"turns":4},{"damage":3,"enemies":"3 Shapes","floor":39,"turns":8},{"damage":62,"enemies":"Reptomancer","floor":41,"turns":7},{"damage":16,"enemies":"Transient","floor":47,"turns":5},{"damage":9,"enemies":"Spire Growth","floor":48,"turns":5},{"damage":27,"enemies":"Donu and Deca","floor":50,"turns":8}],"seed_played":"-1769914904933648942","potions_obtained":[{"floor":1.0,"key":"Regen Potion"},{"floor":4.0,"key":"SteroidPotion"},{"floor":5.0,"key":"Explosive Potion"},{"floor":13.0,"key":"EssenceOfSteel"},{"floor":13.0,"key":"AttackPotion"},{"floor":13.0,"key":"Strength Potion"},{"floor":14.0,"key":"SteroidPotion"},{"floor":16.0,"key":"SkillPotion"},{"floor":19.0,"key":"SteroidPotion"},{"floor":23.0,"key":"GamblersBrew"},{"floor":29.0,"key":"Swift Potion"},{"floor":41,"key":"Energy Potion"},{"floor":48,"key":"Dexterity Potion"}],"is_trial":false,"path_per_floor":["M","$","M","M","M","E","?","E","T","T","R","E","?","E","R","B",null,"M","M","?","$","?","E","R","R","T","R","E","M","M","?","R","B",null,"M","?","?","$","M","R","E","R","T","R","$","?","M","M","R","B",null],"character_chosen":"DEFECT","items_purchased":["Chill","Art of War","Coolheaded","Runic Capacitor"],"campfire_rested":4,"item_purchase_floors":[2,2,21,38],"current_hp_per_floor":[68,68,63,63,45,44,44,37,37,37,59,40,40,40,40,26,63,60,50,50,50,50,30,30,30,30,53,16,18,13,7,32,28,71,62,62,64,64,61,61,46,46,46,46,46,46,30,21,48,21],"gold":2,"neow_bonus":"TWO_FIFTY_GOLD","is_prod":false,"is_daily":false,"chose_seed":false,"campfire_upgraded":3,"win_rate":0,"timestamp":1563727987,"path_taken":["M","$","M","M","M","E","?","E","T","?","R","E","?","E","R","BOSS","M","M","?","?","?","E","R","R","T","R","E","?","M","?","R","BOSS","M","?","?","?","M","R","E","R","T","R","$","?","M","?","R","BOSS"],"build_version":"2019-07-17","purchased_purges":2,"victory":true,"max_hp_per_floor":[75,75,75,75,75,75,75,75,75,75,75,75,75,75,75,75,75,75,77,77,77,77,79,79,79,79,79,81,83,85,85,85,85,85,87,87,89,89,89,89,91,91,91,91,91,91,91,91,91,91],"card_choices":[{"not_picked":["Compile Driver","Sweeping Beam"],"picked":"Static Discharge","floor":1.0},{"not_picked":["Reprogram","Heatsinks"],"picked":"Go for the Eyes","floor":3.0},{"not_picked":["Streamline","Conserve Battery"],"picked":"Compile Driver","floor":4.0},{"not_picked":["Cold Snap","Multi-Cast"],"picked":"FTL","floor":5.0},{"not_picked":["Streamline","Cold Snap"],"picked":"BootSequence","floor":6.0},{"not_picked":["Stack","Melter"],"picked":"Barrage","floor":8.0},{"not_picked":["Sweeping Beam","Rebound"],"picked":"Cold Snap","floor":12.0},{"not_picked":["Steam","Thunder Strike"],"picked":"Buffer","floor":14.0},{"not_picked":["Meteor Strike","Amplify"],"picked":"Echo Form","floor":16.0},{"not_picked":["Hologram","Turbo+1"],"picked":"Capacitor+1","floor":18.0},{"not_picked":["Go for the Eyes","Tempest","Gash+1"],"picked":"Singing Bowl","floor":19.0},{"not_picked":["Sweeping Beam","Reboot","Rip and Tear"],"picked":"Singing Bowl","floor":23.0},{"not_picked":["Capacitor+1","Cold Snap","Streamline"],"picked":"Singing Bowl","floor":28.0},{"not_picked":["Sweeping Beam","Heatsinks","Lockon"],"picked":"Singing Bowl","floor":29.0},{"not_picked":["Streamline","Ball Lightning","Sweeping Beam"],"picked":"Singing Bowl","floor":30.0},{"not_picked":["Meteor Strike","Multi-Cast"],"picked":"Biased Cognition","floor":33.0},{"not_picked":["Compile Driver+1","Streamline+1","Genetic Algorithm+1"],"picked":"Singing Bowl","floor":35},{"not_picked":["Magnetism","Dramatic Entrance","PanicButton"],"picked":"Singing Bowl","floor":37},{"not_picked":["Streamline+1","Leap"],"picked":"Coolheaded+1","floor":39},{"not_picked":["Static Discharge","Go for the Eyes","Stack+1"],"picked":"Singing Bowl","floor":41},{"not_picked":["Turbo","Heatsinks"],"picked":"Steam+1","floor":47},{"not_picked":["Cold Snap+1","Genetic Algorithm+1"],"picked":"Darkness","floor":48}],"player_experience":363923,"relics_obtained":[{"floor":6.0,"key":"Oddly Smooth Stone"},{"floor":8.0,"key":"Gremlin Horn"},{"floor":9.0,"key":"Singing Bowl"},{"floor":10.0,"key":"Calipers"},{"floor":12.0,"key":"The Courier"},{"floor":14.0,"key":"Girya"},{"floor":23.0,"key":"WingedGreaves"},{"floor":26.0,"key":"Darkstone Periapt"},{"floor":28.0,"key":"Lantern"},{"floor":41,"key":"Dodecahedron"},{"floor":43,"key":"Ornamental Fan"}],"event_choices":[{"cards_removed":["Strike_B"],"damage_healed":0.0,"max_hp_gain":0.0,"max_hp_loss":0.0,"gold_gain":0.0,"event_name":"The Cleric","player_choice":"Card Removal","floor":7.0,"gold_loss":50.0,"damage_taken":0.0},{"damage_healed":0.0,"max_hp_gain":0.0,"max_hp_loss":0.0,"gold_gain":0.0,"event_name":"The Woman in Blue","player_choice":"Bought 3 Potions","floor":13.0,"gold_loss":0.0,"damage_taken":0.0},{"damage_healed":0.0,"max_hp_gain":0.0,"max_hp_loss":0.0,"gold_gain":0.0,"event_name":"FaceTrader","player_choice":"Leave","floor":20.0,"gold_loss":0.0,"damage_taken":0.0},{"damage_healed":0.0,"max_hp_gain":0.0,"max_hp_loss":0.0,"gold_gain":0.0,"cards_transformed":["Strike_B"],"event_name":"Transmorgrifier","player_choice":"Transformed","floor":22.0,"gold_loss":0.0,"damage_taken":0.0,"cards_obtained":["BootSequence"]},{"damage_healed":0.0,"max_hp_gain":0.0,"max_hp_loss":0.0,"gold_gain":0.0,"event_name":"Nest","player_choice":"Joined the Cult","floor":31.0,"gold_loss":0.0,"damage_taken":6.0,"cards_obtained":["RitualDagger"]},{"damage_healed":0,"gold_gain":0,"player_choice":"Ignored","damage_taken":0,"max_hp_gain":0,"max_hp_loss":0,"event_name":"Tomb of Lord Red Mask","floor":36,"gold_loss":0},{"damage_healed":0,"gold_gain":0,"player_choice":"Memory 1","damage_taken":0,"max_hp_gain":0,"max_hp_loss":0,"event_name":"SensoryStone","floor":37,"gold_loss":0},{"damage_healed":0,"gold_gain":0,"player_choice":"Gave Potion","damage_taken":0,"relics_obtained":["Mummified Hand"],"max_hp_gain":0,"max_hp_loss":0,"event_name":"WeMeetAgain","floor":46,"gold_loss":0}],"is_beta":false,"boss_relics":[{"not_picked":["Inserter","Fusion Hammer"],"picked":"Ectoplasm"},{"not_picked":["White Beast Statue","Tiny House"],"picked":"Lizard Tail"}],"items_purged_floors":[2,38],"is_endless":false,"potions_floor_spawned":[1,4,5,14,16,19,23,29,41,48],"ascension_level":10}