{"path_per_floor":["M","?","M","?","T","R","?","R","T","M","$","M","R","M","R","B",null,"M","?","?","M","T","R","M","M","T","R","M","$","M","M","R"],"character_chosen":"THE_SILENT","items_purchased":["Blood Vial","Noxious Fumes","Pantograph"],"gold_per_floor":[109,109,122,197,197,197,197,197,224,243,14,30,30,47,47,146,146,161,161,161,177,254,254,268,286,286,286,299,48,68,85,85],"floor_reached":33,"campfire_rested":3,"playtime":3027,"current_hp_per_floor":[63,68,68,57,57,57,57,57,57,48,48,64,64,57,57,44,65,43,30,14,10,10,33,31,15,15,38,19,19,7,3,26],"items_purged":[],"gold":85,"score":359,"play_id":"76af5088-56e4-43bd-abdb-fe0355b6385c","is_prod":false,"is_daily":false,"is_ascension_mode":true,"campfire_upgraded":4,"path_taken":["M","?","M","?","?","R","?","R","T","?","$","M","R","M","R","BOSS","M","?","?","M","?","R","M","M","T","R","?","$","M","?","R","BOSS"],"build_version":"2018-02-08-PROD1","purchased_purges":0,"victory":false,"master_deck":["Defend_G","Defend_G","Defend_G","Defend_G","Defend_G","Strike_G","Strike_G","Strike_G","Strike_G","Strike_G","Survivor","Neutralize+1","Die Die Die","Deadly Poison+1","Acrobatics","Noxious Fumes+1","Burst+1","Bullet Time","Terror+1","Dash+1","Backflip","Well Laid Plans","Venomology"],"max_hp_per_floor":[70,75,75,75,75,75,72,72,72,72,72,72,72,72,72,72,72,72,77,77,77,77,77,77,77,77,77,77,77,77,77,77],"relics":["Ring of the Snake","Matryoshka","Snake Skull","Vajra","Blood Vial","The Specimen","Nilry\u0027s Codex","Art of War","Molten Egg 2","Ancient Tea Set","Pantograph"],"card_choices":[{"not_picked":["Bane","Underhanded Strike"],"picked":"Deadly Poison"},{"not_picked":["Dagger Spray","PiercingWail"],"picked":"Acrobatics"},{"not_picked":["Catalyst","Deadly Poison"],"picked":"Burst"},{"not_picked":["A Thousand Cuts","Tools of the Trade"],"picked":"Bullet Time"},{"not_picked":["Bane","Deflect"],"picked":"Terror"},{"not_picked":["Poisoned Stab","Setup"],"picked":"Dash"},{"not_picked":["Crippling Poison","Flying Knee"],"picked":"Backflip"},{"not_picked":["Sucker Punch","Escape Plan"],"picked":"Well Laid Plans"},{"not_picked":["Escape Plan","Deflect"],"picked":"Venomology"}],"player_experience":688162,"potions_floor_usage":[12,16,16,30,33,33,33,33],"damage_taken":[{"damage":0,"enemies":"Cultist","floor":1,"turns":5},{"damage":0,"enemies":"2 Louse","floor":3,"turns":1},{"damage":9,"enemies":"Jaw Worm","floor":10,"turns":4},{"damage":1,"enemies":"Large Slime","floor":12,"turns":6},{"damage":9,"enemies":"Looter","floor":14,"turns":3},{"damage":15,"enemies":"Hexaghost","floor":16,"turns":7},{"damage":24,"enemies":"3 Byrds","floor":18,"turns":4},{"damage":6,"enemies":"Shell Parasite","floor":21,"turns":7},{"damage":4,"enemies":"Centurion and Healer","floor":24,"turns":7},{"damage":18,"enemies":"Snecko","floor":25,"turns":6},{"damage":21,"enemies":"3 Cultists","floor":28,"turns":6},{"damage":14,"enemies":"Centurion and Healer","floor":30,"turns":6},{"damage":6,"enemies":"Snecko","floor":31,"turns":5},{"damage":72,"enemies":"Collector","floor":33,"turns":5}],"event_choices":[{"event_name":"Big Fish","player_choice":"Donut","floor":2,"damage_taken":0},{"event_name":"World of Goop","player_choice":"Gather Gold","floor":4,"damage_taken":0},{"event_name":"Purifier","player_choice":"One Purge","floor":7,"damage_taken":0},{"event_name":"Forgotten Altar","player_choice":"Shed Blood","floor":19,"damage_taken":0},{"event_name":"Cursed Tome","player_choice":"Obtained Book","floor":20,"damage_taken":0}],"boss_relics":[{"not_picked":["Eternal Feather","Runic Pyramid"],"picked":"The Specimen"}],"potions_floor_spawned":[3,10,12,18,28],"seed_played":"-6806160062651355717","killed_by":"Collector","ascension_level":10,"is_trial":false}