{"path_per_floor":["M","$","?","?","M","E","?","E","T","$","?","R","M","M","R","B",null,"M","M","M","?","$","R","E","M","T","M","?","R","M","M","R","B",null,"M","?","M","M","M","R"],"character_chosen":"THE_SILENT","items_purchased":["Footwork","PiercingWail","Acrobatics","Blood Vial"],"gold_per_floor":[112,11,11,11,24,57,57,82,82,60,135,135,154,169,169,266,266,279,297,311,311,93,93,120,138,188,207,207,207,224,236,536,631,631,643,643,654,668,678,678],"floor_reached":41,"campfire_rested":0,"playtime":6292,"current_hp_per_floor":[70,70,70,70,70,70,70,67,67,67,56,56,56,52,52,49,70,70,45,45,68,68,78,72,76,76,74,74,74,79,80,80,79,80,80,70,64,80,67,67],"items_purged":["Strike_G"],"gold":678,"play_id":"a5228b57-120c-40d6-9314-75bfe657946c","is_prod":false,"is_daily":false,"is_ascension_mode":true,"campfire_upgraded":0,"path_taken":["M","$","?","?","M","E","?","E","T","$","?","R","M","M","R","BOSS","M","?","?","?","?","R","E","M","T","?","?","R","M","M","R","BOSS","M","?","M","?","M","R","E"],"build_version":"2018-01-25-PROD3","purchased_purges":1,"victory":false,"master_deck":["Defend_G","Defend_G","Defend_G","Defend_G","Strike_G","Strike_G","Survivor","Neutralize","Footwork","PiercingWail","Flying Knee","Backflip","After Image","Footwork","Noxious Fumes+1","Acrobatics","Slice+1","Blur","Blur+1","Burst","Dodge and Roll+1","Madness","Madness","Bane+1","Backflip+1","Bouncing Flask+1"],"max_hp_per_floor":[70,70,70,70,70,70,70,70,70,70,70,70,70,70,70,70,70,70,70,70,70,70,80,80,80,80,80,80,80,80,80,80,80,80,80,80,80,80,80,80],"relics":["Ring of the Snake","NeowsBlessing","Toolbox","Happy Flower","Shovel","Ninja Scroll","Dodecahedron","White Beast Statue","Blood Vial","Pear","Bird Faced Urn","Bag of Marbles","Frozen Egg","Old Coin","Black Star","Pen Nib"],"card_choices":[{"not_picked":["Infinite Blades","Acrobatics"],"picked":"Backflip"},{"not_picked":["Skewer","Dash"],"picked":"After Image"},{"not_picked":["Well Laid Plans","Caltrops"],"picked":"Noxious Fumes"},{"not_picked":["Dagger Spray","Underhanded Strike"],"picked":"Slice"},{"not_picked":["Outmaneuver","Dagger Throw"],"picked":"Blur"},{"not_picked":["Sucker Punch","Acrobatics"],"picked":"Blur"},{"not_picked":["Unload","Bullet Time"],"picked":"Burst"},{"not_picked":["Dagger Spray","Deadly Poison"],"picked":"Dodge and Roll"},{"not_picked":["Dagger Spray","Underhanded Strike"],"picked":"Bane"},{"not_picked":["Dodge and Roll","Heel Hook"],"picked":"Backflip"},{"not_picked":["Flying Knee","Masterful Stab"],"picked":"Bouncing Flask"}],"player_experience":419170,"potions_floor_usage":[8,8,16,20,20,24,25,27,33,33,35,37,38,39,41],"damage_taken":[{"damage":0,"enemies":"Small Slimes","floor":1,"turns":1},{"damage":0,"enemies":"Blue Slaver","floor":5,"turns":1},{"damage":0,"enemies":"Gremlin Nob","floor":6,"turns":1},{"damage":3,"enemies":"3 Sentries","floor":8,"turns":15},{"damage":0,"enemies":"2 Louse","floor":13,"turns":3},{"damage":4,"enemies":"Looter","floor":14,"turns":3},{"damage":3,"enemies":"Hexaghost","floor":16,"turns":12},{"damage":0,"enemies":"Spheric Guardian","floor":18,"turns":6},{"damage":25,"enemies":"Chosen","floor":19,"turns":8},{"damage":0,"enemies":"Centurion and Healer","floor":20,"turns":9},{"damage":8,"enemies":"Book of Stabbing","floor":24,"turns":9},{"damage":16,"enemies":"Sentry and Sphere","floor":25,"turns":12},{"damage":10,"enemies":"Snake Plant","floor":27,"turns":5},{"damage":5,"enemies":"Centurion and Healer","floor":30,"turns":9},{"damage":0,"enemies":"Snecko","floor":31,"turns":8},{"damage":1,"enemies":"Automaton","floor":33,"turns":15},{"damage":0,"enemies":"3 Shapes","floor":35,"turns":6},{"damage":16,"enemies":"3 Darklings","floor":37,"turns":9},{"damage":5,"enemies":"Maw","floor":38,"turns":12},{"damage":19,"enemies":"4 Shapes","floor":39,"turns":6},{"damage":91,"enemies":"2 Orb Walkers","floor":41,"turns":5}],"event_choices":[{"event_name":"Bonfire Elementals","player_choice":"BASIC","floor":3,"damage_taken":0},{"event_name":"Living Wall","player_choice":"Change","floor":4,"damage_taken":0},{"event_name":"Transmorgrifier","player_choice":"Transform","floor":7,"damage_taken":0},{"event_name":"World of Goop","player_choice":"Gather Gold","floor":11,"damage_taken":0},{"event_name":"The Library","player_choice":"Heal","floor":21,"damage_taken":0},{"event_name":"The Woman in Blue","player_choice":"Bought 0 Potions","floor":28,"damage_taken":0},{"event_name":"Winding Halls","player_choice":"Embrace Madness","floor":36,"damage_taken":0}],"boss_relics":[{"not_picked":["Pandora\u0027s Box","Runic Pyramid"],"picked":"White Beast Statue"},{"not_picked":["Snecko Eye","Orrery"],"picked":"Black Star"}],"potions_floor_spawned":[1,6,14,18,19,20,24,25,27,30,31,33,35,37,38,39],"seed_played":"-1351009084404775511","killed_by":"2 Orb Walkers","ascension_level":2,"is_trial":false}