{"gold_per_floor":[117,131,149,149,163,196,196,196,219,237,265,265,283,383,383,485,485,504,521,532,551,34,34,34,34,34,67,78,78,78],"floor_reached":30,"playtime":2561,"items_purged":["Strike_B"],"score":406,"play_id":"a6589e47-d20d-4871-811d-aaee2d6a68e7","local_time":"20190124113301","is_ascension_mode":true,"campfire_choices":[{"floor":8,"key":"REST"},{"floor":12,"key":"REST"},{"floor":15,"key":"REST"},{"floor":23,"key":"REST"},{"floor":25,"key":"REST"}],"neow_cost":"NONE","seed_source_timestamp":867596766124537,"circlet_count":0,"master_deck":["AscendersBane","Strike_B","Strike_B","Defend_B","Defend_B","Defend_B","Defend_B","Zap","Dualcast","Streamline","Go for the Eyes","Defragment","Cold Snap","Core Surge","Leap","Sweeping Beam","Defragment","Thunder Strike","Barrage","Static Discharge","Loop","Genetic Algorithm+1","Redo+1","Skim+1","Redo+1","Zap+1"],"relics":["Cracked Core","Omamori","Bag of Preparation","Boot","Snecko Eye","Toxic Egg 2","The Courier","Kunai"],"potions_floor_usage":[6,10,10,10,10,18,21,30],"damage_taken":[{"damage":7,"enemies":"2 Louse","floor":1,"turns":3},{"damage":1,"enemies":"Cultist","floor":2,"turns":3},{"damage":7,"enemies":"Small Slimes","floor":3,"turns":3},{"damage":32,"enemies":"Gremlin Gang","floor":5,"turns":5},{"damage":26,"enemies":"Gremlin Nob","floor":6,"turns":4},{"damage":1,"enemies":"Exordium Wildlife","floor":10,"turns":2},{"damage":21,"enemies":"3 Sentries","floor":11,"turns":8},{"damage":0,"enemies":"2 Fungi Beasts","floor":13,"turns":3},{"damage":19,"enemies":"Slime Boss","floor":16,"turns":7},{"damage":17,"enemies":"3 Byrds","floor":18,"turns":4},{"damage":17,"enemies":"Shell Parasite","floor":19,"turns":4},{"damage":3,"enemies":"Centurion and Healer","floor":20,"turns":7},{"damage":17,"enemies":"Chosen and Byrds","floor":21,"turns":9},{"damage":24,"enemies":"Gremlin Leader","floor":27,"turns":7},{"damage":42,"enemies":"Snake Plant","floor":28,"turns":4},{"damage":13,"enemies":"Slavers","floor":30,"turns":1}],"seed_played":"6039217994106392847","potions_obtained":[{"floor":5,"key":"Strength Potion"},{"floor":6,"key":"FocusPotion"},{"floor":7,"key":"EntropicBrew"},{"floor":7,"key":"Poison Potion"},{"floor":16,"key":"Regen Potion"},{"floor":20,"key":"Swift Potion"},{"floor":28,"key":"Energy Potion"}],"is_trial":false,"path_per_floor":["M","M","M","?","M","E","?","R","T","M","E","R","M","?","R","B",null,"M","M","M","M","$","R","?","R","T","E","M","?","E"],"character_chosen":"DEFECT","items_purchased":["Toxic Egg 2","Loop","Genetic Algorithm+1","Redo+1"],"campfire_rested":5,"item_purchase_floors":[22,22,22,22],"current_hp_per_floor":[68,67,60,60,28,2,2,26,26,25,4,28,28,28,52,33,70,65,48,45,28,28,52,44,68,68,44,2,2,0],"gold":78,"neow_bonus":"TEN_PERCENT_HP_BONUS","is_prod":false,"is_daily":false,"chose_seed":false,"campfire_upgraded":0,"win_rate":0,"timestamp":1548347581,"path_taken":["M","M","M","?","?","E","?","R","T","M","E","R","?","?","R","BOSS","M","M","M","?","$","R","?","R","T","E","?","?","E"],"build_version":"2019-01-23","purchased_purges":1,"victory":false,"max_hp_per_floor":[82,82,82,82,82,82,82,82,82,82,82,82,82,82,82,82,82,82,82,82,82,82,82,82,82,82,82,82,82,82],"card_choices":[{"not_picked":["Gash","Chill"],"picked":"Streamline","floor":1},{"not_picked":["Blizzard","Streamline"],"picked":"Go for the Eyes","floor":2},{"not_picked":["Chaos","Go for the Eyes"],"picked":"Defragment","floor":3},{"not_picked":["Redo","Compile Driver"],"picked":"Cold Snap","floor":5},{"not_picked":["Hologram","Stack"],"picked":"Core Surge","floor":6},{"not_picked":["Coolheaded","Ball Lightning"],"picked":"Leap","floor":10},{"not_picked":["Lockon","Heatsinks"],"picked":"Sweeping Beam","floor":11},{"not_picked":["Beam Cell","Rebound"],"picked":"Defragment","floor":13},{"not_picked":["Meteor Strike","Hyperbeam"],"picked":"Thunder Strike","floor":16},{"not_picked":["Redo","Go for the Eyes"],"picked":"Barrage","floor":18},{"not_picked":["FTL+1","Turbo"],"picked":"Static Discharge","floor":19},{"not_picked":["Turbo","Streamline","Lockon"],"picked":"SKIP","floor":20},{"not_picked":["Compile Driver","Undo","Machine Learning"],"picked":"SKIP","floor":21},{"not_picked":["Stack+1","Gash"],"picked":"Skim+1","floor":27},{"not_picked":["Turbo+1","Melter"],"picked":"Redo+1","floor":28}],"player_experience":2968167,"relics_obtained":[{"floor":6,"key":"Omamori"},{"floor":9,"key":"Bag of Preparation"},{"floor":11,"key":"Boot"},{"floor":26,"key":"The Courier"},{"floor":27,"key":"Kunai"}],"event_choices":[{"cards_removed":["Strike_B"],"damage_healed":0,"gold_gain":0,"player_choice":"Offered Basic","damage_taken":0,"max_hp_gain":0,"max_hp_loss":0,"event_name":"Bonfire Elementals","floor":4,"gold_loss":0},{"damage_healed":0,"gold_gain":0,"player_choice":"Got Potions","damage_taken":0,"max_hp_gain":0,"max_hp_loss":0,"event_name":"Lab","floor":7,"gold_loss":0},{"damage_healed":0,"gold_gain":100,"player_choice":"Pray","damage_taken":0,"max_hp_gain":0,"max_hp_loss":0,"event_name":"Golden Shrine","floor":14,"gold_loss":0},{"damage_healed":0,"gold_gain":0,"player_choice":"","damage_taken":8,"max_hp_gain":0,"max_hp_loss":0,"event_name":"Knowing Skull","floor":24,"potions_obtained":[],"gold_loss":0,"cards_obtained":[]},{"damage_healed":0,"gold_gain":0,"player_choice":"1 cards matched","damage_taken":0,"max_hp_gain":0,"max_hp_loss":0,"event_name":"Match and Keep!","floor":29,"gold_loss":0,"cards_obtained":["Zap"]}],"is_beta":false,"boss_relics":[{"not_picked":["Ectoplasm","Nuclear Battery"],"picked":"Snecko Eye"}],"items_purged_floors":[22],"is_endless":false,"potions_floor_spawned":[5,6,16,20,28],"killed_by":"Slavers","ascension_level":11}