{"gold_per_floor":[109,119,136,136,136,136,211,211,211,211,236,236,28,64,64,195,195,215,238,258,258,383,383,418,438,438,477,477,43,59,74,74,195,258,276,297,11,31,31,31,50,50,50,50,50,50,50,69,69,69,69,69,21,54,54],"floor_reached":56,"playtime":4086,"items_purged":["Strike_G","Strike_G"],"score":1285,"play_id":"403c0320-0212-4edc-b883-515a7d604dbc","local_time":"20190516120957","is_ascension_mode":false,"campfire_choices":[{"data":"Noxious Fumes","floor":6,"key":"SMITH"},{"data":"Footwork","floor":8,"key":"SMITH"},{"floor":10,"key":"REST"},{"data":"Dodge and Roll","floor":12,"key":"SMITH"},{"data":"Caltrops","floor":15,"key":"SMITH"},{"floor":23,"key":"REST"},{"floor":28,"key":"REST"},{"floor":32,"key":"REST"},{"data":"Apotheosis","floor":40,"key":"SMITH"},{"floor":42,"key":"REST"},{"floor":44,"key":"REST"},{"floor":47,"key":"RECALL"},{"data":"PiercingWail","floor":49,"key":"SMITH"},{"data":"Night Terror","floor":52,"key":"SMITH"}],"neow_cost":"NONE","seed_source_timestamp":149025673368058,"circlet_count":0,"master_deck":["Defend_G","Defend_G","Defend_G","Defend_G","Defend_G","Strike_G","Strike_G+1","Survivor","Neutralize+1","Footwork+1","Caltrops+1","Noxious Fumes+1","Dodge and Roll+1","Bullet Time","PiercingWail+1","Bouncing Flask+1","Night Terror+1","Burst","Apotheosis+1","Footwork","Prepared","Dash","Deflect","Sucker Punch+1","Die Die Die","Dodge and Roll","Blur","Blur","Footwork","PiercingWail+1","Madness","Madness","PiercingWail+1","Good Instincts","Backflip+1","PiercingWail+1"],"relics":["Ring of the Snake","Golden Idol","Dodecahedron","Singing Bowl","TwistedFunnel","Happy Flower","Runic Pyramid","Tough Bandages","Question Card","Bag of Marbles","Du-Vu Doll","Tiny House","Mercury Hourglass","Lantern"],"potions_floor_usage":[16,19,22,24,55,55],"damage_taken":[{"damage":1,"enemies":"Cultist","floor":1,"turns":4},{"damage":0,"enemies":"Small Slimes","floor":2,"turns":3},{"damage":1,"enemies":"Jaw Worm","floor":3,"turns":4},{"damage":0,"enemies":"Blue Slaver","floor":11,"turns":5},{"damage":17,"enemies":"Gremlin Nob","floor":14,"turns":5},{"damage":27,"enemies":"Slime Boss","floor":16,"turns":12},{"damage":0,"enemies":"Chosen","floor":18,"turns":7},{"damage":0,"enemies":"3 Byrds","floor":19,"turns":2},{"damage":0,"enemies":"Snake Plant","floor":20,"turns":4},{"damage":12,"enemies":"Colosseum Slavers","floor":22,"turns":4},{"damage":29,"enemies":"Colosseum Nobs","floor":22,"turns":4},{"damage":11,"enemies":"Gremlin Leader","floor":24,"turns":6},{"damage":1,"enemies":"3 Cultists","floor":25,"turns":7},{"damage":12,"enemies":"Book of Stabbing","floor":27,"turns":4},{"damage":2,"enemies":"Snecko","floor":30,"turns":7},{"damage":0,"enemies":"Centurion and Healer","floor":31,"turns":5},{"damage":0,"enemies":"Champ","floor":33,"turns":11},{"damage":0,"enemies":"3 Shapes","floor":35,"turns":4},{"damage":5,"enemies":"3 Darklings","floor":36,"turns":4},{"damage":3,"enemies":"Sphere and 2 Shapes","floor":38,"turns":3},{"damage":42,"enemies":"Spire Growth","floor":41,"turns":9},{"damage":0,"enemies":"3 Darklings","floor":48,"turns":7},{"damage":10,"enemies":"Time Eater","floor":50,"turns":19},{"damage":0,"enemies":"Shield and Spear","floor":54,"turns":8},{"damage":32,"enemies":"The Heart","floor":55,"turns":17}],"seed_played":"-235807858981087465","potions_obtained":[{"floor":14,"key":"GamblersBrew"},{"floor":16,"key":"LiquidBronze"},{"floor":18,"key":"EssenceOfSteel"},{"floor":22,"key":"Energy Potion"},{"floor":27,"key":"LiquidBronze"},{"floor":30,"key":"FearPotion"},{"floor":34,"key":"Explosive Potion"},{"floor":38,"key":"Fire Potion"},{"floor":54,"key":"Dexterity Potion"}],"is_trial":false,"path_per_floor":["M","M","M","?","?","R","T","R","T","R","M","R","$","E","R","B",null,"M","M","M","?","?","R","E","M","T","E","R","$","M","M","R","B",null,"M","M","$","M","?","R","M","R","T","R","?","$","R","M","R","B",null,"R","$","E","B",null],"character_chosen":"THE_SILENT","items_purchased":["TwistedFunnel","Apotheosis","Footwork","Prepared","Dash","Blur","Footwork","GhostInAJar","Energy Potion"],"campfire_rested":6,"item_purchase_floors":[13,29,29,29,29,37,37,37,53],"current_hp_per_floor":[69,69,68,51,44,44,44,44,44,65,65,65,65,50,50,23,72,72,72,74,74,35,57,46,47,47,37,61,61,59,59,80,80,85,87,82,82,79,68,68,26,52,52,78,78,78,78,78,78,68,87,87,87,87,55],"gold":54,"neow_bonus":"UPGRADE_CARD","is_prod":false,"is_daily":false,"chose_seed":false,"campfire_upgraded":7,"win_rate":0,"timestamp":1558022997,"path_taken":["M","M","M","?","?","R","?","R","T","R","M","R","?","E","R","BOSS","M","M","M","?","?","R","E","M","T","E","R","?","M","M","R","BOSS","M","M","$","?","?","R","M","R","T","R","?","$","R","M","R","BOSS","R","$","E","BOSS"],"build_version":"2019-01-23","purchased_purges":2,"victory":true,"max_hp_per_floor":[70,70,70,70,70,70,70,70,70,70,70,70,70,72,72,72,72,72,72,74,74,76,76,76,78,78,80,80,80,80,80,80,80,85,87,87,87,87,87,87,87,87,87,87,87,87,87,87,87,87,87,87,87,87,87],"card_choices":[{"not_picked":["PiercingWail","Backflip"],"picked":"Footwork","floor":1},{"not_picked":["Prepared","Accuracy"],"picked":"Caltrops","floor":2},{"not_picked":["Cloak And Dagger","Quick Slash"],"picked":"Noxious Fumes","floor":3},{"not_picked":["Skewer","Choke"],"picked":"Dodge and Roll","floor":11},{"not_picked":["Dagger Spray","Tactician","Terror"],"picked":"Singing Bowl","floor":14},{"not_picked":["Venomology","Phantasmal Killer"],"picked":"Bullet Time","floor":16},{"not_picked":["Flying Knee","Prepared+1"],"picked":"PiercingWail+1","floor":18},{"not_picked":["Slice","Setup+1"],"picked":"Bouncing Flask+1","floor":19},{"not_picked":["Slice","Underhanded Strike","Sucker Punch"],"picked":"Singing Bowl","floor":20},{"not_picked":["Predator","Deadly Poison","Slice"],"picked":"Singing Bowl","floor":22},{"not_picked":["Quick Slash","Poisoned Stab","Deflect"],"picked":"Burst","floor":24},{"not_picked":["Dagger Spray+1","Slice+1","Acrobatics","Endless Agony"],"picked":"Singing Bowl","floor":25},{"not_picked":["Outmaneuver","A Thousand Cuts","Prepared","Dagger Throw"],"picked":"Singing Bowl","floor":27},{"not_picked":["Slice","Riddle With Holes","Underhanded Strike+1"],"picked":"Deflect","floor":30},{"not_picked":["Slice","Deadly Poison","Acrobatics+1"],"picked":"Sucker Punch+1","floor":31},{"not_picked":["Bullet Time","Grand Finale","Envenom"],"picked":"Die Die Die","floor":33},{"not_picked":["Eviscerate+1","Dash","Backflip"],"picked":"Dodge and Roll","floor":34},{"not_picked":["Slice+1","Sucker Punch","Flying Knee+1","Heel Hook+1"],"picked":"Singing Bowl","floor":35},{"not_picked":["Dagger Spray+1","Glass Knife","Poisoned Stab"],"picked":"Blur","floor":36},{"not_picked":["Heel Hook","Backflip","Accuracy+1"],"picked":"PiercingWail","floor":38},{"not_picked":["Escape Plan","Sucker Punch+1","Backflip+1"],"picked":"PiercingWail+1","floor":41},{"not_picked":["Madness","Finesse","Enlightenment"],"picked":"Good Instincts","floor":45},{"not_picked":["Phantasmal Killer","All Out Attack+1","Infinite Blades"],"picked":"Backflip+1","floor":48},{"not_picked":["Eviscerate+1","Deflect","Setup"],"picked":"PiercingWail+1","floor":54}],"player_experience":3686194,"relics_obtained":[{"floor":7,"key":"Dodecahedron"},{"floor":9,"key":"Singing Bowl"},{"floor":14,"key":"Happy Flower"},{"floor":22,"key":"Tough Bandages"},{"floor":22,"key":"Question Card"},{"floor":24,"key":"Bag of Marbles"},{"floor":27,"key":"Du-Vu Doll"},{"floor":43,"key":"Mercury Hourglass"},{"floor":54,"key":"Lantern"}],"event_choices":[{"damage_healed":0,"gold_gain":0,"player_choice":"Take Damage","damage_taken":17,"relics_obtained":["Golden Idol"],"max_hp_gain":0,"max_hp_loss":0,"event_name":"Golden Idol","floor":4,"gold_loss":0},{"cards_removed":["Strike_G"],"damage_healed":0,"gold_gain":0,"player_choice":"Card Removal","damage_taken":7,"max_hp_gain":0,"max_hp_loss":0,"event_name":"Golden Wing","floor":5,"gold_loss":0},{"damage_healed":0,"gold_gain":0,"player_choice":"Read","damage_taken":0,"max_hp_gain":0,"max_hp_loss":0,"event_name":"The Library","floor":21,"gold_loss":0,"cards_obtained":["Night Terror"]},{"damage_healed":0,"gold_gain":0,"player_choice":"Fight","damage_taken":0,"max_hp_gain":0,"max_hp_loss":0,"event_name":"Colosseum","floor":22,"gold_loss":0},{"damage_healed":0,"gold_gain":0,"player_choice":"Fought Nobs","damage_taken":0,"max_hp_gain":0,"max_hp_loss":0,"event_name":"Colosseum","floor":22,"gold_loss":0},{"damage_healed":0,"gold_gain":0,"player_choice":"Embrace Madness","damage_taken":11,"max_hp_gain":0,"max_hp_loss":0,"event_name":"Winding Halls","floor":39,"gold_loss":0,"cards_obtained":["Madness","Madness"]},{"damage_healed":0,"gold_gain":0,"player_choice":"Memory 1","damage_taken":0,"max_hp_gain":0,"max_hp_loss":0,"event_name":"SensoryStone","floor":45,"gold_loss":0}],"is_beta":false,"boss_relics":[{"not_picked":["Fusion Hammer","Lizard Tail"],"picked":"Runic Pyramid"},{"not_picked":["White Beast Statue","Black Star"],"picked":"Tiny House"}],"items_purged_floors":[29,37],"is_endless":false,"potions_floor_spawned":[14,16,18,22,27,30,38,41,48,54],"ascension_level":0}