{"gold_per_floor":[113,288,300,1,19,19,48,48,130,148,148,148,148,161,161,259,259,271,186,37,57,57,89,14,14,14,54,66,92,53,65,65,166,166,180,80,99,99,99,131,131,131,131,142,160,160,160,178,178,178],"floor_reached":51,"playtime":3589,"items_purged":["Doubt","Perfected Strike"],"score":778,"play_id":"2aa5b5d7-00c7-4258-8b61-9f108444d445","local_time":"20181116221433","is_ascension_mode":false,"campfire_choices":[{"data":"True Grit","floor":6,"key":"SMITH"},{"data":"Shockwave","floor":11,"key":"SMITH"},{"data":"Disarm","floor":15,"key":"SMITH"},{"data":"Barricade","floor":28,"key":"SMITH"},{"data":"Body Slam","floor":32,"key":"SMITH"},{"data":"Body Slam","floor":41,"key":"SMITH"},{"data":"Entrench","floor":47,"key":"SMITH"},{"data":"Feel No Pain","floor":49,"key":"SMITH"}],"neow_cost":"TEN_PERCENT_HP_LOSS","seed_source_timestamp":255587626044457,"circlet_count":0,"master_deck":["Bash","Dark Shackles","Purity","Shrug It Off","Disarm+1","True Grit+1","Shockwave+1","Flex","Barricade+1","Body Slam+1","Impervious","Whirlwind+1","Entrench+1","True Grit+1","True Grit+1","Shrug It Off+1","Reaper","Shrug It Off+1","Feel No Pain+1","Armaments+1","Whirlwind","Body Slam+1","Shockwave+1","Sentinel+1","Sentinel+1","Shrug It Off+1","Disarm+1","Trip+1"],"relics":["Burning Blood","Juzu Bracelet","Anchor","Odd Mushroom","Darkstone Periapt","Ornamental Fan","Sozu","Bronze Scales","Mercury Hourglass","MawBank","Toxic Egg 2","Pandora\u0027s Box","Strawberry","Bottled Lightning"],"potions_floor_usage":[16,23],"damage_taken":[{"damage":6,"enemies":"Jaw Worm","floor":1,"turns":3},{"damage":3,"enemies":"Small Slimes","floor":3,"turns":5},{"damage":18,"enemies":"Cultist","floor":5,"turns":7},{"damage":31,"enemies":"The Mushroom Lair","floor":7,"turns":10},{"damage":7,"enemies":"Looter","floor":10,"turns":4},{"damage":3,"enemies":"3 Louse","floor":14,"turns":3},{"damage":36,"enemies":"Hexaghost","floor":16,"turns":14},{"damage":10,"enemies":"3 Byrds","floor":18,"turns":8},{"damage":0,"enemies":"Chosen","floor":21,"turns":6},{"damage":21,"enemies":"Slavers","floor":23,"turns":6},{"damage":7,"enemies":"Book of Stabbing","floor":27,"turns":6},{"damage":0,"enemies":"Centurion and Healer","floor":29,"turns":8},{"damage":0,"enemies":"3 Cultists","floor":31,"turns":3},{"damage":0,"enemies":"Champ","floor":33,"turns":13},{"damage":1,"enemies":"Orb Walker","floor":35,"turns":3},{"damage":0,"enemies":"3 Shapes","floor":37,"turns":2},{"damage":14,"enemies":"Reptomancer","floor":40,"turns":6},{"damage":9,"enemies":"3 Darklings","floor":44,"turns":6},{"damage":17,"enemies":"Jaw Worm Horde","floor":45,"turns":5},{"damage":0,"enemies":"4 Shapes","floor":48,"turns":7},{"damage":5,"enemies":"Donu and Deca","floor":50,"turns":10}],"seed_played":"6258597272123266874","potions_obtained":[{"floor":7,"key":"Energy Potion"},{"floor":16,"key":"EssenceOfSteel"}],"is_trial":false,"path_per_floor":["M","?","M","$","M","R","?","$","T","M","R","T","?","M","R","B",null,"M","?","$","M","?","E","$","?","T","E","R","M","$","M","R","B",null,"M","$","M","?","$","E","R","?","T","M","M","?","R","M","R","B",null],"character_chosen":"IRONCLAD","items_purchased":["Juzu Bracelet","Anchor","Impervious","Shrug It Off+1"],"campfire_rested":0,"item_purchase_floors":[4,4,20,30],"current_hp_per_floor":[72,72,72,72,60,60,35,35,35,34,34,34,39,42,42,12,77,73,73,73,77,77,62,62,62,62,61,61,67,67,73,73,77,77,77,77,77,77,77,76,76,76,76,77,70,70,70,76,76,77],"gold":178,"neow_bonus":"RANDOM_COLORLESS_2","is_prod":false,"is_daily":false,"chose_seed":false,"campfire_upgraded":8,"win_rate":0,"timestamp":1542424473,"path_taken":["M","?","M","$","M","R","?","?","T","M","R","?","?","M","R","BOSS","M","?","$","M","?","E","$","?","T","E","R","M","$","M","R","BOSS","M","$","M","?","$","E","R","?","T","M","M","?","R","M","R","BOSS"],"build_version":"2018-11-15","purchased_purges":2,"victory":true,"max_hp_per_floor":[72,72,72,72,72,72,72,72,72,72,72,72,77,77,77,77,77,77,77,77,77,77,77,77,77,77,77,77,77,77,77,77,77,77,77,77,77,77,77,84,84,84,84,84,84,84,84,84,84,84],"card_choices":[{"not_picked":["Flame Barrier","Sword Boomerang"],"picked":"Shrug It Off","floor":1},{"not_picked":["Cleave","Sword Boomerang"],"picked":"Disarm","floor":3},{"not_picked":["Combust","Disarm"],"picked":"True Grit","floor":5},{"not_picked":["Armaments","Wild Strike"],"picked":"Perfected Strike","floor":7},{"not_picked":["Wild Strike","Ghostly Armor"],"picked":"Shockwave","floor":10},{"not_picked":["Blood for Blood","Heavy Blade"],"picked":"Flex","floor":14},{"not_picked":["Berserk","Reaper"],"picked":"Barricade","floor":16},{"not_picked":["Armaments","Flex+1"],"picked":"Body Slam","floor":18},{"not_picked":["Iron Wave","Anger"],"picked":"Whirlwind+1","floor":21},{"not_picked":["Carnage+1","Anger"],"picked":"True Grit+1","floor":23},{"not_picked":["Rage","Dark Embrace","Headbutt"],"picked":"SKIP","floor":27},{"not_picked":["Cleave","Uppercut"],"picked":"True Grit+1","floor":29},{"not_picked":["Perfected Strike+1","Uppercut","Wild Strike"],"picked":"SKIP","floor":31},{"not_picked":["Brutality","Dark Embrace"],"picked":"Reaper","floor":33},{"not_picked":["Clash","Sentinel+1","Hemokinesis"],"picked":"SKIP","floor":35},{"not_picked":["Second Wind+1","Anger","Wild Strike"],"picked":"SKIP","floor":37},{"not_picked":["Seeing Red+1","Twin Strike"],"picked":"Shrug It Off+1","floor":40},{"not_picked":["Perfected Strike+1","Pommel Strike"],"picked":"Disarm+1","floor":44},{"not_picked":["Carnage+1","Searing Blow+1","Ghostly Armor+1"],"picked":"SKIP","floor":45},{"not_picked":["Dramatic Entrance","Mind Blast"],"picked":"Trip+1","floor":46},{"not_picked":["Blood for Blood","Perfected Strike+1","Evolve+1"],"picked":"SKIP","floor":48}],"player_experience":2346263,"relics_obtained":[{"floor":7,"key":"Odd Mushroom"},{"floor":9,"key":"Darkstone Periapt"},{"floor":12,"key":"Ornamental Fan"},{"floor":23,"key":"Mercury Hourglass"},{"floor":26,"key":"MawBank"},{"floor":27,"key":"Toxic Egg 2"},{"floor":40,"key":"Strawberry"},{"floor":43,"key":"Bottled Lightning"}],"event_choices":[{"damage_healed":0,"gold_gain":175,"player_choice":"AGREE","damage_taken":0,"max_hp_gain":0,"max_hp_loss":0,"event_name":"Liars Game","floor":2,"gold_loss":0,"cards_obtained":["Doubt"]},{"damage_healed":0,"gold_gain":0,"player_choice":"Fought Mushrooms","damage_taken":0,"max_hp_gain":0,"max_hp_loss":0,"event_name":"Mushrooms","floor":7,"gold_loss":0},{"damage_healed":0,"gold_gain":0,"player_choice":"Donut","damage_taken":0,"max_hp_gain":5,"max_hp_loss":0,"event_name":"Big Fish","floor":13,"gold_loss":0},{"damage_healed":0,"gold_gain":0,"player_choice":"Obtained Relic","damage_taken":0,"relics_obtained":["Bronze Scales"],"max_hp_gain":0,"max_hp_loss":0,"event_name":"Addict","floor":19,"gold_loss":85},{"damage_healed":0,"gold_gain":0,"player_choice":"Read","damage_taken":0,"max_hp_gain":0,"max_hp_loss":0,"event_name":"The Library","floor":22,"gold_loss":0,"cards_obtained":["Entrench"]},{"damage_healed":0,"gold_gain":0,"player_choice":"Ignored","damage_taken":0,"max_hp_gain":0,"max_hp_loss":0,"event_name":"Cursed Tome","floor":25,"gold_loss":0},{"damage_healed":0,"gold_gain":0,"cards_transformed":["Sword Boomerang"],"player_choice":"Transformed","damage_taken":0,"max_hp_gain":0,"max_hp_loss":0,"event_name":"Transmorgrifier","floor":38,"gold_loss":0,"cards_obtained":["Whirlwind"]},{"cards_removed":["Whirlwind"],"damage_healed":0,"gold_gain":0,"player_choice":"Removed Attack","damage_taken":0,"max_hp_gain":0,"max_hp_loss":0,"event_name":"Falling","floor":42,"gold_loss":0},{"damage_healed":0,"gold_gain":0,"player_choice":"Memory 1","damage_taken":0,"max_hp_gain":0,"max_hp_loss":0,"event_name":"SensoryStone","floor":46,"gold_loss":0}],"is_beta":false,"boss_relics":[{"not_picked":["Busted Crown","Astrolabe"],"picked":"Sozu"},{"not_picked":["Eternal Feather","Philosopher\u0027s Stone"],"picked":"Pandora\u0027s Box"}],"items_purged_floors":[24,36],"is_endless":false,"potions_floor_spawned":[7,16,18,27,33,35,40,45,48],"ascension_level":0}