{"gold_per_floor":[114,129,144,144,20,20,50,65,65,95,110,140,155,170,170,270,270,285,300,300,315,190,190,220,220,220,250,265,295,325,41,41,153,165,192,204,546,573,600,642,654,681,718,760,787,48,63,93,93,93],"floor_reached":51,"playtime":4824,"items_purged":["Well Laid Plans","Strike_R+1"],"score":1094,"play_id":"6d28c9a8-f3bf-41b9-b5ca-3f25fb92312f","local_time":"20190608170945","daily_mods":["Chimera","Diverse","DeadlyEvents"],"is_ascension_mode":false,"campfire_choices":[{"data":"Bash","floor":6,"key":"SMITH"},{"data":"Inflame","floor":15,"key":"SMITH"},{"data":"Limit Break","floor":23,"key":"SMITH"},{"data":"Recycle","floor":25,"key":"SMITH"},{"floor":32,"key":"DIG"},{"floor":41,"key":"DIG"},{"floor":49,"key":"DIG"}],"neow_cost":"","seed_source_timestamp":0,"circlet_count":0,"master_deck":["Bash+1","Survivor","Zap","Strike_G+1","Defend_R+1","Defend_G+1","Defend_B+1","Metallicize","Leg Sweep","Recycle+1","Inflame+1","Steam","Rip and Tear","BootSequence","Limit Break+1","Metallicize+1","Footwork+1","Sunder+1","Cloak And Dagger+1","Infinite Blades+1","Shrug It Off","Blade Dance+1","Recycle+1","Footwork+1","Flame Barrier+1","Offering","Heavy Blade+1","Headbutt","Apotheosis","Creative AI","Madness","Leap+1"],"special_seed":18055,"relics":["Burning Blood","Vajra","Bottled Tornado","Regal Pillow","Sundial","Runic Pyramid","Gambling Chip","Meat on the Bone","Omamori","Paper Frog","Shovel","DollysMirror","MawBank","Black Star","FossilizedHelix","Old Coin","Art of War","Happy Flower","Charon\u0027s Ashes","War Paint","Anchor","Nunchaku","Dream Catcher","Singing Bowl","Potion Belt","Lantern"],"potions_floor_usage":[7,11,18,24,24,27,27,45,46,50],"damage_taken":[{"damage":0,"enemies":"2 Louse","floor":1,"turns":3},{"damage":8,"enemies":"Jaw Worm","floor":2,"turns":5},{"damage":0,"enemies":"Cultist","floor":3,"turns":5},{"damage":8,"enemies":"3 Sentries","floor":7,"turns":12},{"damage":1,"enemies":"Blue Slaver","floor":8,"turns":6},{"damage":14,"enemies":"Gremlin Nob","floor":10,"turns":5},{"damage":6,"enemies":"Exordium Wildlife","floor":11,"turns":3},{"damage":11,"enemies":"Lagavulin","floor":12,"turns":5},{"damage":0,"enemies":"Red Slaver","floor":13,"turns":3},{"damage":0,"enemies":"Looter","floor":14,"turns":2},{"damage":0,"enemies":"The Guardian","floor":16,"turns":9},{"damage":0,"enemies":"3 Byrds","floor":18,"turns":3},{"damage":0,"enemies":"Shell Parasite","floor":19,"turns":6},{"damage":5,"enemies":"Sentry and Sphere","floor":21,"turns":5},{"damage":9,"enemies":"Slavers","floor":24,"turns":7},{"damage":2,"enemies":"Book of Stabbing","floor":27,"turns":4},{"damage":3,"enemies":"Centurion and Healer","floor":28,"turns":6},{"damage":5,"enemies":"Gremlin Leader","floor":29,"turns":7},{"damage":45,"enemies":"Slavers","floor":30,"turns":6},{"damage":0,"enemies":"Automaton","floor":33,"turns":9},{"damage":2,"enemies":"Orb Walker","floor":35,"turns":3},{"damage":7,"enemies":"Nemesis","floor":37,"turns":5},{"damage":6,"enemies":"3 Shapes","floor":38,"turns":5},{"damage":13,"enemies":"Sphere and 2 Shapes","floor":39,"turns":5},{"damage":0,"enemies":"Giant Head","floor":40,"turns":8},{"damage":0,"enemies":"Writhing Mass","floor":42,"turns":4},{"damage":0,"enemies":"Nemesis","floor":44,"turns":3},{"damage":0,"enemies":"Transient","floor":45,"turns":5},{"damage":0,"enemies":"Maw","floor":47,"turns":5},{"damage":0,"enemies":"Reptomancer","floor":48,"turns":5},{"damage":22,"enemies":"Time Eater","floor":50,"turns":9}],"seed_played":"3869915423027512540","potions_obtained":[{"floor":8,"key":"Block Potion"},{"floor":11,"key":"LiquidBronze"},{"floor":13,"key":"FearPotion"},{"floor":16,"key":"FearPotion"},{"floor":18,"key":"Strength Potion"},{"floor":21,"key":"Block Potion"},{"floor":24,"key":"FearPotion"},{"floor":37,"key":"Fire Potion"},{"floor":39,"key":"Weak Potion"}],"is_trial":false,"path_per_floor":["M","M","M","?","$","R","E","M","T","E","M","E","M","M","R","B",null,"M","M","?","M","$","R","E","R","T","E","M","E","E","$","R","B",null,"M","?","E","M","M","E","R","M","T","E","M","$","M","E","R","B",null],"character_chosen":"IRONCLAD","items_purchased":["Recycle","Strength Potion","Cloak And Dagger","DollysMirror","Flame Barrier","SpeedPotion","Apotheosis","Creative AI","Madness","Fruit Juice","Dream Catcher","Swift Potion"],"campfire_rested":0,"item_purchase_floors":[5,5,22,31,31,31,46,46,46,46,46,46],"current_hp_per_floor":[80,78,80,73,73,73,71,76,76,68,68,63,69,75,75,80,80,80,80,80,80,80,80,77,77,77,80,80,80,53,53,53,59,80,80,80,79,79,72,78,78,80,80,80,80,85,85,85,85,69],"gold":93,"neow_bonus":"","is_prod":false,"is_daily":true,"chose_seed":false,"campfire_upgraded":4,"win_rate":0,"timestamp":1560028185,"path_taken":["M","M","M","?","?","R","E","M","T","?","?","E","M","M","R","BOSS","M","M","?","M","$","R","E","R","T","E","?","?","E","?","R","BOSS","M","?","?","M","M","E","R","?","T","E","M","$","M","E","R","BOSS"],"build_version":"2019-01-23","purchased_purges":2,"victory":true,"max_hp_per_floor":[80,80,80,80,80,80,80,80,80,80,80,80,80,80,80,80,80,80,80,80,80,80,80,80,80,80,80,80,80,80,80,80,80,80,80,80,80,80,80,80,80,80,80,80,80,85,85,85,85,85],"card_choices":[{"not_picked":["Hologram","Perfected Strike"],"picked":"Metallicize","floor":1},{"not_picked":["Leap","Havoc"],"picked":"Leg Sweep","floor":2},{"not_picked":["Chaos","Clash","Concentrate"],"picked":"SKIP","floor":3},{"not_picked":["Bloodletting","Flex"],"picked":"Inflame","floor":7},{"not_picked":["Warcry","Dropkick"],"picked":"Steam","floor":8},{"not_picked":["Prepared","Accuracy"],"picked":"Quick Slash","floor":10},{"not_picked":["Tools of the Trade","Dagger Spray"],"picked":"Rip and Tear","floor":11},{"not_picked":["Clash","Die Die Die"],"picked":"Well Laid Plans","floor":12},{"not_picked":["Feel No Pain","Dagger Spray"],"picked":"BootSequence","floor":13},{"not_picked":["Wild Strike","Redo","Cleave"],"picked":"SKIP","floor":14},{"not_picked":["A Thousand Cuts","Creative AI"],"picked":"Limit Break","floor":16},{"not_picked":["Compile Driver+1","Headbutt+1"],"picked":"Metallicize+1","floor":18},{"not_picked":["Wild Strike","Prepared"],"picked":"Footwork+1","floor":19},{"not_picked":["Reflex","Bane"],"picked":"Sunder+1","floor":21},{"not_picked":["Thunderclap+1","Metallicize+1"],"picked":"Infinite Blades+1","floor":24},{"not_picked":["Dagger Throw","Corruption","Expertise"],"picked":"SKIP","floor":27},{"not_picked":["Flex","Steam"],"picked":"Shrug It Off","floor":28},{"not_picked":["Noxious Fumes+1","Body Slam+1"],"picked":"Blade Dance+1","floor":29},{"not_picked":["Backflip","Sunder"],"picked":"Recycle+1","floor":30},{"not_picked":["Grand Finale","Unload"],"picked":"Offering","floor":33},{"not_picked":["Perfected Strike+1","Acrobatics+1"],"picked":"Heavy Blade+1","floor":35},{"not_picked":["Poisoned Stab+1","Escape Plan","Whirlwind+1"],"picked":"SKIP","floor":37},{"not_picked":["Outmaneuver+1","Rebound+1","Consume"],"picked":"SKIP","floor":38},{"not_picked":["Pommel Strike","Bane+1","Chill+1"],"picked":"SKIP","floor":39},{"not_picked":["Accuracy","Dark Embrace"],"picked":"Headbutt","floor":40},{"not_picked":["Dagger Spray+1","Cleave","Flying Knee"],"picked":"SKIP","floor":42},{"not_picked":["Blizzard","Sweeping Beam+1","Die Die Die"],"picked":"SKIP","floor":44},{"not_picked":["Coolheaded","True Grit","Turbo"],"picked":"SKIP","floor":45},{"not_picked":["Coolheaded","Redo+1","Ball Lightning+1"],"picked":"SKIP","floor":47},{"not_picked":["Stack+1","Deflect+1"],"picked":"Leap+1","floor":48}],"player_experience":3726450,"relics_obtained":[{"floor":7,"key":"Vajra"},{"floor":9,"key":"Bottled Tornado"},{"floor":10,"key":"Regal Pillow"},{"floor":12,"key":"Sundial"},{"floor":24,"key":"Gambling Chip"},{"floor":26,"key":"Meat on the Bone"},{"floor":27,"key":"Omamori"},{"floor":29,"key":"Paper Frog"},{"floor":30,"key":"Shovel"},{"floor":32,"key":"MawBank"},{"floor":37,"key":"FossilizedHelix"},{"floor":37,"key":"Old Coin"},{"floor":40,"key":"Art of War"},{"floor":40,"key":"Happy Flower"},{"floor":41,"key":"Charon\u0027s Ashes"},{"floor":43,"key":"War Paint"},{"floor":44,"key":"Anchor"},{"floor":44,"key":"Nunchaku"},{"floor":48,"key":"Singing Bowl"},{"floor":48,"key":"Potion Belt"},{"floor":49,"key":"Lantern"}],"event_choices":[{"cards_removed":["Strike_B"],"damage_healed":0,"gold_gain":0,"player_choice":"Card Removal","damage_taken":7,"max_hp_gain":0,"max_hp_loss":0,"event_name":"Golden Wing","floor":4,"gold_loss":0},{"damage_healed":0,"gold_gain":0,"player_choice":"Simplicity","damage_taken":0,"max_hp_gain":0,"max_hp_loss":0,"event_name":"Back to Basics","floor":20,"gold_loss":0,"cards_upgraded":["Strike_R","Strike_G","Defend_R","Defend_G","Defend_B"]},{"cards_removed":["Quick Slash"],"damage_healed":5,"gold_gain":0,"player_choice":"Offered Common","damage_taken":0,"max_hp_gain":0,"max_hp_loss":0,"event_name":"Bonfire Elementals","floor":36,"gold_loss":0},{"cards_removed":["Quick Slash"],"damage_healed":5,"gold_gain":0,"player_choice":"Offered Special","damage_taken":0,"max_hp_gain":0,"max_hp_loss":0,"event_name":"Bonfire Elementals","floor":36,"gold_loss":0}],"is_beta":false,"boss_relics":[{"not_picked":["Busted Crown","Runic Cube"],"picked":"Runic Pyramid"},{"not_picked":["Empty Cage","Runic Dome"],"picked":"Black Star"}],"items_purged_floors":[22,46],"is_endless":false,"potions_floor_spawned":[8,11,13,16,18,21,24,37,39,42,44,47],"ascension_level":0}