{"gold_per_floor":[113,113,113,113,32,32,51,61,85,85,53,53,71,82,82,183,183,199,199,213,213],"floor_reached":21,"playtime":3417,"items_purged":[],"score":188,"play_id":"d8f38734-0184-4fa3-959f-4b024fd3d157","local_time":"20190714151520","is_ascension_mode":true,"campfire_choices":[{"floor":6,"key":"RECALL"},{"data":"Neutralize","floor":10,"key":"SMITH"},{"data":"Backflip","floor":12,"key":"SMITH"},{"data":"Backflip","floor":15,"key":"SMITH"}],"neow_cost":"NONE","seed_source_timestamp":12145843445831,"circlet_count":0,"master_deck":["Strike_G","Strike_G","Strike_G","Strike_G","Defend_G","Defend_G","Defend_G","Defend_G","Defend_G","Survivor","Neutralize+1","Acrobatics","Crippling Poison","Backflip+1","PiercingWail","Blur","Bandage Up","Backflip+1","PiercingWail","Venomology","Acrobatics","Deflect","After Image","Deflect"],"relics":["Orrery","Omamori","Paper Crane","White Beast Statue"],"potions_floor_usage":[7,14,16,18,18,18,20,21,21],"damage_taken":[{"damage":0,"enemies":"Jaw Worm","floor":1,"turns":7},{"damage":1,"enemies":"2 Louse","floor":7,"turns":5},{"damage":0,"enemies":"Cultist","floor":8,"turns":6},{"damage":16,"enemies":"Exordium Thugs","floor":11,"turns":5},{"damage":0,"enemies":"Exordium Wildlife","floor":13,"turns":8},{"damage":8,"enemies":"Large Slime","floor":14,"turns":9},{"damage":28,"enemies":"The Guardian","floor":16,"turns":40},{"damage":29,"enemies":"Spheric Guardian","floor":18,"turns":10},{"damage":0,"enemies":"Shell Parasite","floor":20,"turns":15},{"damage":84,"enemies":"Cultist and Chosen","floor":21,"turns":17}],"seed_played":"7518425216583653663","potions_obtained":[{"floor":7,"key":"Fruit Juice"},{"floor":13,"key":"Swift Potion"},{"floor":16,"key":"PowerPotion"},{"floor":18,"key":"LiquidBronze"},{"floor":20,"key":"SkillPotion"}],"is_trial":false,"path_per_floor":["M","?","?","T","$","R","M","M","T","R","M","R","M","M","R","B",null,"M","?","M","M"],"character_chosen":"THE_SILENT","items_purchased":["Bandage Up"],"campfire_rested":0,"item_purchase_floors":[5],"current_hp_per_floor":[70,52,45,45,45,45,53,57,57,57,45,45,49,45,45,21,75,48,48,52,7],"gold":213,"neow_bonus":"BOSS_RELIC","is_prod":false,"is_daily":false,"chose_seed":false,"campfire_upgraded":3,"win_rate":0,"timestamp":1563110120,"path_taken":["M","?","?","?","$","R","M","M","T","R","M","R","M","M","R","BOSS","M","?","M","M"],"build_version":"2019-07-05","purchased_purges":0,"victory":false,"max_hp_per_floor":[70,70,70,70,70,70,75,75,75,75,75,75,75,75,75,75,75,75,75,75,75],"card_choices":[{"not_picked":["PiercingWail","Expertise"],"picked":"Acrobatics","floor":0},{"not_picked":["Riddle With Holes","Poisoned Stab"],"picked":"Crippling Poison","floor":0},{"not_picked":["Sucker Punch","Quick Slash"],"picked":"Backflip","floor":0},{"not_picked":["Outmaneuver","Slice"],"picked":"PiercingWail","floor":0},{"not_picked":["Flying Knee","Heel Hook"],"picked":"Blur","floor":1},{"not_picked":["Sucker Punch","Dagger Throw"],"picked":"Backflip","floor":7},{"not_picked":["Backstab","Distraction"],"picked":"PiercingWail","floor":8},{"not_picked":["Outmaneuver","Terror"],"picked":"Venomology","floor":11},{"not_picked":["Deadly Poison","Calculated Gamble"],"picked":"Acrobatics","floor":13},{"not_picked":["Outmaneuver","Flying Knee"],"picked":"Deflect","floor":14},{"not_picked":["Bullet Time","Glass Knife"],"picked":"After Image","floor":16},{"not_picked":["Slice","Deadly Poison"],"picked":"Deflect","floor":18},{"not_picked":["Cloak And Dagger","Quick Slash+1","Heel Hook+1"],"picked":"SKIP","floor":20}],"player_experience":96961,"relics_obtained":[{"floor":4,"key":"Paper Crane"}],"event_choices":[{"damage_healed":0,"gold_gain":0,"player_choice":"Success","damage_taken":18,"relics_obtained":["Omamori"],"max_hp_gain":0,"max_hp_loss":0,"event_name":"Scrap Ooze","floor":2,"gold_loss":0},{"cards_removed":["Strike_G"],"damage_healed":0,"gold_gain":0,"player_choice":"Card Removal","damage_taken":7,"max_hp_gain":0,"max_hp_loss":0,"event_name":"Golden Wing","floor":3,"gold_loss":0},{"damage_healed":0,"gold_gain":0,"player_choice":"Ignored","damage_taken":0,"max_hp_gain":0,"max_hp_loss":0,"event_name":"Beggar","floor":19,"gold_loss":0}],"is_beta":false,"boss_relics":[{"not_picked":["Busted Crown","Runic Pyramid"],"picked":"White Beast Statue"}],"items_purged_floors":[],"is_endless":false,"potions_floor_spawned":[7,13,16,18,20],"killed_by":"Cultist and Chosen","ascension_level":2}