{"gold_per_floor":[119,133,145,145,158,158,177,177,201,216,50,50,65,99,99,176,176,189,204,78,78,95,95,127,127,127,127,127,152,152,169,169,169],"floor_reached":33,"playtime":1695,"items_purged":["Strike_B"],"score":574,"play_id":"9e1fd8c8-d3c5-4a16-b3cc-8458bcaa0b24","local_time":"20190430161929","is_ascension_mode":true,"campfire_choices":[{"data":"Glacier","floor":6,"key":"SMITH"},{"floor":8,"key":"REST"},{"floor":12,"key":"REST"},{"data":"Sunder","floor":15,"key":"SMITH"},{"floor":23,"key":"REST"},{"data":"Double Energy","floor":25,"key":"SMITH"},{"data":"Go for the Eyes","floor":27,"key":"SMITH"},{"floor":30,"key":"REST"},{"floor":32,"key":"REST"}],"neow_cost":"NONE","seed_source_timestamp":1802712876902827,"circlet_count":0,"master_deck":["AscendersBane","Strike_B","Strike_B","Strike_B","Defend_B","Defend_B","Defend_B","Defend_B","Zap","Dualcast","Rip and Tear","Darkness","Glacier+1","Loop","Skim","Glacier","Sunder+1","Meteor Strike","Go for the Eyes+1","Capacitor","Reinforced Body","Double Energy+1","Multi-Cast"],"relics":["Cracked Core","Centennial Puzzle","DataDisk","Lantern","PreservedInsect","Smiling Mask","Sozu","Turnip","Mummified Hand","Anchor"],"potions_floor_usage":[7,14,16,31],"damage_taken":[{"damage":12,"enemies":"Jaw Worm","floor":1,"turns":2},{"damage":1,"enemies":"Cultist","floor":2,"turns":3},{"damage":2,"enemies":"Small Slimes","floor":3,"turns":3},{"damage":8,"enemies":"Blue Slaver","floor":5,"turns":2},{"damage":22,"enemies":"Exordium Wildlife","floor":7,"turns":4},{"damage":7,"enemies":"Exordium Thugs","floor":10,"turns":4},{"damage":2,"enemies":"Lots of Slimes","floor":13,"turns":5},{"damage":10,"enemies":"Lagavulin","floor":14,"turns":5},{"damage":5,"enemies":"Slime Boss","floor":16,"turns":18},{"damage":8,"enemies":"2 Thieves","floor":18,"turns":5},{"damage":0,"enemies":"Chosen","floor":19,"turns":6},{"damage":18,"enemies":"Shelled Parasite and Fungi","floor":22,"turns":6},{"damage":10,"enemies":"Slavers","floor":24,"turns":4},{"damage":9,"enemies":"Book of Stabbing","floor":29,"turns":4},{"damage":10,"enemies":"3 Cultists","floor":31,"turns":6},{"damage":64,"enemies":"Automaton","floor":33,"turns":8}],"seed_played":"5939554177921818274","potions_obtained":[{"floor":2,"key":"FocusPotion"},{"floor":3,"key":"Regen Potion"},{"floor":13,"key":"SpeedPotion"},{"floor":14,"key":"Dexterity Potion"},{"floor":16,"key":"Fire Potion"}],"is_trial":false,"path_per_floor":["M","M","M","?","M","R","M","R","T","M","$","R","M","E","R","B",null,"M","M","$","?","M","R","E","R","T","R","?","E","R","M","R","B"],"character_chosen":"DEFECT","items_purchased":["PreservedInsect","Capacitor"],"campfire_rested":5,"item_purchase_floors":[11,20],"current_hp_per_floor":[52,51,49,49,41,41,31,52,52,45,45,66,64,54,54,49,66,58,58,58,58,40,61,51,51,51,51,31,22,44,34,56,0],"gold":169,"neow_bonus":"RANDOM_COMMON_RELIC","is_prod":false,"is_daily":false,"chose_seed":false,"campfire_upgraded":4,"win_rate":0,"timestamp":1556655569,"path_taken":["M","M","M","?","M","R","M","R","T","M","?","R","?","E","R","BOSS","M","M","$","?","M","R","E","R","T","R","?","E","R","M","R","BOSS"],"build_version":"2019-01-23","purchased_purges":1,"victory":false,"max_hp_per_floor":[71,71,71,71,71,71,71,71,71,71,71,71,71,71,71,71,71,71,71,71,71,71,71,71,71,71,71,76,76,76,76,76,76],"card_choices":[{"not_picked":["Rebound","Barrage"],"picked":"Turbo","floor":1},{"not_picked":["Barrage","Self Repair"],"picked":"Rip and Tear","floor":2},{"not_picked":["Gash","Barrage"],"picked":"Darkness","floor":3},{"not_picked":["Coolheaded","Tempest"],"picked":"Glacier","floor":5},{"not_picked":["Redo","Thunder Strike"],"picked":"Loop","floor":7},{"not_picked":["Redo","Steam"],"picked":"Skim","floor":10},{"not_picked":["Redo","Streamline"],"picked":"Glacier","floor":13},{"not_picked":["Hologram","Reprogram"],"picked":"Sunder","floor":14},{"not_picked":["Multi-Cast","All For One"],"picked":"Meteor Strike","floor":16},{"not_picked":["Cold Snap","Streamline","Stack"],"picked":"SKIP","floor":18},{"not_picked":["Cold Snap","Ball Lightning+1"],"picked":"Go for the Eyes","floor":19},{"not_picked":["Sweeping Beam","Doom and Gloom"],"picked":"Reinforced Body","floor":22},{"not_picked":["Recycle","Static Discharge"],"picked":"Double Energy","floor":24},{"not_picked":["Barrage","Double Energy"],"picked":"Multi-Cast","floor":29},{"not_picked":["Aggregate","Reinforced Body","Go for the Eyes"],"picked":"SKIP","floor":31}],"player_experience":3528612,"relics_obtained":[{"floor":9,"key":"Lantern"},{"floor":14,"key":"Smiling Mask"},{"floor":24,"key":"Turnip"},{"floor":26,"key":"Mummified Hand"},{"floor":29,"key":"Anchor"}],"event_choices":[{"cards_removed":["Turbo"],"damage_healed":0,"gold_gain":0,"player_choice":"Gave Card","damage_taken":0,"relics_obtained":["DataDisk"],"max_hp_gain":0,"max_hp_loss":0,"event_name":"WeMeetAgain","floor":4,"gold_loss":0},{"damage_healed":0,"gold_gain":0,"player_choice":"Ignored","damage_taken":0,"max_hp_gain":0,"max_hp_loss":0,"event_name":"Ghosts","floor":21,"gold_loss":0},{"damage_healed":0,"gold_gain":0,"player_choice":"Shed Blood","damage_taken":25,"max_hp_gain":5,"max_hp_loss":0,"event_name":"Forgotten Altar","floor":28,"gold_loss":0}],"is_beta":false,"boss_relics":[{"not_picked":["Astrolabe","Ectoplasm"],"picked":"Sozu"}],"items_purged_floors":[20],"is_endless":false,"potions_floor_spawned":[2,3,13,14,16,22,24,29],"killed_by":"Automaton","ascension_level":20}