{"gold_per_floor":[114,16,31,31,46,46,61,61,61,91,106,136,136,151,151,251,251,266,266],"floor_reached":19,"playtime":1922,"items_purged":["Strike_G"],"score":204,"play_id":"b689f341-3ddb-4b40-a649-4e710b2fdb2f","local_time":"20181212110920","daily_mods":["Cursed Run","ControlledChaos","Terminal"],"is_ascension_mode":false,"campfire_choices":[{"data":"Footwork","floor":6,"key":"SMITH"},{"data":"Neutralize","floor":8,"key":"SMITH"},{"data":"Prepared","floor":13,"key":"SMITH"},{"data":"Survivor","floor":15,"key":"SMITH"}],"neow_cost":"","seed_source_timestamp":0,"circlet_count":0,"master_deck":["Defend_G","Defend_G","Defend_G","Defend_G","Defend_G","Strike_G","Strike_G","Strike_G","Strike_G","Survivor+1","Neutralize+1","PiercingWail","Backflip","Footwork+1","PiercingWail","Doubt","Dash","Prepared+1","PiercingWail","Writhe","Storm of Steel","Acrobatics"],"special_seed":17877,"relics":["Cursed Key","Darkstone Periapt","Du-Vu Doll","Frozen Eye","Dodecahedron","Bag of Preparation","Dead Branch","HoveringKite"],"potions_floor_usage":[10,10,12],"damage_taken":[{"damage":1,"enemies":"Cultist","floor":1,"turns":4},{"damage":0,"enemies":"Small Slimes","floor":3,"turns":4},{"damage":0,"enemies":"Jaw Worm","floor":5,"turns":4},{"damage":0,"enemies":"2 Fungi Beasts","floor":7,"turns":4},{"damage":0,"enemies":"Gremlin Nob","floor":10,"turns":3},{"damage":0,"enemies":"Exordium Thugs","floor":11,"turns":4},{"damage":8,"enemies":"Lagavulin","floor":12,"turns":6},{"damage":0,"enemies":"Looter","floor":14,"turns":4},{"damage":13,"enemies":"The Guardian","floor":16,"turns":11},{"damage":0,"enemies":"Chosen","floor":18,"turns":6},{"damage":0,"enemies":"Colosseum Slavers","floor":19,"turns":5},{"damage":74,"enemies":"Colosseum Nobs","floor":19,"turns":6}],"seed_played":"-2893095537371468072","potions_obtained":[{"floor":1,"key":"Regen Potion"},{"floor":4,"key":"GamblersBrew"},{"floor":4,"key":"SteroidPotion"},{"floor":5,"key":"Poison Potion"},{"floor":11,"key":"Dexterity Potion"}],"is_trial":false,"path_per_floor":["M","$","M","?","M","R","M","R","T","E","M","E","R","M","R","B",null,"M","?"],"character_chosen":"THE_SILENT","items_purchased":["Backflip"],"campfire_rested":0,"item_purchase_floors":[2],"current_hp_per_floor":[68,67,66,65,64,63,62,61,66,65,64,56,56,56,56,49,64,63,0],"gold":266,"neow_bonus":"","is_prod":false,"is_daily":true,"chose_seed":false,"campfire_upgraded":4,"win_rate":0,"timestamp":1544630960,"path_taken":["M","$","?","?","?","R","M","R","T","E","M","E","R","M","R","BOSS","M","?"],"build_version":"2018-12-06","purchased_purges":1,"victory":false,"max_hp_per_floor":[68,67,66,65,64,63,62,61,66,65,64,63,62,61,60,65,64,63,63],"card_choices":[{"not_picked":["Bouncing Flask","Dodge and Roll"],"picked":"PiercingWail","floor":1},{"not_picked":["Escape Plan","Noxious Fumes"],"picked":"Footwork","floor":3},{"not_picked":["Cloak And Dagger","Prepared"],"picked":"PiercingWail","floor":5},{"not_picked":["Slice","Endless Agony","Leg Sweep"],"picked":"SKIP","floor":7},{"not_picked":["Distraction","Deflect"],"picked":"Dash","floor":10},{"not_picked":["Deadly Poison","Setup"],"picked":"Prepared","floor":11},{"not_picked":["Bouncing Flask","Deflect"],"picked":"PiercingWail","floor":12},{"not_picked":["Outmaneuver","Skewer","Cloak And Dagger"],"picked":"SKIP","floor":14},{"not_picked":["Wraith Form v2","Burst"],"picked":"Storm of Steel","floor":16},{"not_picked":["Quick Slash+1","Flechettes"],"picked":"Acrobatics","floor":18}],"player_experience":2837404,"relics_obtained":[{"floor":9,"key":"Dodecahedron"},{"floor":10,"key":"Bag of Preparation"},{"floor":12,"key":"Dead Branch"}],"event_choices":[{"damage_healed":0,"gold_gain":0,"player_choice":"Got Potions","damage_taken":0,"max_hp_gain":0,"max_hp_loss":0,"event_name":"Lab","floor":4,"gold_loss":0},{"damage_healed":0,"gold_gain":0,"player_choice":"Fight","damage_taken":0,"max_hp_gain":0,"max_hp_loss":0,"event_name":"Colosseum","floor":19,"gold_loss":0},{"damage_healed":0,"gold_gain":0,"player_choice":"Fought Nobs","damage_taken":0,"max_hp_gain":0,"max_hp_loss":0,"event_name":"Colosseum","floor":19,"gold_loss":0}],"is_beta":false,"boss_relics":[{"not_picked":["Ectoplasm","Pandora\u0027s Box"],"picked":"HoveringKite"}],"items_purged_floors":[2],"is_endless":false,"potions_floor_spawned":[1,5,7,11],"killed_by":"Colosseum Nobs","ascension_level":0}