{"gold_per_floor":[116,41,41,41,41,71,71,105,105,30,48,48,67,79,79,180,180,199,99,117,117,134,145,161,161,161,193,193,228,228,248,248,248],"floor_reached":33,"playtime":2197,"items_purged":["Strike_R","Strike_R"],"score":443,"play_id":"a838051f-3b11-4173-aaa8-4a3302083eef","local_time":"20181213153013","is_ascension_mode":true,"campfire_choices":[{"data":"Barricade","floor":7,"key":"SMITH"},{"data":"Burning Pact","floor":12,"key":"SMITH"},{"data":"Demon Form","floor":15,"key":"SMITH"},{"floor":25,"key":"REST"},{"data":"Flame Barrier","floor":28,"key":"SMITH"},{"data":"Bash","floor":30,"key":"SMITH"},{"data":"Defend_R","floor":32,"key":"SMITH"}],"neow_cost":"TEN_PERCENT_HP_LOSS","seed_source_timestamp":76855131793103,"circlet_count":0,"master_deck":["AscendersBane","Strike_R","Strike_R","Defend_R+1","Defend_R","Defend_R","Defend_R","Bash+1","Demon Form+1","Anger","Barricade+1","Rampage","Burning Pact+1","Flame Barrier+1","True Grit+1","Headbutt+1","Reaper+1","Iron Wave+1","Cleave+1","Infernal Blade+1","Iron Wave+1"],"relics":["Burning Blood","Thread and Needle","Molten Egg 2","Anchor","Bottled Lightning","Busted Crown","Juzu Bracelet","Dead Branch","Ice Cream"],"potions_floor_usage":[16,27,33,33,33],"damage_taken":[{"damage":11,"enemies":"Small Slimes","floor":1,"turns":4},{"damage":5,"enemies":"Lagavulin","floor":6,"turns":7},{"damage":27,"enemies":"Gremlin Nob","floor":8,"turns":4},{"damage":0,"enemies":"2 Louse","floor":11,"turns":2},{"damage":0,"enemies":"Jaw Worm","floor":13,"turns":3},{"damage":0,"enemies":"Looter","floor":14,"turns":4},{"damage":33,"enemies":"The Guardian","floor":16,"turns":10},{"damage":5,"enemies":"Chosen","floor":18,"turns":6},{"damage":1,"enemies":"Shell Parasite","floor":20,"turns":5},{"damage":1,"enemies":"Centurion and Healer","floor":22,"turns":6},{"damage":13,"enemies":"Snake Plant","floor":23,"turns":6},{"damage":34,"enemies":"Shelled Parasite and Fungi","floor":24,"turns":13},{"damage":7,"enemies":"Gremlin Leader","floor":27,"turns":6},{"damage":23,"enemies":"Book of Stabbing","floor":29,"turns":5},{"damage":12,"enemies":"3 Cultists","floor":31,"turns":5},{"damage":84,"enemies":"Automaton","floor":33,"turns":14}],"seed_played":"-3179491339805574747","potions_obtained":[{"floor":8,"key":"Fire Potion"},{"floor":11,"key":"Block Potion"},{"floor":13,"key":"Fire Potion"},{"floor":20,"key":"PowerPotion"},{"floor":27,"key":"Dexterity Potion"}],"is_trial":false,"path_per_floor":["M","$","?","?","?","E","R","E","T","$","M","R","M","M","R","B",null,"M","$","M","?","M","M","M","R","T","E","R","E","R","M","R","B"],"character_chosen":"IRONCLAD","items_purchased":["Barricade"],"campfire_rested":1,"item_purchase_floors":[2],"current_hp_per_floor":[67,67,67,60,60,61,61,40,40,40,46,46,52,58,58,31,62,63,63,72,72,72,65,44,65,65,72,72,55,55,66,66,0],"gold":248,"neow_bonus":"THREE_RARE_CARDS","is_prod":false,"is_daily":false,"chose_seed":false,"campfire_upgraded":6,"win_rate":0,"timestamp":1544733013,"path_taken":["M","$","?","?","?","E","R","E","T","$","?","R","M","M","R","BOSS","M","$","M","?","?","M","?","R","T","E","R","E","R","M","R","BOSS"],"build_version":"2018-12-06","purchased_purges":2,"victory":false,"max_hp_per_floor":[72,72,72,72,72,72,72,72,72,72,72,72,72,72,72,72,72,72,72,72,72,72,72,72,72,72,72,72,72,72,72,72,72],"card_choices":[{"not_picked":["Exhume","Reaper"],"picked":"Demon Form","floor":0},{"not_picked":["Searing Blow","Thunderclap"],"picked":"Anger","floor":1},{"not_picked":["Disarm","Thunderclap"],"picked":"Burning Pact","floor":6},{"not_picked":["Searing Blow+1","Thunderclap+1"],"picked":"Flame Barrier","floor":8},{"not_picked":["Fire Breathing","Flame Barrier"],"picked":"True Grit","floor":11},{"not_picked":["Dropkick+1","Warcry"],"picked":"Headbutt+1","floor":13},{"not_picked":["Sword Boomerang+1","Burning Pact","Anger+1"],"picked":"SKIP","floor":14},{"not_picked":["Immolate+1","Dark Embrace"],"picked":"Reaper+1","floor":16},{"not_picked":[],"picked":"Iron Wave+1","floor":18},{"not_picked":["Warcry"],"picked":"SKIP","floor":20},{"not_picked":["Headbutt+1"],"picked":"SKIP","floor":22},{"not_picked":["Warcry"],"picked":"SKIP","floor":23},{"not_picked":[],"picked":"Cleave+1","floor":24},{"not_picked":[],"picked":"Infernal Blade+1","floor":27},{"not_picked":[],"picked":"Iron Wave+1","floor":29},{"not_picked":["Cleave+1"],"picked":"SKIP","floor":31}],"player_experience":2856701,"relics_obtained":[{"floor":6,"key":"Molten Egg 2"},{"floor":8,"key":"Anchor"},{"floor":9,"key":"Bottled Lightning"},{"floor":26,"key":"Juzu Bracelet"},{"floor":27,"key":"Dead Branch"},{"floor":29,"key":"Ice Cream"}],"event_choices":[{"damage_healed":0,"gold_gain":0,"player_choice":"Leave","damage_taken":0,"max_hp_gain":0,"max_hp_loss":0,"event_name":"The Cleric","floor":3,"gold_loss":0},{"damage_healed":0,"gold_gain":0,"player_choice":"Success","damage_taken":7,"relics_obtained":["Thread and Needle"],"max_hp_gain":0,"max_hp_loss":0,"event_name":"Scrap Ooze","floor":4,"gold_loss":0},{"damage_healed":0,"gold_gain":0,"cards_transformed":["Strike_R"],"player_choice":"Change","damage_taken":0,"max_hp_gain":0,"max_hp_loss":0,"event_name":"Living Wall","floor":5,"gold_loss":0,"cards_obtained":["Rampage"]},{"damage_healed":0,"gold_gain":0,"player_choice":"Forge","damage_taken":0,"max_hp_gain":0,"max_hp_loss":0,"event_name":"Accursed Blacksmith","floor":21,"gold_loss":0,"cards_upgraded":["True Grit"]}],"is_beta":false,"boss_relics":[{"not_picked":["Empty Cage","Runic Cube"],"picked":"Busted Crown"}],"items_purged_floors":[10,19],"is_endless":false,"potions_floor_spawned":[8,11,13,20,27,29,31],"killed_by":"Automaton","ascension_level":10}