{"gold_per_floor":[118,293,307,317,317,317,13,13,36,36,36,52,62,79,79,79],"floor_reached":16,"playtime":681,"items_purged":[],"score":101,"play_id":"daac8549-1072-4c08-9b45-67527d2493f0","local_time":"20180907172709","is_ascension_mode":true,"campfire_choices":[{"floor":6,"key":"REST"},{"data":"Chaos","floor":8,"key":"SMITH"},{"data":"Zap","floor":10,"key":"SMITH"},{"data":"Biased Cognition","floor":15,"key":"SMITH"}],"neow_cost":"PERCENT_DAMAGE","seed_source_timestamp":1110461063758208,"circlet_count":0,"master_deck":["Strike_B","Strike_B","Defend_B","Defend_B","Defend_B","Defend_B","Zap+1","Dualcast","White Noise","Multi-Cast","Chaos+1","Auto Shields","Cold Snap","Biased Cognition+1","Coolheaded","Leap"],"relics":["Cracked Core","Thread and Needle","Centennial Puzzle"],"potions_floor_usage":[16,16,16],"damage_taken":[{"damage":0,"enemies":"Cultist","floor":1,"turns":3},{"damage":3,"enemies":"Small Slimes","floor":3,"turns":4},{"damage":3,"enemies":"2 Louse","floor":4,"turns":3},{"damage":0,"enemies":"Blue Slaver","floor":12,"turns":3},{"damage":0,"enemies":"Looter","floor":13,"turns":3},{"damage":0,"enemies":"Red Slaver","floor":14,"turns":2},{"damage":69,"enemies":"Slime Boss","floor":16,"turns":18}],"seed_played":"7672599744993611748","potions_obtained":[{"floor":3,"key":"Swift Potion"},{"floor":4,"key":"Fire Potion"},{"floor":12,"key":"Poison Potion"},{"floor":14,"key":"PowerPotion"}],"is_trial":false,"path_per_floor":["M","?","M","M","?","R","$","R","T","R","$","M","M","M","R"],"character_chosen":"DEFECT","items_purchased":["Thread and Needle"],"campfire_rested":1,"item_purchase_floors":[7],"current_hp_per_floor":[54,54,51,48,41,63,63,63,63,63,63,63,63,63,63,0],"gold":79,"neow_bonus":"TRANSFORM_TWO_CARDS","is_prod":false,"is_daily":false,"chose_seed":false,"campfire_upgraded":3,"win_rate":0,"timestamp":1536355629,"path_taken":["M","?","M","M","?","R","$","R","T","R","?","M","M","M","R","BOSS"],"build_version":"2018-09-06","purchased_purges":0,"victory":false,"max_hp_per_floor":[75,75,75,75,75,75,75,75,75,75,75,75,75,75,75,75],"card_choices":[{"not_picked":["Streamline","Hello World"],"picked":"Chaos","floor":1},{"not_picked":["Hologram","Reinforced Body"],"picked":"Auto Shields","floor":3},{"not_picked":["Aggregate","Beam Cell"],"picked":"Cold Snap","floor":4},{"not_picked":["Scrape","Heatsinks"],"picked":"Biased Cognition","floor":12},{"not_picked":["Compile Driver","Ball Lightning"],"picked":"Coolheaded","floor":13},{"not_picked":["Compile Driver","Redo"],"picked":"Leap","floor":14}],"player_experience":81508,"relics_obtained":[{"floor":9,"key":"Centennial Puzzle"}],"event_choices":[{"event_name":"Liars Game","player_choice":"agreed","floor":2,"damage_taken":0},{"event_name":"Golden Wing","player_choice":"Card Removal","floor":5,"damage_taken":0}],"is_beta":false,"boss_relics":[],"items_purged_floors":[],"is_endless":false,"potions_floor_spawned":[3,4,12,14],"killed_by":"Slime Boss","ascension_level":2}