{"path_per_floor":["M","M","M","M","$","R","M","E","T","R","M","R","?","?","R","B",null,"M","?","M","$"],"character_chosen":"THE_SILENT","items_purchased":["Dash","Molten Egg 2","Dexterity Potion"],"gold_per_floor":[113,131,149,163,9,9,19,83,83,83,93,93,158,158,158,254,284,296,296,311,25],"floor_reached":22,"campfire_rested":3,"playtime":10301,"current_hp_per_floor":[63,57,53,51,51,51,51,21,21,41,34,54,14,2,22,11,58,61,45,21,21],"items_purged":["Parasite"],"gold":25,"score":288,"play_id":"26e05c13-e548-4154-acf3-159e34cfaac2","is_prod":false,"is_daily":false,"is_ascension_mode":true,"campfire_upgraded":1,"path_taken":["M","M","M","M","$","R","M","E","T","R","M","R","?","?","R","BOSS","M","?","M","$","M"],"build_version":"2018-02-12-PROD1","purchased_purges":1,"victory":false,"master_deck":["Defend_G","Defend_G","Defend_G","Defend_G","Defend_G","Strike_G","Strike_G","Strike_G","Strike_G","Strike_G","Survivor","Neutralize","Grand Finale","Deadly Poison+1","Backflip","Footwork","Dash","Calculated Gamble","Envenom","Prepared","Dagger Spray","Bouncing Flask"],"max_hp_per_floor":[70,70,70,70,67,67,67,67,67,67,67,67,67,67,67,67,72,72,72,72,72],"relics":["Ring of the Snake","Tiny Chest","Tingsha","Darkstone Periapt","Tiny House","Nilry\u0027s Codex","Molten Egg 2"],"card_choices":[{"not_picked":["Deflect","Setup"],"picked":"Deadly Poison"},{"not_picked":["Outmaneuver","Underhanded Strike"],"picked":"Backflip"},{"not_picked":["Backflip","Slice"],"picked":"Footwork"},{"not_picked":["Dagger Throw","Dodge and Roll"],"picked":"Calculated Gamble"},{"not_picked":["Phantasmal Killer","Venomology"],"picked":"Envenom"},{"not_picked":["Cloak And Dagger","Acrobatics"],"picked":"Prepared"},{"not_picked":["Bane","Dagger Throw"],"picked":"Dagger Spray"},{"not_picked":["Deflect","Grand Finale"],"picked":"Bouncing Flask"}],"player_experience":710972,"potions_floor_usage":[7,8,13,16,18,18,22],"damage_taken":[{"damage":0,"enemies":"2 Louse","floor":1,"turns":5},{"damage":6,"enemies":"Blue Slaver","floor":2,"turns":5},{"damage":4,"enemies":"Small Slimes","floor":3,"turns":4},{"damage":2,"enemies":"Looter","floor":4,"turns":5},{"damage":0,"enemies":"Gremlin Gang","floor":7,"turns":3},{"damage":30,"enemies":"Lagavulin","floor":8,"turns":8},{"damage":7,"enemies":"Exordium Wildlife","floor":11,"turns":5},{"damage":52,"enemies":"Gremlin Nob","floor":13,"turns":5},{"damage":11,"enemies":"The Guardian","floor":16,"turns":15},{"damage":9,"enemies":"3 Byrds","floor":18,"turns":7},{"damage":24,"enemies":"Spheric Guardian","floor":20,"turns":10},{"damage":28,"enemies":"Centurion and Healer","floor":22,"turns":8}],"event_choices":[{"event_name":"Dead Adventurer","player_choice":"Searched \u00271\u0027 times","floor":13,"damage_taken":0},{"event_name":"Scrap Ooze","player_choice":"unsuccessful","floor":14,"damage_taken":12},{"event_name":"Cursed Tome","player_choice":"Obtained Book","floor":19,"damage_taken":0}],"boss_relics":[{"not_picked":["Calling Bell","Question Card"],"picked":"Tiny House"}],"potions_floor_spawned":[3,7,11,13,13,20],"seed_played":"3951714928141636557","killed_by":"Centurion and Healer","ascension_level":11,"is_trial":false}