{"gold_per_floor":[117,135,210,210,7,7,7,20,45,59,78,92,21,38,38,133,133,149,161,161,161,179,190,190],"floor_reached":24,"playtime":1927,"items_purged":["Regret"],"score":192,"play_id":"787e14c5-dd51-4c50-8630-c5c47f219a5e","local_time":"20190720113546","is_ascension_mode":false,"campfire_choices":[{"data":"Backflip","floor":6,"key":"SMITH"},{"floor":15,"key":"REST"}],"neow_cost":"CURSE","seed_source_timestamp":777528528469072,"circlet_count":0,"master_deck":["Strike_G+1","Strike_G","Strike_G+1","Strike_G","Strike_G","Defend_G","Defend_G","Defend_G","Survivor","Neutralize","Normality","Skewer","Backflip+1","Well Laid Plans","PiercingWail","Backflip","Flechettes","Endless Agony","Acrobatics","A Thousand Cuts","Corpse Explosion","Dodge and Roll+1","Quick Slash","Shame","Bane","Sucker Punch+1"],"relics":["Ring of the Snake","Ice Cream","Ancient Tea Set","Snake Skull","Empty Cage","Bag of Marbles"],"potions_floor_usage":[16,22,23,24,24],"damage_taken":[{"damage":5,"enemies":"2 Louse","floor":1,"turns":4},{"damage":7,"enemies":"Small Slimes","floor":2,"turns":3},{"damage":3,"enemies":"Jaw Worm","floor":8,"turns":2},{"damage":2,"enemies":"Blue Slaver","floor":10,"turns":3},{"damage":1,"enemies":"3 Louse","floor":11,"turns":3},{"damage":0,"enemies":"2 Fungi Beasts","floor":12,"turns":3},{"damage":2,"enemies":"Looter","floor":14,"turns":3},{"damage":17,"enemies":"Slime Boss","floor":16,"turns":9},{"damage":15,"enemies":"3 Byrds","floor":18,"turns":3},{"damage":10,"enemies":"Chosen","floor":19,"turns":6},{"damage":10,"enemies":"Snecko","floor":22,"turns":4},{"damage":20,"enemies":"Chosen and Byrds","floor":23,"turns":8},{"damage":4,"enemies":"Book of Stabbing","floor":24,"turns":2}],"seed_played":"-2776045518831208010","potions_obtained":[{"floor":2,"key":"PowerPotion"},{"floor":11,"key":"Explosive Potion"},{"floor":12,"key":"EntropicBrew"},{"floor":14,"key":"SteroidPotion"},{"floor":16,"key":"GamblersBrew"},{"floor":18,"key":"Explosive Potion"},{"floor":23,"key":"Ancient Potion"}],"is_trial":false,"path_per_floor":["M","M","?","?","$","R","?","M","T","M","M","M","$","M","R","B",null,"M","M","?","?","M","M","E"],"character_chosen":"THE_SILENT","items_purchased":["Well Laid Plans","PiercingWail","A Thousand Cuts"],"campfire_rested":1,"item_purchase_floors":[5,5,13],"current_hp_per_floor":[65,58,47,47,47,47,33,30,30,28,27,27,27,25,46,29,70,55,45,45,32,22,2,0],"gold":190,"neow_bonus":"ONE_RARE_RELIC","is_prod":false,"is_daily":false,"chose_seed":false,"campfire_upgraded":1,"win_rate":0.0,"timestamp":1563640546,"path_taken":["M","M","?","?","$","R","?","M","T","M","M","M","$","M","R","BOSS","M","M","?","?","M","M","E"],"build_version":"2019-07-17","purchased_purges":1,"victory":false,"max_hp_per_floor":[70,70,70,70,70,70,70,70,70,70,70,70,70,70,70,70,70,70,70,70,75,75,75,75],"card_choices":[{"not_picked":["Tactician","Deflect"],"picked":"Skewer","floor":1},{"not_picked":["Flying Knee","Heel Hook"],"picked":"Backflip","floor":2},{"not_picked":["Dagger Throw","Reflex"],"picked":"Backflip","floor":8},{"not_picked":["Backflip","Distraction"],"picked":"Flechettes","floor":10},{"not_picked":["Dagger Throw","Prepared"],"picked":"Endless Agony","floor":11},{"not_picked":["Heel Hook","Deflect"],"picked":"Acrobatics","floor":12},{"not_picked":["Sucker Punch","Predator","Tactician"],"picked":"SKIP","floor":14},{"not_picked":["Malaise","After Image"],"picked":"Corpse Explosion","floor":16},{"not_picked":["Dagger Spray+1","Eviscerate"],"picked":"Dodge and Roll+1","floor":18},{"not_picked":["Riddle With Holes+1","All Out Attack"],"picked":"Quick Slash","floor":19},{"not_picked":["Blade Dance+1","Sucker Punch"],"picked":"Bane","floor":22},{"not_picked":["Underhanded Strike","Blade Dance"],"picked":"Sucker Punch+1","floor":23}],"player_experience":22929,"relics_obtained":[{"floor":9,"key":"Snake Skull"}],"event_choices":[{"damage_healed":0,"gold_gain":75,"player_choice":"Gather Gold","damage_taken":11,"max_hp_gain":0,"max_hp_loss":0,"event_name":"World of Goop","floor":3,"gold_loss":0},{"damage_healed":0,"gold_gain":0,"player_choice":"Box","damage_taken":0,"relics_obtained":["Ancient Tea Set"],"max_hp_gain":0,"max_hp_loss":0,"event_name":"Big Fish","floor":4,"gold_loss":0,"cards_obtained":["Regret"]},{"damage_healed":0,"gold_gain":0,"player_choice":"Entered Light","damage_taken":14,"max_hp_gain":0,"max_hp_loss":0,"event_name":"Shining Light","floor":7,"gold_loss":0,"cards_upgraded":["Strike_G","Strike_G"]},{"damage_healed":0,"gold_gain":0,"player_choice":"Stole Relic","damage_taken":0,"relics_obtained":["Bag of Marbles"],"max_hp_gain":0,"max_hp_loss":0,"event_name":"Addict","floor":20,"gold_loss":0,"cards_obtained":["Shame"]},{"damage_healed":0,"gold_gain":0,"player_choice":"Shed Blood","damage_taken":18,"max_hp_gain":5,"max_hp_loss":0,"event_name":"Forgotten Altar","floor":21,"gold_loss":0}],"is_beta":false,"boss_relics":[{"not_picked":["Coffee Dripper","Lizard Tail"],"picked":"Empty Cage"}],"items_purged_floors":[5],"is_endless":false,"potions_floor_spawned":[2,11,12,14,16,18,23],"killed_by":"Book of Stabbing","ascension_level":0}