{"gold_per_floor":[114,124,124,143,13,13,13,13,13,25,57,57,92,106,106,106],"floor_reached":16,"playtime":834,"items_purged":[],"score":220,"play_id":"4a00cdf0-dab0-4091-9136-3a3e5e7a7d1c","local_time":"20190501060740","is_ascension_mode":true,"campfire_choices":[{"data":"Zap","floor":6,"key":"SMITH"},{"data":"Defragment","floor":8,"key":"SMITH"},{"floor":12,"key":"REST"},{"floor":15,"key":"REST"}],"neow_cost":"TEN_PERCENT_HP_LOSS","seed_source_timestamp":1853264788163940,"circlet_count":0,"master_deck":["AscendersBane","Strike_B","Strike_B","Strike_B","Strike_B","Defend_B","Defend_B","Defend_B","Defend_B","Zap+1","Dualcast","All For One","Gash","Consume","Zap","Coolheaded","Defragment+1","Coolheaded","Leap"],"relics":["Cracked Core","Singing Bowl","Ancient Tea Set","DataDisk"],"potions_floor_usage":[11,13,14],"damage_taken":[{"damage":2,"enemies":"Jaw Worm","floor":1,"turns":3},{"damage":1,"enemies":"Cultist","floor":2,"turns":3},{"damage":16,"enemies":"2 Louse","floor":4,"turns":2},{"damage":8,"enemies":"Blue Slaver","floor":10,"turns":2},{"damage":14,"enemies":"Lagavulin","floor":11,"turns":6},{"damage":35,"enemies":"Gremlin Nob","floor":13,"turns":4},{"damage":4,"enemies":"Lots of Slimes","floor":14,"turns":5},{"damage":27,"enemies":"Slime Boss","floor":16,"turns":7}],"seed_played":"1918542000652097895","potions_obtained":[{"floor":1,"key":"Poison Potion"},{"floor":13,"key":"EssenceOfSteel"}],"is_trial":false,"path_per_floor":["M","M","?","M","$","R","?","R","T","M","E","R","E","M","R","B"],"character_chosen":"DEFECT","items_purchased":["Defragment","Fire Potion"],"campfire_rested":2,"item_purchase_floors":[5,5],"current_hp_per_floor":[62,61,61,45,45,45,45,45,45,37,23,42,9,7,27,0],"gold":106,"neow_bonus":"THREE_RARE_CARDS","is_prod":false,"is_daily":false,"chose_seed":false,"campfire_upgraded":2,"win_rate":0,"timestamp":1556705260,"path_taken":["M","M","?","?","$","R","?","R","T","M","E","R","E","M","R","BOSS"],"build_version":"2019-01-23","purchased_purges":0,"victory":false,"max_hp_per_floor":[64,64,64,64,64,64,64,64,64,64,64,64,66,68,68,68],"card_choices":[{"not_picked":["Reboot","Buffer"],"picked":"All For One","floor":0},{"not_picked":["Rip and Tear","Compile Driver"],"picked":"Gash","floor":1},{"not_picked":["Rebound","Ball Lightning"],"picked":"Consume","floor":2},{"not_picked":["Streamline","Go for the Eyes"],"picked":"Coolheaded","floor":4},{"not_picked":["Hologram","Sweeping Beam"],"picked":"Coolheaded","floor":10},{"not_picked":["Compile Driver","Reprogram"],"picked":"Leap","floor":11},{"not_picked":["Go for the Eyes","Scrape","Ball Lightning"],"picked":"Singing Bowl","floor":13},{"not_picked":["Cold Snap","Meteor Strike","Compile Driver"],"picked":"Singing Bowl","floor":14}],"player_experience":3533418,"relics_obtained":[{"floor":9,"key":"Singing Bowl"},{"floor":11,"key":"Ancient Tea Set"},{"floor":13,"key":"DataDisk"}],"event_choices":[{"damage_healed":0,"gold_gain":0,"player_choice":"1 cards matched","damage_taken":0,"max_hp_gain":0,"max_hp_loss":0,"event_name":"Match and Keep!","floor":3,"gold_loss":0,"cards_obtained":["Zap"]},{"damage_healed":0,"gold_gain":0,"player_choice":"Ignored","damage_taken":0,"max_hp_gain":0,"max_hp_loss":0,"event_name":"Liars Game","floor":7,"gold_loss":0}],"is_beta":false,"boss_relics":[],"items_purged_floors":[],"is_endless":false,"potions_floor_spawned":[1,13],"killed_by":"Slime Boss","ascension_level":20}