{"gold_per_floor":[115,128,128,128,2,2,31,31],"floor_reached":8,"playtime":255,"items_purged":[],"score":84,"play_id":"5a4fa7a9-f28e-46e1-9f47-cc9902123bf1","local_time":"20190410214249","is_ascension_mode":true,"campfire_choices":[{"floor":6,"key":"REST"}],"neow_cost":"NONE","seed_source_timestamp":95551518821806,"circlet_count":0,"master_deck":["AscendersBane","Strike_B","Strike_B","Strike_B+1","Strike_B","Defend_B","Defend_B","Defend_B","Defend_B","Zap+1","Dualcast","Defragment+1","Loop","Capacitor","Consume","Doom and Gloom"],"relics":["Cracked Core","Odd Mushroom"],"potions_floor_usage":[8],"damage_taken":[{"damage":1,"enemies":"2 Louse","floor":1,"turns":2},{"damage":9,"enemies":"Jaw Worm","floor":2,"turns":4},{"damage":39,"enemies":"The Mushroom Lair","floor":7,"turns":4},{"damage":30,"enemies":"3 Sentries","floor":8,"turns":2}],"seed_played":"4168178360917217368","potions_obtained":[{"floor":7,"key":"LiquidBronze"}],"is_trial":false,"path_per_floor":["M","M","?","?","$","R","?","E"],"character_chosen":"DEFECT","items_purchased":["Capacitor","Consume"],"campfire_rested":1,"item_purchase_floors":[5,5],"current_hp_per_floor":[70,61,38,38,38,61,22,0],"gold":31,"neow_bonus":"TEN_PERCENT_HP_BONUS","is_prod":false,"is_daily":false,"chose_seed":false,"campfire_upgraded":0,"win_rate":0,"timestamp":1554946969,"path_taken":["M","M","?","?","?","R","?","E"],"build_version":"2019-01-23","purchased_purges":0,"victory":false,"max_hp_per_floor":[78,78,78,78,78,78,78,78],"card_choices":[{"not_picked":["Barrage","Cold Snap"],"picked":"Defragment","floor":1},{"not_picked":["Gash","Skim"],"picked":"Loop","floor":2},{"not_picked":["Blizzard","Turbo"],"picked":"Doom and Gloom","floor":7}],"player_experience":3345910,"relics_obtained":[{"floor":7,"key":"Odd Mushroom"}],"event_choices":[{"damage_healed":0,"gold_gain":0,"player_choice":"Entered Light","damage_taken":23,"max_hp_gain":0,"max_hp_loss":0,"event_name":"Shining Light","floor":3,"gold_loss":0,"cards_upgraded":["Strike_B","Zap"]},{"damage_healed":0,"gold_gain":0,"player_choice":"Grow","damage_taken":0,"max_hp_gain":0,"max_hp_loss":0,"event_name":"Living Wall","floor":4,"gold_loss":0,"cards_upgraded":["Defragment"]},{"damage_healed":0,"gold_gain":0,"player_choice":"Fought Mushrooms","damage_taken":0,"max_hp_gain":0,"max_hp_loss":0,"event_name":"Mushrooms","floor":7,"gold_loss":0}],"is_beta":false,"boss_relics":[],"items_purged_floors":[],"is_endless":false,"potions_floor_spawned":[7],"killed_by":"3 Sentries","ascension_level":18}