{"gold_per_floor":[113,113,113,113,128,158,83,118,164,197,197,209,209,209,209,283,283,295,285,304,33,33,33,61,61,61,78,58,8,8,43,43,43],"floor_reached":33,"playtime":2547,"items_purged":["Strike_G","Strike_G","Shame"],"score":673,"play_id":"eaf70956-64c4-41f2-8c70-4a9cb0cd83d7","local_time":"20181109152758","is_ascension_mode":true,"campfire_choices":[{"data":"Riddle With Holes","floor":11,"key":"SMITH"},{"data":"Neutralize","floor":13,"key":"SMITH"},{"data":"Backflip","floor":15,"key":"SMITH"},{"floor":23,"key":"DIG"},{"floor":25,"key":"REST"},{"floor":32,"key":"REST"}],"neow_cost":"NONE","seed_source_timestamp":420890111633240,"circlet_count":0,"master_deck":["AscendersBane","Defend_G","Defend_G","Defend_G","Defend_G","Defend_G","Survivor","Neutralize+1","Riddle With Holes+1","Flying Knee","Blur","Dagger Spray","Flying Knee","Backflip+1","Corpse Explosion","PiercingWail","Deflect","Backstab","Blur","Well Laid Plans","Quick Slash+1","Storm of Steel","Slice+1"],"relics":["Ring of the Snake","NeowsBlessing","Lantern","Gremlin Horn","Bag of Preparation","Shuriken","Centennial Puzzle","Orrery","Juzu Bracelet","Shovel","Smiling Mask","Paper Crane","Art of War","CultistMask","Oddly Smooth Stone"],"potions_floor_usage":[8,10,20,24,24,27,31,31,31,31],"damage_taken":[{"damage":0,"enemies":"Jaw Worm","floor":1,"turns":1},{"damage":0,"enemies":"Small Slimes","floor":5,"turns":1},{"damage":0,"enemies":"Gremlin Nob","floor":6,"turns":1},{"damage":22,"enemies":"3 Sentries","floor":8,"turns":17},{"damage":8,"enemies":"Gremlin Nob","floor":10,"turns":4},{"damage":0,"enemies":"2 Louse","floor":12,"turns":2},{"damage":0,"enemies":"Hexaghost","floor":16,"turns":9},{"damage":0,"enemies":"3 Byrds","floor":18,"turns":4},{"damage":1,"enemies":"2 Thieves","floor":19,"turns":4},{"damage":0,"enemies":"Cultist and Chosen","floor":20,"turns":3},{"damage":26,"enemies":"Book of Stabbing","floor":24,"turns":7},{"damage":3,"enemies":"Snake Plant","floor":27,"turns":6},{"damage":13,"enemies":"Slavers","floor":31,"turns":4},{"damage":66,"enemies":"Champ","floor":33,"turns":12}],"seed_played":"-82759894640759108","potions_obtained":[{"floor":5,"key":"Weak Potion"},{"floor":8,"key":"SteroidPotion"},{"floor":10,"key":"Ancient Potion"},{"floor":12,"key":"Ancient Potion"},{"floor":16,"key":"Block Potion"},{"floor":20,"key":"AttackPotion"},{"floor":24,"key":"Swift Potion"},{"floor":27,"key":"Strength Potion"},{"floor":28,"key":"EntropicBrew"}],"is_trial":false,"path_per_floor":["M","?","?","?","M","E","$","E","T","E","R","M","R","T","R","B",null,"M","M","M","$","?","R","E","R","T","M","?","$","?","E","R","B"],"character_chosen":"THE_SILENT","items_purchased":["Juzu Bracelet"],"campfire_rested":2,"item_purchase_floors":[21],"current_hp_per_floor":[59,52,52,52,52,52,52,30,30,22,22,22,22,22,22,22,55,55,54,54,54,54,54,28,47,47,44,44,44,44,31,50,0],"gold":43,"neow_bonus":"THREE_ENEMY_KILL","is_prod":false,"is_daily":false,"chose_seed":false,"campfire_upgraded":3,"win_rate":0,"timestamp":1541795278,"path_taken":["M","?","?","?","?","E","$","E","T","E","R","M","R","?","R","BOSS","M","?","M","$","?","R","E","R","T","M","?","$","?","E","R","BOSS"],"build_version":"2018-11-08","purchased_purges":3,"victory":false,"max_hp_per_floor":[66,66,66,66,66,66,66,66,66,66,66,66,66,66,66,66,66,66,66,66,66,66,66,66,66,66,66,66,66,66,66,66,66],"card_choices":[{"not_picked":["Cloak And Dagger","Acrobatics"],"picked":"Riddle With Holes","floor":1},{"not_picked":["Terror","Acrobatics"],"picked":"Flying Knee","floor":5},{"not_picked":["Acrobatics","Flechettes"],"picked":"Blur","floor":6},{"not_picked":["A Thousand Cuts","Heel Hook"],"picked":"Dagger Spray","floor":8},{"not_picked":["Envenom","Prepared"],"picked":"Flying Knee","floor":10},{"not_picked":["Outmaneuver","Dagger Throw"],"picked":"Backflip","floor":12},{"not_picked":["Burst","Venomology"],"picked":"Corpse Explosion","floor":16},{"not_picked":["Skewer","Poisoned Stab"],"picked":"PiercingWail","floor":17},{"not_picked":["Flechettes","Outmaneuver"],"picked":"Deflect","floor":17},{"not_picked":["Slice","Cloak And Dagger"],"picked":"Backstab","floor":17},{"not_picked":["Infinite Blades","Caltrops"],"picked":"Blur","floor":17},{"not_picked":["Terror","Outmaneuver"],"picked":"Well Laid Plans","floor":17},{"not_picked":["Dagger Throw","Dodge and Roll"],"picked":"Quick Slash+1","floor":18},{"not_picked":["Dodge and Roll","Accuracy","Poisoned Stab"],"picked":"SKIP","floor":19},{"not_picked":["Dagger Throw","Prepared","Quick Slash"],"picked":"SKIP","floor":20},{"not_picked":["Quick Slash","Deflect"],"picked":"Storm of Steel","floor":24},{"not_picked":["Bane","Well Laid Plans","Underhanded Strike"],"picked":"SKIP","floor":27},{"not_picked":["Outmaneuver","Cloak And Dagger"],"picked":"Slice+1","floor":31}],"player_experience":2152835,"relics_obtained":[{"floor":6,"key":"Lantern"},{"floor":8,"key":"Gremlin Horn"},{"floor":9,"key":"Bag of Preparation"},{"floor":10,"key":"Shuriken"},{"floor":14,"key":"Centennial Puzzle"},{"floor":23,"key":"Smiling Mask"},{"floor":24,"key":"Paper Crane"},{"floor":26,"key":"Art of War"},{"floor":31,"key":"Oddly Smooth Stone"}],"event_choices":[{"cards_removed":["Strike_G"],"damage_healed":0,"gold_gain":0,"player_choice":"Card Removal","damage_taken":7,"max_hp_gain":0,"max_hp_loss":0,"event_name":"Golden Wing","floor":2,"gold_loss":0},{"cards_removed":["Strike_G"],"damage_healed":0,"gold_gain":0,"player_choice":"Forget","damage_taken":0,"max_hp_gain":0,"max_hp_loss":0,"event_name":"Living Wall","floor":3,"gold_loss":0},{"cards_removed":["Strike_G"],"damage_healed":0,"gold_gain":0,"player_choice":"Purged","damage_taken":0,"max_hp_gain":0,"max_hp_loss":0,"event_name":"Purifier","floor":4,"gold_loss":0},{"damage_healed":0,"gold_gain":0,"player_choice":"Stole Relic","damage_taken":0,"relics_obtained":["Shovel"],"max_hp_gain":0,"max_hp_loss":0,"event_name":"Addict","floor":22,"gold_loss":0,"cards_obtained":["Shame"]},{"damage_healed":0,"gold_gain":0,"player_choice":"Bought 1 Potion","damage_taken":0,"max_hp_gain":0,"max_hp_loss":0,"event_name":"The Woman in Blue","floor":28,"gold_loss":0},{"damage_healed":0,"gold_gain":0,"player_choice":"Trade","damage_taken":0,"relics_obtained":["CultistMask"],"max_hp_gain":0,"max_hp_loss":0,"event_name":"FaceTrader","floor":30,"gold_loss":0}],"is_beta":false,"boss_relics":[{"not_picked":["Calling Bell","Pandora\u0027s Box"],"picked":"Orrery"}],"items_purged_floors":[7,21,29],"is_endless":false,"potions_floor_spawned":[5,8,10,12,16,20,24,27],"killed_by":"Champ","ascension_level":16}