{"gold_per_floor":[112,129,144,161,176,203,219,232,232,250,250,262,262,282,282,387,387,352,372,372],"floor_reached":20,"playtime":2087,"items_purged":[],"score":284,"play_id":"29bcbaff-dc4a-4059-8642-7867e45421b0","local_time":"20190709214057","is_ascension_mode":false,"campfire_choices":[{"floor":11,"key":"REST"},{"floor":13,"key":"REST"},{"data":"Armaments","floor":15,"key":"SMITH"}],"neow_cost":"TEN_PERCENT_HP_LOSS","seed_source_timestamp":0,"circlet_count":0,"master_deck":["Strike_R","Strike_R","Strike_R","Strike_R","Strike_R","Defend_R","Defend_R","Defend_R","Defend_R","Bash","Armaments","Headbutt","Armaments+1","Searing Blow","Rampage","Cleave","Shrug It Off","Flame Barrier","Ghostly Armor","Inflame","Bludgeon","Writhe","Clumsy","Writhe","Clothesline+1","Heavy Blade+1"],"special_seed":0,"relics":["Burning Blood","Peace Pipe","Bag of Marbles","Shuriken","Calling Bell","Dream Catcher","Matryoshka","Champion Belt"],"potions_floor_usage":[20],"damage_taken":[{"damage":12.0,"enemies":"Cultist","floor":1.0,"turns":5.0},{"damage":7.0,"enemies":"2 Louse","floor":2.0,"turns":3.0},{"damage":2.0,"enemies":"Small Slimes","floor":3.0,"turns":4.0},{"damage":17.0,"enemies":"Looter","floor":4.0,"turns":4.0},{"damage":8.0,"enemies":"Large Slime","floor":5.0,"turns":8.0},{"damage":36.0,"enemies":"3 Sentries","floor":6.0,"turns":13.0},{"damage":9,"enemies":"Blue Slaver","floor":7,"turns":5},{"damage":5,"enemies":"Exordium Thugs","floor":8,"turns":4},{"damage":0,"enemies":"Lots of Slimes","floor":10,"turns":1},{"damage":9,"enemies":"2 Fungi Beasts","floor":12,"turns":3},{"damage":10,"enemies":"Exordium Thugs","floor":14,"turns":8},{"damage":53,"enemies":"The Guardian","floor":16,"turns":11},{"damage":37,"enemies":"2 Thieves","floor":18,"turns":5},{"damage":8,"enemies":"Chosen","floor":19,"turns":4},{"damage":61,"enemies":"Sentry and Sphere","floor":20,"turns":9}],"seed_played":"-8974415963570971085","potions_obtained":[{"floor":2.0,"key":"LiquidBronze"},{"floor":4.0,"key":"SneckoOil"},{"floor":10,"key":"BloodPotion"},{"floor":16,"key":"Poison Potion"}],"is_trial":false,"path_per_floor":["M","M","M","M","M","E","M","M","T","M","R","M","R","M","R","B",null,"M","M","M"],"character_chosen":"IRONCLAD","items_purchased":[],"campfire_rested":2,"item_purchase_floors":[],"current_hp_per_floor":[66,65,69,58,56,26,23,24,24,30,51,48,69,65,65,18,72,41,39,0],"gold":372,"neow_bonus":"ONE_RARE_RELIC","is_prod":false,"is_daily":false,"chose_seed":false,"campfire_upgraded":1,"win_rate":0.0,"timestamp":1562730057,"path_taken":["M","M","M","M","M","E","M","M","T","M","R","M","R","M","R","BOSS","M","M","?"],"build_version":"2019-07-05","purchased_purges":0,"victory":false,"max_hp_per_floor":[72,72,72,72,72,72,72,72,72,72,72,72,72,72,72,72,72,72,72,72],"card_choices":[{"not_picked":["Anger","Shrug It Off"],"picked":"Armaments","floor":1.0},{"not_picked":["Clash","Warcry"],"picked":"Headbutt","floor":2.0},{"not_picked":["Thunderclap","Battle Trance"],"picked":"Armaments","floor":3.0},{"not_picked":["True Grit","Flex"],"picked":"Searing Blow","floor":4.0},{"not_picked":["True Grit","Headbutt","Feel No Pain"],"picked":"SKIP","floor":5.0},{"not_picked":["Fire Breathing","Clash"],"picked":"Rampage","floor":6.0},{"not_picked":["Wild Strike","Barricade"],"picked":"Cleave","floor":7},{"not_picked":["Flex","Spot Weakness"],"picked":"Shrug It Off","floor":8},{"not_picked":["Disarm","Warcry"],"picked":"Flame Barrier","floor":10},{"not_picked":["Wild Strike","Twin Strike"],"picked":"Ghostly Armor","floor":12},{"not_picked":["Perfected Strike","Evolve"],"picked":"Inflame","floor":14},{"not_picked":["Reaper","Feed"],"picked":"Bludgeon","floor":16},{"not_picked":["Armaments","Body Slam"],"picked":"Clothesline+1","floor":18},{"not_picked":["Headbutt","Twin Strike+1"],"picked":"Heavy Blade+1","floor":19}],"player_experience":44422,"relics_obtained":[{"floor":6.0,"key":"Bag of Marbles"},{"floor":9,"key":"Shuriken"},{"floor":17,"key":"Dream Catcher"},{"floor":17,"key":"Matryoshka"},{"floor":17,"key":"Champion Belt"}],"event_choices":[],"is_beta":false,"boss_relics":[{"not_picked":["Eternal Feather","Orrery"],"picked":"Calling Bell"}],"items_purged_floors":[],"is_endless":false,"potions_floor_spawned":[2,4,10,14,16,18,19],"killed_by":"Sentry and Sphere","ascension_level":0}