{"gold_per_floor":[211,211,241,13,30,30,46,46,70,84,84,114,134,151,151,229,229,247,247,56,68,88,112,112,125,171,171,96,96,96,109,109,109],"floor_reached":33,"playtime":2155,"items_purged":[],"score":482,"play_id":"04e5c5a7-1f27-466b-9218-7577d4bfab97","local_time":"20181114115814","is_ascension_mode":true,"campfire_choices":[{"floor":6,"key":"REST"},{"data":"Footwork","floor":8,"key":"SMITH"},{"data":"Sucker Punch","floor":15,"key":"SMITH"},{"floor":24,"key":"REST"},{"floor":27,"key":"REST"},{"data":"Footwork","floor":29,"key":"SMITH"},{"data":"Neutralize","floor":32,"key":"SMITH"}],"neow_cost":"NONE","seed_source_timestamp":47252997084052,"circlet_count":0,"master_deck":["AscendersBane","Defend_G","Defend_G","Defend_G","Defend_G","Defend_G","Strike_G","Strike_G","Strike_G","Strike_G","Survivor","Neutralize+1","Footwork+1","Terror","Backflip","Dagger Throw","Backflip","PiercingWail","Sucker Punch+1","A Thousand Cuts","Backstab","Dark Shackles","Flying Knee","Footwork+1","Dodge and Roll","Backstab"],"relics":["Ring of the Snake","Tiny Chest","Vajra","Boot","Ninja Scroll","Oddly Smooth Stone","Philosopher\u0027s Stone","Strawberry","Lantern","Pen Nib"],"potions_floor_usage":[10,16,22,33],"damage_taken":[{"damage":12,"enemies":"Jaw Worm","floor":1,"turns":9},{"damage":0,"enemies":"Cultist","floor":5,"turns":4},{"damage":0,"enemies":"2 Louse","floor":7,"turns":3},{"damage":5,"enemies":"2 Fungi Beasts","floor":10,"turns":3},{"damage":16,"enemies":"3 Sentries","floor":12,"turns":9},{"damage":2,"enemies":"Looter","floor":13,"turns":2},{"damage":0,"enemies":"3 Louse","floor":14,"turns":3},{"damage":6,"enemies":"The Guardian","floor":16,"turns":12},{"damage":8,"enemies":"Shell Parasite","floor":18,"turns":7},{"damage":20,"enemies":"Spheric Guardian","floor":21,"turns":6},{"damage":3,"enemies":"Snecko","floor":22,"turns":6},{"damage":26,"enemies":"Sentry and Sphere","floor":25,"turns":7},{"damage":8,"enemies":"Centurion and Healer","floor":31,"turns":8},{"damage":51,"enemies":"Champ","floor":33,"turns":14}],"seed_played":"6955095975222589621","potions_obtained":[{"floor":1,"key":"Fire Potion"},{"floor":13,"key":"SkillPotion"},{"floor":18,"key":"Dexterity Potion"},{"floor":22,"key":"SneckoOil"},{"floor":25,"key":"SmokeBomb"}],"is_trial":false,"path_per_floor":["M","?","?","$","M","R","M","R","T","M","T","E","M","M","R","B",null,"M","T","$","M","M","T","R","M","T","R","?","R","?","M","R","B"],"character_chosen":"THE_SILENT","items_purchased":["Vajra","Dexterity Potion","Backstab","Dark Shackles"],"campfire_rested":3,"item_purchase_floors":[4,4,20,20],"current_hp_per_floor":[47,52,47,47,47,68,68,68,68,63,63,47,45,45,45,39,63,55,62,62,42,39,39,62,36,36,59,59,59,59,51,51,0],"gold":109,"neow_bonus":"HUNDRED_GOLD","is_prod":false,"is_daily":false,"chose_seed":false,"campfire_upgraded":4,"win_rate":0,"timestamp":1542214694,"path_taken":["M","?","?","$","M","R","M","R","T","M","?","E","M","M","R","BOSS","M","?","$","?","M","?","R","M","T","R","?","R","?","M","R","BOSS"],"build_version":"2018-11-08","purchased_purges":0,"victory":false,"max_hp_per_floor":[66,71,71,71,71,71,71,71,71,71,71,71,71,71,71,71,71,71,78,78,78,78,78,78,78,78,78,78,78,78,78,78,78],"card_choices":[{"not_picked":["Prepared","Acrobatics"],"picked":"Footwork","floor":1},{"not_picked":["Acrobatics","Tactician"],"picked":"Terror","floor":5},{"not_picked":["Deflect","All Out Attack"],"picked":"Backflip","floor":7},{"not_picked":["Deflect","Bane"],"picked":"Dagger Throw","floor":10},{"not_picked":["Wraith Form v2","Cloak And Dagger"],"picked":"Backflip","floor":12},{"not_picked":["Dodge and Roll","Infinite Blades"],"picked":"PiercingWail","floor":13},{"not_picked":["Deflect","Distraction"],"picked":"Sucker Punch","floor":14},{"not_picked":["Envenom","Doppelganger"],"picked":"A Thousand Cuts","floor":16},{"not_picked":["Outmaneuver","Flechettes","Sucker Punch"],"picked":"SKIP","floor":18},{"not_picked":["Skewer","Calculated Gamble"],"picked":"Flying Knee","floor":21},{"not_picked":["Underhanded Strike","Backflip+1"],"picked":"Footwork","floor":22},{"not_picked":["Sucker Punch","Dash"],"picked":"Dodge and Roll","floor":25},{"not_picked":["Sucker Punch","Tools of the Trade"],"picked":"Backstab","floor":31}],"player_experience":2291624,"relics_obtained":[{"floor":9,"key":"Boot"},{"floor":11,"key":"Ninja Scroll"},{"floor":12,"key":"Oddly Smooth Stone"},{"floor":19,"key":"Strawberry"},{"floor":23,"key":"Lantern"},{"floor":26,"key":"Pen Nib"}],"event_choices":[{"damage_healed":0,"gold_gain":0,"player_choice":"Donut","damage_taken":0,"max_hp_gain":5,"max_hp_loss":0,"event_name":"Big Fish","floor":2,"gold_loss":0},{"damage_healed":0,"gold_gain":0,"player_choice":"Success","damage_taken":5,"relics_obtained":["Tiny Chest"],"max_hp_gain":0,"max_hp_loss":0,"event_name":"Scrap Ooze","floor":3,"gold_loss":0},{"cards_removed":["Strike_G"],"damage_healed":0,"gold_gain":0,"player_choice":"Gave Gold","damage_taken":0,"max_hp_gain":0,"max_hp_loss":0,"event_name":"Beggar","floor":28,"gold_loss":75},{"damage_healed":0,"gold_gain":0,"player_choice":"Ignored","damage_taken":0,"max_hp_gain":0,"max_hp_loss":0,"event_name":"Cursed Tome","floor":30,"gold_loss":0}],"is_beta":false,"boss_relics":[{"not_picked":["Ring of the Serpent","Runic Pyramid"],"picked":"Philosopher\u0027s Stone"}],"items_purged_floors":[],"is_endless":false,"potions_floor_spawned":[1,7,13,18,22,25],"killed_by":"Champ","ascension_level":19}