{"path_per_floor":["M","M","?","$","?","R","M","M","T","$","M","R","$","M","R","B",null,"M","M","$","M","?","E","R","?","T","R","?","M","R","M","R","B",null,"M","?","?","M","$","R","?","M","T","M","?","R","M","M","R","B"],"character_chosen":"IRONCLAD","items_purchased":["Metallicize","Metallicize","True Grit","Whirlwind","Ancient Tea Set","Dexterity Potion"],"gold_per_floor":[113,124,124,53,53,53,68,78,78,3,16,16,16,34,34,131,131,144,156,67,80,80,111,111,211,211,211,111,125,125,145,145,250,250,268,268,268,278,10,10,0,14,14,31,80,80,100,113,113,113],"floor_reached":51,"campfire_rested":2,"playtime":5824,"current_hp_per_floor":[80,78,78,78,71,71,65,67,67,67,80,80,80,79,79,57,80,72,66,66,43,27,11,35,35,35,35,35,47,47,52,52,54,87,58,58,48,58,58,58,58,52,52,43,52,52,57,65,87,59],"items_purged":["Strike_R"],"gold":113,"play_id":"550862cc-ff91-4631-9376-152e5bd81a70","is_prod":false,"is_daily":false,"is_ascension_mode":false,"campfire_upgraded":8,"path_taken":["M","M","?","$","?","R","M","M","T","?","M","R","?","M","R","BOSS","M","M","$","M","?","E","R","?","T","R","?","M","R","M","R","BOSS","M","?","?","M","$","R","?","M","T","M","?","R","M","?","R","BOSS"],"build_version":"2018-02-01-PROD3","purchased_purges":1,"victory":true,"master_deck":["Strike_R","Defend_R","Defend_R","Defend_R","Defend_R","Bash","Inflame","Cleave+1","Good Instincts","Infernal Blade+1","Metallicize","Shockwave+1","Pommel Strike+1","Barricade+1","Battle Trance","Offering","Shrug It Off","Metallicize","True Grit+1","Body Slam+1","Flame Barrier","J.A.X.+1","Feel No Pain","Clumsy","Injury","Writhe","Thunderclap+1","Madness","Madness","Shrug It Off+1","Whirlwind+1","Evolve+1","Impervious"],"max_hp_per_floor":[80,80,80,80,80,80,80,80,80,80,80,80,80,80,80,80,80,80,80,80,80,80,80,80,80,80,80,80,80,80,80,80,80,87,87,87,87,87,87,87,87,87,87,87,87,87,87,87,87,87],"relics":["Burning Blood","Charon\u0027s Ashes","Snecko Eye","Enchiridion","Meat on the Bone","Du-Vu Doll","Calling Bell","Blood Vial","Mercury Hourglass","Strawberry","Ancient Tea Set","Red Mask","Dream Catcher","Champion Belt"],"card_choices":[{"not_picked":["Reckless Charge","Sword Boomerang"],"picked":"Inflame"},{"not_picked":["Twin Strike","Clash"],"picked":"Cleave"},{"not_picked":["Perfected Strike","True Grit"],"picked":"Shockwave"},{"not_picked":["Cleave","Rupture"],"picked":"Pommel Strike"},{"not_picked":["Spot Weakness","Shrug It Off"],"picked":"Barricade"},{"not_picked":["Flame Barrier","Second Wind"],"picked":"Battle Trance"},{"not_picked":["Dark Embrace","Barricade"],"picked":"Offering"},{"not_picked":["Feel No Pain","Searing Blow"],"picked":"Shrug It Off"},{"not_picked":["Cleave","Thunderclap"],"picked":"Body Slam"},{"not_picked":["True Grit","Spot Weakness"],"picked":"Flame Barrier"},{"not_picked":["Havoc","Flex"],"picked":"Feel No Pain"},{"not_picked":["Anger","Warcry"],"picked":"Thunderclap"},{"not_picked":["Flex","Cleave"],"picked":"Shrug It Off"},{"not_picked":["Rampage","Pummel"],"picked":"Evolve"},{"not_picked":["Anger","Dual Wield"],"picked":"Impervious"}],"player_experience":557543,"potions_floor_usage":[11,11,16,23,33,45,50,50],"damage_taken":[{"damage":1,"enemies":"Cultist","floor":1,"turns":3},{"damage":8,"enemies":"Blue Slaver","floor":2,"turns":5},{"damage":12,"enemies":"Jaw Worm","floor":7,"turns":5},{"damage":4,"enemies":"Exordium Thugs","floor":8,"turns":5},{"damage":8,"enemies":"Exordium Wildlife","floor":11,"turns":6},{"damage":7,"enemies":"Looter","floor":14,"turns":2},{"damage":28,"enemies":"Slime Boss","floor":16,"turns":8},{"damage":14,"enemies":"3 Byrds","floor":18,"turns":6},{"damage":12,"enemies":"Chosen","floor":19,"turns":5},{"damage":29,"enemies":"Slaver and Parasite","floor":21,"turns":7},{"damage":22,"enemies":"Gremlin Leader","floor":23,"turns":6},{"damage":6,"enemies":"Sentry and Sphere","floor":29,"turns":3},{"damage":13,"enemies":"Snake Plant","floor":31,"turns":4},{"damage":16,"enemies":"Collector","floor":33,"turns":9},{"damage":47,"enemies":"3 Darklings","floor":35,"turns":8},{"damage":10,"enemies":"Orb Walker","floor":38,"turns":4},{"damage":14,"enemies":"Sphere and 2 Shapes","floor":42,"turns":6},{"damage":29,"enemies":"Maw","floor":44,"turns":6},{"damage":11,"enemies":"Mysterious Sphere","floor":45,"turns":5},{"damage":3,"enemies":"3 Darklings","floor":47,"turns":3},{"damage":0,"enemies":"4 Shapes","floor":48,"turns":4},{"damage":34,"enemies":"Time Eater","floor":50,"turns":12}],"event_choices":[{"event_name":"Match and Keep!","player_choice":"2 cards matched","floor":3,"damage_taken":0},{"event_name":"Golden Wing","player_choice":"Card Removal","floor":5,"damage_taken":0},{"event_name":"Cursed Tome","player_choice":"Obtained Book","floor":22,"damage_taken":0},{"event_name":"Golden Shrine","player_choice":"Pray","floor":25,"damage_taken":0},{"event_name":"Drug Dealer","player_choice":"Got JAXXED","floor":28,"damage_taken":0},{"event_name":"Winding Halls","player_choice":"Embrace Madness","floor":37,"damage_taken":0},{"event_name":"Tomb of Lord Red Mask","player_choice":"Paid","floor":41,"damage_taken":0},{"event_name":"Mysterious Sphere","player_choice":"Fight","floor":45,"damage_taken":0}],"boss_relics":[{"not_picked":["Question Card","Eternal Feather"],"picked":"Snecko Eye"},{"not_picked":["Pandora\u0027s Box","Astrolabe"],"picked":"Calling Bell"}],"potions_floor_spawned":[1,2,8,21,29,35,42],"seed_played":"-723070969716229195","ascension_level":0,"is_trial":false}