{"gold_per_floor":[218,81,81,81,100,128,128,146,215,290,290,290,107,18,18,95,95,105,118,129,139,139],"floor_reached":22,"playtime":1519,"items_purged":[],"score":359,"play_id":"2c8cfcd7-84b3-4eec-90de-21342963921a","local_time":"20190702203431","is_ascension_mode":true,"campfire_choices":[{"data":"After Image","floor":7,"key":"SMITH"},{"floor":12,"key":"REST"},{"data":"Accuracy","floor":15,"key":"SMITH"}],"neow_cost":"NONE","seed_source_timestamp":1645834085916787,"circlet_count":0,"master_deck":["AscendersBane","Strike_G","Strike_G","Strike_G","Strike_G","Defend_G","Defend_G","Defend_G","Defend_G","Defend_G","Survivor","Neutralize","Blade Dance+1","Infinite Blades","Dagger Spray","Choke","Flying Knee","After Image+1","Deflect","Footwork","Backflip","PiercingWail","Accuracy+1","Tools of the Trade","Flying Knee+1","PiercingWail+1","Blade Dance"],"relics":["Ring of the Snake","Ancient Tea Set","Peace Pipe","Mummified Hand","Black Star"],"potions_floor_usage":[6,8,20,20],"damage_taken":[{"damage":0,"enemies":"Jaw Worm","floor":1,"turns":7},{"damage":0,"enemies":"2 Louse","floor":5,"turns":2},{"damage":10,"enemies":"3 Sentries","floor":6,"turns":5},{"damage":0,"enemies":"Cultist","floor":8,"turns":3},{"damage":7,"enemies":"Hexaghost","floor":16,"turns":10},{"damage":17,"enemies":"Shell Parasite","floor":18,"turns":5},{"damage":5,"enemies":"2 Thieves","floor":19,"turns":4},{"damage":13,"enemies":"Cultist and Chosen","floor":20,"turns":7},{"damage":15,"enemies":"Shelled Parasite and Fungi","floor":21,"turns":5},{"damage":10,"enemies":"3 Cultists","floor":22,"turns":4}],"seed_played":"2264344922255506585","potions_obtained":[{"floor":5,"key":"SteroidPotion"},{"floor":6,"key":"Energy Potion"},{"floor":16,"key":"GamblersBrew"},{"floor":19,"key":"AttackPotion"}],"is_trial":false,"path_per_floor":["M","$","?","?","M","E","R","M","T","?","?","R","$","$","R","B",null,"M","M","M","M","M"],"character_chosen":"THE_SILENT","items_purchased":["Infinite Blades","Dagger Spray","Footwork","Backflip","PiercingWail","Accuracy"],"campfire_rested":1,"item_purchase_floors":[2,2,13,13,13,14],"current_hp_per_floor":[59,59,41,41,41,31,31,31,31,20,20,39,39,39,39,32,58,41,36,23,8,0],"gold":139,"neow_bonus":"HUNDRED_GOLD","is_prod":false,"is_daily":false,"chose_seed":false,"campfire_upgraded":2,"win_rate":0,"timestamp":1562121271,"path_taken":["M","$","?","?","?","E","R","M","T","?","?","R","?","$","R","BOSS","M","M","?","?","M"],"build_version":"2019-06-30","purchased_purges":0,"victory":false,"max_hp_per_floor":[66,66,66,66,66,66,66,66,66,66,66,66,66,66,66,66,66,66,66,66,66,66],"card_choices":[{"not_picked":["Dodge and Roll","Cloak And Dagger"],"picked":"Blade Dance","floor":1},{"not_picked":["Outmaneuver","Slice"],"picked":"Flying Knee","floor":5},{"not_picked":["Tactician","Caltrops"],"picked":"After Image","floor":6},{"not_picked":["Dagger Spray","Dodge and Roll"],"picked":"Deflect","floor":8},{"not_picked":["Doppelganger","Venomology"],"picked":"Tools of the Trade","floor":16},{"not_picked":["Poisoned Stab","Dagger Throw+1"],"picked":"Flying Knee+1","floor":18},{"not_picked":["Heel Hook","Slice"],"picked":"PiercingWail+1","floor":19},{"not_picked":["Underhanded Strike","Deflect+1"],"picked":"Blade Dance","floor":20},{"not_picked":["Bane","Dodge and Roll","Predator"],"picked":"SKIP","floor":21}],"player_experience":1128690,"relics_obtained":[{"floor":6,"key":"Peace Pipe"},{"floor":9,"key":"Mummified Hand"}],"event_choices":[{"damage_healed":0,"gold_gain":0,"player_choice":"Success","damage_taken":18,"relics_obtained":["Ancient Tea Set"],"max_hp_gain":0,"max_hp_loss":0,"event_name":"Scrap Ooze","floor":3,"gold_loss":0},{"damage_healed":0,"gold_gain":0,"cards_transformed":["Strike_G"],"player_choice":"Transformed","damage_taken":0,"max_hp_gain":0,"max_hp_loss":0,"event_name":"Transmorgrifier","floor":4,"gold_loss":0,"cards_obtained":["Choke"]},{"damage_healed":0,"gold_gain":75,"player_choice":"Gather Gold","damage_taken":11,"max_hp_gain":0,"max_hp_loss":0,"event_name":"World of Goop","floor":10,"gold_loss":0},{"damage_healed":0,"gold_gain":0,"player_choice":"Grow","damage_taken":0,"max_hp_gain":0,"max_hp_loss":0,"event_name":"Living Wall","floor":11,"gold_loss":0,"cards_upgraded":["Blade Dance"]}],"is_beta":true,"boss_relics":[{"not_picked":["White Beast Statue","Runic Dome"],"picked":"Black Star"}],"items_purged_floors":[],"is_endless":false,"potions_floor_spawned":[5,6,16,19],"killed_by":"3 Cultists","ascension_level":19}