{"path_per_floor":["M","$","?","?","?","E","$","M","T","R","M","R","E","T","R","B",null,"M","$","M","?","M","E","R","$","T","?","$","?","E","M","R","B",null,"M","M","?","M","?"],"character_chosen":"THE_SILENT","items_purchased":["Noxious Fumes","Apotheosis","Toxic Egg","Flash of Steel","Acrobatics","Lantern","Anchor"],"gold_per_floor":[110,35,35,35,35,70,2,16,16,16,36,36,71,371,371,501,501,519,17,37,287,303,342,342,51,77,37,37,37,63,81,81,179,179,192,204,204,215,264],"floor_reached":40,"campfire_rested":1,"playtime":23184,"current_hp_per_floor":[70,70,53,53,53,53,53,53,53,53,53,53,53,53,53,50,70,70,70,60,60,41,14,35,35,35,35,35,35,47,49,49,50,77,77,77,77,71,66],"items_purged":["Strike_G"],"gold":264,"play_id":"e784a1ee-726b-4429-bd52-1a4ac40c7bcf","is_prod":false,"is_daily":false,"is_ascension_mode":true,"campfire_upgraded":4,"path_taken":["M","$","?","?","?","E","$","M","T","R","?","R","E","?","R","BOSS","M","$","M","?","M","E","R","$","T","?","?","?","E","M","R","BOSS","M","M","?","?","?","E"],"build_version":"2018-01-25-PROD3","purchased_purges":1,"victory":false,"master_deck":["Defend_G","Defend_G","Defend_G","Defend_G","Strike_G+1","Strike_G+1","Survivor+1","Neutralize+1","Blur+1","Noxious Fumes+1","Backflip","Quick Slash+1","Tools of the Trade+1","Riddle With Holes+1","Wraith Form+1","Concentrate+1","Apotheosis+1","Flash of Steel","Acrobatics+1","Prepared","Regret","Blur","Caltrops","Underhanded Strike+1","Setup","Burst","Dagger Throw+1","Escape Plan+1"],"max_hp_per_floor":[70,70,70,70,70,70,70,70,70,70,70,70,70,70,70,70,70,70,70,70,70,70,70,70,70,70,70,70,70,77,77,77,77,77,77,77,77,77,77],"relics":["Ring of the Snake","NeowsBlessing","Bloody Idol","Orichalcum","Thread and Needle","Whetstone","Old Coin","Astrolabe","Toxic Egg","Frozen Egg","Lantern","Anchor","Bronze Scales","Strawberry","The Specimen","Bird Faced Urn"],"card_choices":[{"not_picked":["Backstab","Bane"],"picked":"Blur"},{"not_picked":["Skewer","Underhanded Strike"],"picked":"Backflip"},{"not_picked":["Backflip","Endless Agony"],"picked":"Quick Slash"},{"not_picked":["Burst","Bullet Time"],"picked":"Tools of the Trade"},{"not_picked":["Bane","Reflex"],"picked":"Prepared"},{"not_picked":["Slice","Terror"],"picked":"Blur"},{"not_picked":["Underhanded Strike","Dagger Spray"],"picked":"Caltrops"},{"not_picked":["Distraction","Sucker Punch"],"picked":"Underhanded Strike"},{"not_picked":["Dash","Underhanded Strike"],"picked":"Dagger Throw"},{"not_picked":["Cloak And Dagger","Flying Knee"],"picked":"Escape Plan"}],"player_experience":313334,"potions_floor_usage":[16,16,20,23,23,30,30,31,33,38,40,40],"damage_taken":[{"damage":0,"enemies":"2 Louse","floor":1,"turns":1},{"damage":0,"enemies":"3 Sentries","floor":6,"turns":1},{"damage":0,"enemies":"Cultist","floor":8,"turns":1},{"damage":0,"enemies":"Blue Slaver","floor":11,"turns":4},{"damage":0,"enemies":"Lagavulin","floor":13,"turns":8},{"damage":3,"enemies":"Slime Boss","floor":16,"turns":10},{"damage":0,"enemies":"Chosen","floor":18,"turns":7},{"damage":10,"enemies":"2 Thieves","floor":20,"turns":4},{"damage":19,"enemies":"3 Cultists","floor":22,"turns":7},{"damage":42,"enemies":"Slavers","floor":23,"turns":7},{"damage":0,"enemies":"Book of Stabbing","floor":30,"turns":5},{"damage":3,"enemies":"Centurion and Healer","floor":31,"turns":7},{"damage":4,"enemies":"Automaton","floor":33,"turns":10},{"damage":3,"enemies":"3 Darklings","floor":35,"turns":5},{"damage":1,"enemies":"3 Shapes","floor":36,"turns":6},{"damage":11,"enemies":"Sphere and 2 Shapes","floor":38,"turns":6},{"damage":10,"enemies":"Mysterious Sphere","floor":39,"turns":5},{"damage":75,"enemies":"2 Orb Walkers","floor":40,"turns":6}],"event_choices":[{"event_name":"Golden Idol","player_choice":"Take Damage","floor":3,"damage_taken":0},{"event_name":"Living Wall","player_choice":"Grow","floor":4,"damage_taken":0},{"event_name":"Upgrade Shrine","player_choice":"Upgraded","floor":5,"damage_taken":0},{"event_name":"Golden Shrine","player_choice":"Desecrate","floor":21,"damage_taken":0},{"event_name":"The Woman in Blue","player_choice":"Bought 3 Potions","floor":27,"damage_taken":0},{"event_name":"Forgotten Altar","player_choice":"Gave Idol","floor":29,"damage_taken":0},{"event_name":"Match and Keep!","player_choice":"2 cards matched","floor":37,"damage_taken":0},{"event_name":"Mysterious Sphere","player_choice":"Fight","floor":39,"damage_taken":0}],"boss_relics":[{"not_picked":["Eternal Feather","Ectoplasm"],"picked":"Astrolabe"},{"not_picked":["Snecko Eye","Philosopher\u0027s Stone"],"picked":"The Specimen"}],"potions_floor_spawned":[6,8,13,18,22,31,33,35,39],"seed_played":"7915862813443502060","killed_by":"2 Orb Walkers","ascension_level":1,"is_trial":false}