{"gold_per_floor":[114,114,39,54,54,54,87,87,87,98,117,117,130,163,163,258,258,241,241,258,270,18,30,30,30,30,44,44,44,64,74,74,173,173,184,184,14,30,43,43,53,53,53,53,70,70,88,100,100,100],"floor_reached":51,"playtime":4243,"items_purged":["Strike_G","Strike_G","Strike_G"],"score":663,"play_id":"d7978da9-ecc7-4e85-a99f-a919cf2756d3","local_time":"20190629193329","is_ascension_mode":false,"campfire_choices":[{"data":"Poisoned Stab","floor":6,"key":"SMITH"},{"data":"Deadly Poison","floor":8,"key":"SMITH"},{"data":"Backflip","floor":12,"key":"SMITH"},{"floor":15,"key":"REST"},{"data":"Footwork","floor":24,"key":"SMITH"},{"floor":28,"key":"REST"},{"floor":32,"key":"REST"},{"data":"Noxious Fumes","floor":40,"key":"SMITH"},{"floor":42,"key":"DIG"},{"floor":46,"key":"DIG"},{"floor":49,"key":"REST"}],"neow_cost":"TEN_PERCENT_HP_LOSS","seed_source_timestamp":1448232019676078,"circlet_count":0,"master_deck":["Defend_G","Defend_G","Defend_G","Defend_G","Strike_G","Survivor","Neutralize+1","Poisoned Stab+1","Deadly Poison+1","Escape Plan","Bane","Backflip+1","Escape Plan","A Thousand Cuts","Footwork+1","Leg Sweep+1","Acrobatics+1","Noxious Fumes+1","Crippling Poison","PiercingWail+1","Pain","Dodge and Roll+1","Calculated Gamble","After Image","Dodge and Roll","Underhanded Strike+1","Well Laid Plans","Backflip+1","Bullet Time","Calculated Gamble+1"],"relics":["Ring of the Snake","Du-Vu Doll","Centennial Puzzle","Mummified Hand","Shovel","Snecko Eye","WarpedTongs","Blue Candle","WristBlade","Gremlin Horn","Pocketwatch","Meat on the Bone"],"potions_floor_usage":[7,18,23,27,33,33,41,50],"damage_taken":[{"damage":0,"enemies":"2 Louse","floor":1,"turns":3},{"damage":1,"enemies":"Cultist","floor":4,"turns":4},{"damage":9,"enemies":"3 Sentries","floor":7,"turns":11},{"damage":0,"enemies":"Jaw Worm","floor":10,"turns":2},{"damage":0,"enemies":"Exordium Wildlife","floor":11,"turns":3},{"damage":1,"enemies":"Red Slaver","floor":13,"turns":2},{"damage":16,"enemies":"Gremlin Nob","floor":14,"turns":3},{"damage":39,"enemies":"Slime Boss","floor":16,"turns":11},{"damage":3,"enemies":"2 Thieves","floor":18,"turns":4},{"damage":29,"enemies":"Spheric Guardian","floor":20,"turns":11},{"damage":0,"enemies":"Chosen and Byrds","floor":21,"turns":7},{"damage":0,"enemies":"Snecko","floor":23,"turns":5},{"damage":1,"enemies":"Centurion and Healer","floor":27,"turns":7},{"damage":6,"enemies":"Snake Plant","floor":30,"turns":6},{"damage":1,"enemies":"Snecko","floor":31,"turns":5},{"damage":20,"enemies":"Automaton","floor":33,"turns":12},{"damage":1,"enemies":"Orb Walker","floor":35,"turns":3},{"damage":2,"enemies":"3 Shapes","floor":38,"turns":7},{"damage":1,"enemies":"Sphere and 2 Shapes","floor":39,"turns":4},{"damage":8,"enemies":"Transient","floor":41,"turns":5},{"damage":1,"enemies":"3 Darklings","floor":45,"turns":7},{"damage":1,"enemies":"4 Shapes","floor":47,"turns":3},{"damage":8,"enemies":"Spire Growth","floor":48,"turns":5},{"damage":1,"enemies":"Awakened One","floor":50,"turns":16}],"seed_played":"-2663440228344476592","potions_obtained":[{"floor":1,"key":"Dexterity Potion"},{"floor":11,"key":"EssenceOfSteel"},{"floor":16,"key":"Poison Potion"},{"floor":20,"key":"Swift Potion"},{"floor":21,"key":"Energy Potion"},{"floor":23,"key":"Explosive Potion"},{"floor":38,"key":"AttackPotion"},{"floor":41,"key":"AttackPotion"},{"floor":47,"key":"GhostInAJar"}],"is_trial":false,"path_per_floor":["M","?","$","M","?","R","E","R","T","M","M","R","M","E","R","B",null,"M","?","M","M","$","M","R","?","T","M","R","?","M","M","R","B",null,"M","?","$","M","M","R","M","R","T","?","M","R","M","M","R","B",null],"character_chosen":"THE_SILENT","items_purchased":["Noxious Fumes","Crippling Poison","Dodge and Roll"],"campfire_rested":4,"item_purchase_floors":[22,22,37],"current_hp_per_floor":[63,63,63,62,62,62,53,53,53,53,53,53,52,36,54,15,63,60,60,31,31,31,31,31,31,31,30,48,48,42,41,59,39,63,62,62,62,60,59,59,51,51,51,51,50,50,49,41,59,58],"gold":100,"neow_bonus":"ONE_RARE_RELIC","is_prod":false,"is_daily":false,"chose_seed":false,"campfire_upgraded":5,"win_rate":0,"timestamp":1561851209,"path_taken":["M","?","?","M","?","R","E","R","T","M","M","R","M","E","R","BOSS","M","?","M","M","$","M","R","?","T","?","R","?","M","M","R","BOSS","M","?","$","M","M","R","M","R","T","?","M","R","?","M","R","BOSS"],"build_version":"2019-01-23","purchased_purges":3,"victory":true,"max_hp_per_floor":[63,63,63,63,63,63,63,63,63,63,63,63,63,63,63,63,63,63,63,63,63,63,63,63,63,63,63,63,63,63,63,63,63,63,63,63,63,63,63,63,63,63,63,63,63,63,63,63,63,63],"card_choices":[{"not_picked":["Masterful Stab","Leg Sweep"],"picked":"Poisoned Stab","floor":1},{"not_picked":["Caltrops","Acrobatics"],"picked":"Escape Plan","floor":4},{"not_picked":["Dagger Throw","Eviscerate"],"picked":"Bane","floor":7},{"not_picked":["All Out Attack","Flechettes","Heel Hook"],"picked":"SKIP","floor":10},{"not_picked":["Acrobatics","Riddle With Holes"],"picked":"Backflip","floor":11},{"not_picked":["All Out Attack","Dagger Spray","Blade Dance"],"picked":"SKIP","floor":13},{"not_picked":["Distraction","Sucker Punch"],"picked":"Escape Plan","floor":14},{"not_picked":["Grand Finale","Night Terror"],"picked":"A Thousand Cuts","floor":16},{"not_picked":["Slice+1","Predator"],"picked":"Footwork","floor":18},{"not_picked":["Poisoned Stab","Bouncing Flask+1"],"picked":"Leg Sweep+1","floor":20},{"not_picked":["Sucker Punch","Deadly Poison"],"picked":"Acrobatics+1","floor":21},{"not_picked":["Accuracy+1","Backstab"],"picked":"PiercingWail+1","floor":23},{"not_picked":["Reflex","Bane"],"picked":"Dodge and Roll+1","floor":27},{"not_picked":["Prepared","Quick Slash"],"picked":"Calculated Gamble","floor":30},{"not_picked":["Quick Slash+1","Prepared","Sucker Punch"],"picked":"SKIP","floor":31},{"not_picked":["Adrenaline","Night Terror"],"picked":"After Image","floor":33},{"not_picked":["Dagger Throw","Heel Hook","Poisoned Stab+1"],"picked":"SKIP","floor":35},{"not_picked":["Dagger Spray","Calculated Gamble+1","Outmaneuver"],"picked":"SKIP","floor":38},{"not_picked":["Tactician+1","Dash"],"picked":"Underhanded Strike+1","floor":39},{"not_picked":["Flying Knee+1","Quick Slash+1"],"picked":"Well Laid Plans","floor":41},{"not_picked":["Deflect","Blade Dance"],"picked":"Backflip+1","floor":45},{"not_picked":["Eviscerate","Reflex+1"],"picked":"Bullet Time","floor":47},{"not_picked":["Bane+1","Quick Slash"],"picked":"Calculated Gamble+1","floor":48}],"player_experience":3853467,"relics_obtained":[{"floor":7,"key":"Centennial Puzzle"},{"floor":9,"key":"Mummified Hand"},{"floor":14,"key":"Shovel"},{"floor":26,"key":"Blue Candle"},{"floor":42,"key":"Gremlin Horn"},{"floor":43,"key":"Pocketwatch"},{"floor":46,"key":"Meat on the Bone"}],"event_choices":[{"damage_healed":0,"gold_gain":0,"cards_transformed":["Strike_G"],"player_choice":"Transformed","damage_taken":0,"max_hp_gain":0,"max_hp_loss":0,"event_name":"Transmorgrifier","floor":2,"gold_loss":0,"cards_obtained":["Deadly Poison"]},{"damage_healed":0,"gold_gain":0,"player_choice":"Grow","damage_taken":0,"max_hp_gain":0,"max_hp_loss":0,"event_name":"Living Wall","floor":5,"gold_loss":0,"cards_upgraded":["Neutralize"]},{"damage_healed":0,"gold_gain":0,"player_choice":"Ignored","damage_taken":0,"max_hp_gain":0,"max_hp_loss":0,"event_name":"Vampires","floor":19,"gold_loss":0},{"damage_healed":0,"gold_gain":0,"player_choice":"Rummage","damage_taken":0,"relics_obtained":["WarpedTongs"],"max_hp_gain":0,"max_hp_loss":0,"event_name":"Accursed Blacksmith","floor":25,"gold_loss":0,"cards_obtained":["Pain"]},{"damage_healed":0,"gold_gain":0,"player_choice":"Ignored","damage_taken":0,"max_hp_gain":0,"max_hp_loss":0,"event_name":"Beggar","floor":29,"gold_loss":0},{"cards_removed":["Defend_G"],"damage_healed":0,"gold_gain":0,"player_choice":"Removed Skill","damage_taken":0,"max_hp_gain":0,"max_hp_loss":0,"event_name":"Falling","floor":36,"gold_loss":0},{"damage_healed":0,"gold_gain":0,"player_choice":"Ignored","damage_taken":0,"max_hp_gain":0,"max_hp_loss":0,"event_name":"NoteForYourself","floor":44,"gold_loss":0}],"is_beta":false,"boss_relics":[{"not_picked":["Velvet Choker","Black Star"],"picked":"Snecko Eye"},{"not_picked":["Coffee Dripper","Ring of the Serpent"],"picked":"WristBlade"}],"items_purged_floors":[3,22,37],"is_endless":false,"potions_floor_spawned":[1,11,16,20,21,23,38,41,47],"ascension_level":0}