{"path_per_floor":["M","$","M","M","M","R","?","R","T","M","R","M","?","E","R","B",null,"M","M","$","T","M","E","?","M","T","R","E","M","$","$","R","B",null,"M","M","M","$","M","R","M","R","T","R","M","M","E","?","R","B"],"character_chosen":"THE_SILENT","items_purchased":["Prepared","War Paint","Mind Blast","Anchor"],"gold_per_floor":[110,35,55,73,90,90,90,90,167,186,186,201,151,178,178,276,276,291,302,154,154,167,201,201,216,216,216,244,255,108,19,19,114,114,126,146,163,15,32,32,48,48,48,48,59,69,100,149,149,149],"floor_reached":51,"campfire_rested":2,"playtime":3548,"current_hp_per_floor":[66,66,66,66,68,68,61,61,61,66,66,66,66,60,60,34,76,68,68,68,68,68,43,43,15,15,41,31,33,33,33,60,42,88,90,83,81,81,81,81,85,85,85,85,91,91,90,92,92,30],"items_purged":["Pain","Strike_G"],"gold":149,"score":721,"play_id":"ef1adf51-291f-443f-84c9-314a915902ad","local_time":"20180408171630","is_prod":false,"is_daily":false,"is_ascension_mode":false,"campfire_upgraded":8,"timestamp":1523222190,"path_taken":["M","$","M","M","M","R","?","R","T","M","R","M","?","E","R","BOSS","M","M","?","?","M","E","?","M","T","R","E","M","?","$","R","BOSS","M","M","M","$","M","R","M","R","T","R","M","M","E","?","R","BOSS"],"build_version":"2018-04-05v2","purchased_purges":4,"victory":true,"master_deck":["Defend_G","Defend_G","Defend_G","Defend_G+1","Defend_G","Strike_G","Strike_G","Strike_G","Strike_G+1","Survivor","Neutralize+1","Dagger Throw+1","Flying Knee","Footwork+1","Well Laid Plans","Dagger Spray","Noxious Fumes+1","After Image+1","Adrenaline+1","Backstab+1","Bouncing Flask+1","Backstab+1","Prepared","Dagger Spray+1","Writhe","Backflip+1","Mind Blast+1","Tactician","Escape Plan+1","Deflect+1","Backflip+1","Deadly Poison+1","Blur"],"max_hp_per_floor":[70,70,70,70,72,72,72,72,72,72,72,72,72,72,72,72,76,78,78,78,78,78,80,80,82,82,84,84,86,86,86,88,88,88,90,90,92,92,92,92,92,92,92,92,94,94,94,96,96,96],"relics":["Calling Bell","Toolbox","Singing Bowl","Shuriken","Tiny Chest","Mercury Hourglass","Orrery","Gambling Chip","Dream Catcher","Ice Cream","Thread and Needle","Whetstone","War Paint","Philosopher\u0027s Stone","Anchor","Oddly Smooth Stone","Tough Bandages","Sundial"],"card_choices":[{"not_picked":["PiercingWail","Acrobatics"],"picked":"Dagger Throw","floor":1},{"not_picked":["Prepared","Dagger Throw"],"picked":"Flying Knee","floor":3},{"not_picked":["Sucker Punch","Concentrate"],"picked":"Footwork","floor":4},{"not_picked":["Quick Slash","PiercingWail"],"picked":"Well Laid Plans","floor":10},{"not_picked":["Backflip","Riddle With Holes"],"picked":"Dagger Spray","floor":12},{"not_picked":["Sucker Punch","Slice"],"picked":"Noxious Fumes","floor":14},{"not_picked":["Night Terror","Unload"],"picked":"After Image","floor":16},{"not_picked":["Dodge and Roll","Outmaneuver"],"picked":"Adrenaline","floor":17},{"not_picked":["Caltrops","Sucker Punch"],"picked":"Backstab","floor":17},{"not_picked":["Prepared","Poisoned Stab"],"picked":"Bouncing Flask","floor":17},{"not_picked":["Bane","Underhanded Strike"],"picked":"Backstab","floor":19},{"not_picked":["Bane","Prepared"],"picked":"Dagger Spray","floor":22},{"not_picked":["Tactician","PiercingWail"],"picked":"Backflip","floor":28},{"not_picked":["Bullet Time","Envenom"],"picked":"Tactician","floor":33},{"not_picked":["Terror","Underhanded Strike"],"picked":"Escape Plan","floor":36},{"not_picked":["Dash","Poisoned Stab"],"picked":"Deflect","floor":39},{"not_picked":["PiercingWail","Acrobatics"],"picked":"Backflip","floor":41},{"not_picked":["Backflip","Outmaneuver"],"picked":"Deadly Poison","floor":46},{"not_picked":["Heel Hook","Dash"],"picked":"Blur","floor":47}],"player_experience":1132120,"potions_floor_usage":[10,22,25,33,33,33,41,47,47,50],"damage_taken":[{"damage":4,"enemies":"Small Slimes","floor":1,"turns":4},{"damage":4,"enemies":"2 Louse","floor":3,"turns":3},{"damage":0,"enemies":"Cultist","floor":4,"turns":3},{"damage":0,"enemies":"Exordium Thugs","floor":5,"turns":4},{"damage":10,"enemies":"3 Louse","floor":10,"turns":6},{"damage":0,"enemies":"2 Fungi Beasts","floor":12,"turns":4},{"damage":10,"enemies":"Lagavulin","floor":14,"turns":6},{"damage":26,"enemies":"Hexaghost","floor":16,"turns":10},{"damage":10,"enemies":"Shell Parasite","floor":18,"turns":5},{"damage":0,"enemies":"Chosen","floor":19,"turns":3},{"damage":0,"enemies":"Snake Plant","floor":22,"turns":2},{"damage":27,"enemies":"Gremlin Leader","floor":23,"turns":6},{"damage":30,"enemies":"Cultist and Chosen","floor":25,"turns":6},{"damage":10,"enemies":"Book of Stabbing","floor":28,"turns":6},{"damage":0,"enemies":"3 Cultists","floor":29,"turns":4},{"damage":18,"enemies":"Collector","floor":33,"turns":7},{"damage":0,"enemies":"3 Shapes","floor":35,"turns":3},{"damage":7,"enemies":"Orb Walker","floor":36,"turns":2},{"damage":4,"enemies":"Maw","floor":37,"turns":6},{"damage":0,"enemies":"Sphere and 2 Shapes","floor":39,"turns":3},{"damage":0,"enemies":"3 Darklings","floor":41,"turns":5},{"damage":0,"enemies":"Maw","floor":45,"turns":7},{"damage":0,"enemies":"Sphere and 2 Shapes","floor":46,"turns":4},{"damage":13,"enemies":"2 Orb Walkers","floor":47,"turns":5},{"damage":0,"enemies":"Mysterious Sphere","floor":48,"turns":3},{"damage":66,"enemies":"Time Eater","floor":50,"turns":13}],"event_choices":[{"event_name":"Golden Wing","player_choice":"Card Removal","floor":7,"damage_taken":0},{"event_name":"The Cleric","player_choice":"Card Removal","floor":13,"damage_taken":0},{"event_name":"The Mausoleum","player_choice":"Yes","floor":24,"damage_taken":0},{"event_name":"Mysterious Sphere","player_choice":"Fight","floor":48,"damage_taken":0}],"boss_relics":[{"not_picked":["Snecko Eye","Eternal Feather"],"picked":"Orrery"},{"not_picked":["Tiny House","Velvet Choker"],"picked":"Philosopher\u0027s Stone"}],"potions_floor_spawned":[5,12,14,18,19,22,28,33,36,39,45,47],"seed_played":"-2538305998081288464","ascension_level":0,"is_trial":false}