{"path_per_floor":["M","?","M","M","M","R","?","M","T","M","$","?","R","E","R","B",null,"M","M","?","M","$"],"character_chosen":"THE_SILENT","items_purchased":["Regen Potion","Explosive Potion","Dagger Spray"],"gold_per_floor":[12,12,29,46,65,65,65,82,130,150,75,75,75,116,116,206,206,206,206,206,206,34],"floor_reached":23,"campfire_rested":0,"playtime":1741,"current_hp_per_floor":[50,50,50,45,41,41,63,63,63,63,63,62,62,54,54,31,54,46,46,46,3,3],"items_purged":["Strike_G","Strike_G"],"gold":34,"score":318,"play_id":"96380b6c-3c68-4a0c-a41a-5571de65d1d0","local_time":"20180305092505","is_prod":false,"is_daily":false,"is_ascension_mode":true,"campfire_upgraded":3,"timestamp":1520259905,"path_taken":["M","?","?","M","M","R","?","?","T","M","$","?","R","E","R","BOSS","M","M","?","M","$","M"],"build_version":"2018-03-01-PROD1","purchased_purges":2,"victory":false,"master_deck":["Defend_G","Defend_G","Defend_G","Defend_G","Defend_G","Strike_G","Survivor","Neutralize+1","Outmaneuver","Glass Knife+1","PiercingWail","Blur","Acrobatics","Bouncing Flask+1","Die Die Die","Heel Hook+1","Blur","Blur","Dagger Spray"],"max_hp_per_floor":[67,67,67,67,67,67,67,67,67,67,67,62,62,62,62,62,62,62,62,62,62,62],"relics":["Ring of the Snake","Dream Catcher","Golden Idol","Smiling Mask","Ectoplasm"],"card_choices":[{"not_picked":["Bane","Choke"],"picked":"Outmaneuver"},{"not_picked":["Deadly Poison","Wraith Form"],"picked":"PiercingWail"},{"not_picked":["Flying Knee","Eviscerate"],"picked":"Blur"},{"not_picked":["Reflex","Dagger Throw"],"picked":"Acrobatics"},{"not_picked":["Bane","Cloak And Dagger"],"picked":"Bouncing Flask"},{"not_picked":["Unload","Corpse Explosion"],"picked":"Die Die Die"},{"not_picked":["Backflip","PiercingWail"],"picked":"Heel Hook"},{"not_picked":["Terror","Bane"],"picked":"Blur"}],"player_experience":931085,"potions_floor_usage":[10,21,21,23,23,23],"damage_taken":[{"damage":13,"enemies":"Cultist","floor":1,"turns":8},{"damage":0,"enemies":"Small Slimes","floor":3,"turns":3},{"damage":5,"enemies":"Jaw Worm","floor":4,"turns":6},{"damage":4,"enemies":"2 Fungi Beasts","floor":5,"turns":5},{"damage":0,"enemies":"Blue Slaver","floor":8,"turns":4},{"damage":0,"enemies":"Lots of Slimes","floor":10,"turns":6},{"damage":8,"enemies":"Lagavulin","floor":14,"turns":6},{"damage":23,"enemies":"Hexaghost","floor":16,"turns":11},{"damage":8,"enemies":"Chosen","floor":18,"turns":5},{"damage":0,"enemies":"3 Byrds","floor":19,"turns":4},{"damage":43,"enemies":"Cultist and Chosen","floor":21,"turns":10},{"damage":12,"enemies":"Slaver and Parasite","floor":23,"turns":1}],"event_choices":[{"event_name":"Living Wall","player_choice":"Change","floor":2,"damage_taken":0},{"event_name":"Big Fish","player_choice":"Banana","floor":7,"damage_taken":0},{"event_name":"Golden Idol","player_choice":"Lose Max HP","floor":12,"damage_taken":0},{"event_name":"The Library","player_choice":"Read","floor":20,"damage_taken":0}],"boss_relics":[{"not_picked":["Velvet Choker","Calling Bell"],"picked":"Ectoplasm"}],"potions_floor_spawned":[3,16,18,19],"seed_played":"-30283616809048045","killed_by":"Slaver and Parasite","ascension_level":13,"is_trial":false}