{"gold_per_floor":[112,127,58,58,58,58,58,101,150,150,194,194,294,307,307,428,428,447,461,480,480,504,504,544,544],"floor_reached":25,"playtime":1278,"items_purged":[],"score":209,"play_id":"a92c8c3b-965c-4b42-9b7d-b3c514b88197","local_time":"20190422121739","is_ascension_mode":false,"campfire_choices":[{"data":"Bash","floor":7,"key":"SMITH"},{"data":"Rampage","floor":10,"key":"SMITH"},{"floor":12,"key":"REST"},{"data":"Shrug It Off","floor":15,"key":"SMITH"},{"floor":23,"key":"REST"}],"neow_cost":"NONE","seed_source_timestamp":1097418299080155,"circlet_count":0,"master_deck":["Strike_R","Defend_R","Defend_R","Defend_R","Defend_R","Bash+1","Shrug It Off+1","Thunderclap","Rampage+1","Sentinel","Seeing Red","Dark Embrace","Demon Form+1","Dropkick+1","Cleave+1","Sever Soul","Havoc+1","Seeing Red"],"relics":["Burning Blood","Golden Idol","Darkstone Periapt","Anchor","Letter Opener","Astrolabe","Red Mask"],"potions_floor_usage":[8,16,16,20,22,24],"damage_taken":[{"damage":6,"enemies":"Cultist","floor":1,"turns":4},{"damage":9,"enemies":"2 Louse","floor":2,"turns":3},{"damage":38,"enemies":"3 Sentries","floor":8,"turns":8},{"damage":34,"enemies":"Lagavulin","floor":11,"turns":10},{"damage":0,"enemies":"Small Slimes","floor":14,"turns":3},{"damage":36,"enemies":"The Guardian","floor":16,"turns":12},{"damage":7,"enemies":"Shell Parasite","floor":18,"turns":7},{"damage":36,"enemies":"2 Thieves","floor":19,"turns":5},{"damage":31,"enemies":"Snake Plant","floor":20,"turns":6},{"damage":27,"enemies":"Shelled Parasite and Fungi","floor":22,"turns":7},{"damage":31,"enemies":"Masked Bandits","floor":24,"turns":4},{"damage":12,"enemies":"Centurion and Healer","floor":25,"turns":3}],"seed_played":"1495641712210451138","potions_obtained":[{"floor":2,"key":"Poison Potion"},{"floor":11,"key":"SpeedPotion"},{"floor":14,"key":"Block Potion"},{"floor":18,"key":"Regen Potion"},{"floor":19,"key":"GamblersBrew"},{"floor":22,"key":"FearPotion"}],"is_trial":false,"path_per_floor":["M","M","$","$","?","$","R","E","T","R","E","R","?","M","R","B",null,"M","M","M","?","M","R","?","M"],"character_chosen":"IRONCLAD","items_purchased":["Rampage"],"campfire_rested":2,"item_purchase_floors":[3],"current_hp_per_floor":[80,77,77,77,74,74,74,42,42,42,14,36,36,42,42,12,74,73,43,18,18,11,33,8,0],"gold":544,"neow_bonus":"REMOVE_CARD","is_prod":false,"is_daily":false,"chose_seed":false,"campfire_upgraded":3,"win_rate":0,"timestamp":1555949859,"path_taken":["M","M","?","$","?","$","R","E","T","R","E","R","?","M","R","BOSS","M","?","M","?","M","R","?","M"],"build_version":"2019-01-23","purchased_purges":0,"victory":false,"max_hp_per_floor":[80,80,80,80,74,74,74,74,74,74,74,74,74,74,74,74,74,74,74,74,74,74,74,74,74],"card_choices":[{"not_picked":["Iron Wave","Sever Soul"],"picked":"Shrug It Off","floor":1},{"not_picked":["Entrench","Clothesline"],"picked":"Thunderclap","floor":2},{"not_picked":["Entrench","Dark Embrace"],"picked":"Sentinel","floor":8},{"not_picked":["Blood for Blood","Perfected Strike"],"picked":"Seeing Red","floor":11},{"not_picked":["Iron Wave","True Grit","Headbutt"],"picked":"SKIP","floor":14},{"not_picked":["Immolate","Demon Form"],"picked":"Dark Embrace","floor":16},{"not_picked":["True Grit+1","Sword Boomerang+1"],"picked":"Sever Soul","floor":18},{"not_picked":["Perfected Strike+1","Twin Strike"],"picked":"Havoc+1","floor":19},{"not_picked":["Warcry+1","Clash"],"picked":"Seeing Red","floor":20},{"not_picked":["Clothesline","Searing Blow","Pommel Strike+1"],"picked":"SKIP","floor":22}],"player_experience":3452395,"relics_obtained":[{"floor":8,"key":"Darkstone Periapt"},{"floor":9,"key":"Anchor"},{"floor":11,"key":"Letter Opener"},{"floor":24,"key":"Red Mask"}],"event_choices":[{"damage_healed":0,"gold_gain":0,"player_choice":"Lose Max HP","damage_taken":0,"relics_obtained":["Golden Idol"],"max_hp_gain":0,"max_hp_loss":6,"event_name":"Golden Idol","floor":5,"gold_loss":0},{"damage_healed":0,"gold_gain":100,"player_choice":"Pray","damage_taken":0,"max_hp_gain":0,"max_hp_loss":0,"event_name":"Golden Shrine","floor":13,"gold_loss":0},{"damage_healed":0,"gold_gain":0,"player_choice":"Ignored","damage_taken":0,"max_hp_gain":0,"max_hp_loss":0,"event_name":"Cursed Tome","floor":21,"gold_loss":0},{"damage_healed":0,"gold_gain":0,"player_choice":"Fought Bandits","damage_taken":0,"max_hp_gain":0,"max_hp_loss":0,"event_name":"Masked Bandits","floor":24,"gold_loss":0}],"is_beta":false,"boss_relics":[{"not_picked":["Lizard Tail","Busted Crown"],"picked":"Astrolabe"}],"items_purged_floors":[],"is_endless":false,"potions_floor_spawned":[2,11,14,18,19,22],"killed_by":"Centurion and Healer","ascension_level":0}