{"gold_per_floor":[119,131,81,81,95,95,126,141,141,176,193,38,38,54,54,156,156,167,184,36,36,82,107,107,140,140,140,152,166,186,198,198,303,303,320,320,339,339,339,339,366,366,366,395,405,405,405,385,385,385,385,385,56,56],"floor_reached":54,"playtime":4263,"items_purged":["Strike_R","Infernal Blade"],"score":857,"play_id":"3d8a9f76-4ff1-4804-8360-40cd80aef29b","local_time":"20181126163941","is_ascension_mode":true,"campfire_choices":[{"data":"Bash","floor":6,"key":"SMITH"},{"data":"Entrench","floor":13,"key":"SMITH"},{"data":"Whirlwind","floor":15,"key":"SMITH"},{"data":"Barricade","floor":24,"key":"SMITH"},{"floor":27,"key":"REST"},{"data":"Armaments","floor":32,"key":"SMITH"},{"data":"Demon Form","floor":40,"key":"SMITH"},{"data":"Battle Trance","floor":42,"key":"SMITH"},{"floor":46,"key":"REST"},{"floor":49,"key":"RECALL"},{"data":"Madness","floor":52,"key":"SMITH"}],"neow_cost":"NONE","seed_source_timestamp":1098598222612359,"circlet_count":0,"master_deck":["Defend_R+1","Defend_R+1","Defend_R+1","Defend_R+1","Bash+1","Flame Barrier","Whirlwind+1","Deep Breath","Shockwave","Iron Wave+1","Entrench+1","Battle Trance+1","Exhume","Barricade+1","Armaments+1","Disarm+1","Shrug It Off","Clothesline+1","Flame Barrier","Body Slam+1","Double Tap","Warcry+1","Demon Form+1","Madness+1","Entrench"],"relics":["Burning Blood","Mango","Magic Flower","Ice Cream","Ancient Tea Set","Lizard Tail","Whetstone","Dream Catcher","Pen Nib","Oddly Smooth Stone","Empty Cage","Orichalcum","Regal Pillow","Bronze Scales"],"potions_floor_usage":[8,11,16,19,23,23,30,33,35,50,50,50,54,54,54],"damage_taken":[{"damage":3,"enemies":"Small Slimes","floor":1,"turns":4},{"damage":2,"enemies":"Jaw Worm","floor":2,"turns":4},{"damage":1,"enemies":"Cultist","floor":5,"turns":3},{"damage":32,"enemies":"Lagavulin","floor":7,"turns":7},{"damage":8,"enemies":"Blue Slaver","floor":8,"turns":5},{"damage":18,"enemies":"3 Sentries","floor":10,"turns":4},{"damage":7,"enemies":"Exordium Thugs","floor":11,"turns":2},{"damage":0,"enemies":"Gremlin Gang","floor":14,"turns":1},{"damage":13,"enemies":"The Guardian","floor":16,"turns":17},{"damage":0,"enemies":"3 Byrds","floor":18,"turns":3},{"damage":37,"enemies":"Spheric Guardian","floor":19,"turns":22},{"damage":119,"enemies":"Gremlin Leader","floor":23,"turns":14},{"damage":32,"enemies":"Slavers","floor":25,"turns":8},{"damage":2,"enemies":"Snake Plant","floor":28,"turns":6},{"damage":8,"enemies":"Centurion and Healer","floor":29,"turns":8},{"damage":27,"enemies":"Cultist and Chosen","floor":30,"turns":9},{"damage":3,"enemies":"Chosen and Byrds","floor":31,"turns":8},{"damage":36,"enemies":"Collector","floor":33,"turns":12},{"damage":24,"enemies":"Orb Walker","floor":35,"turns":5},{"damage":2,"enemies":"3 Shapes","floor":37,"turns":9},{"damage":37,"enemies":"Giant Head","floor":41,"turns":9},{"damage":43,"enemies":"Nemesis","floor":44,"turns":9},{"damage":0,"enemies":"Jaw Worm Horde","floor":45,"turns":2},{"damage":52,"enemies":"Awakened One","floor":50,"turns":11},{"damage":91,"enemies":"Shield and Spear","floor":54,"turns":5}],"seed_played":"-996271579662985000","potions_obtained":[{"floor":2,"key":"Regen Potion"},{"floor":10,"key":"SteroidPotion"},{"floor":11,"key":"Explosive Potion"},{"floor":14,"key":"SkillPotion"},{"floor":19,"key":"SteroidPotion"},{"floor":29,"key":"AttackPotion"},{"floor":31,"key":"Fire Potion"},{"floor":33,"key":"Fire Potion"},{"floor":35,"key":"Explosive Potion"},{"floor":44,"key":"Strength Potion"},{"floor":48,"key":"GamblersBrew"}],"is_trial":false,"path_per_floor":["M","M","?","?","M","R","E","M","T","E","M","$","R","M","R","B",null,"M","M","$","?","T","E","R","E","T","R","M","M","M","M","R","B",null,"M","?","M","?","T","R","E","R","T","E","M","R","?","?","R","B",null,"R","$","E"],"character_chosen":"IRONCLAD","items_purchased":["Ancient Tea Set","Shrug It Off","Block Potion","Entrench","Dexterity Potion","SkillPotion","FearPotion"],"campfire_rested":2,"item_purchase_floors":[12,20,20,53,53,53,53],"current_hp_per_floor":[80,80,80,80,80,80,68,80,80,71,73,73,73,82,82,78,94,94,66,66,66,66,42,42,19,19,47,54,55,37,43,43,16,94,79,79,86,86,86,86,58,58,58,24,33,74,74,74,74,31,89,89,89,0],"gold":56,"neow_bonus":"TRANSFORM_CARD","is_prod":false,"is_daily":false,"chose_seed":false,"campfire_upgraded":8,"win_rate":0,"timestamp":1543268381,"path_taken":["M","M","?","?","M","R","E","M","T","E","M","$","R","?","R","BOSS","M","M","$","?","?","E","R","E","T","R","M","M","?","M","R","BOSS","M","?","M","?","?","R","E","R","T","E","M","R","?","?","R","BOSS","R","$","E"],"build_version":"2018-11-15","purchased_purges":2,"victory":false,"max_hp_per_floor":[80,80,80,80,80,80,94,94,94,94,94,94,94,94,94,94,94,94,94,94,94,94,94,94,94,94,94,94,94,94,94,94,94,94,94,94,94,89,89,89,89,89,89,89,89,89,89,89,89,89,89,89,89,89],"card_choices":[{"not_picked":["Flex","Anger"],"picked":"Pommel Strike","floor":1},{"not_picked":["Intimidate","Evolve"],"picked":"Infernal Blade","floor":2},{"not_picked":["Dual Wield","Sword Boomerang"],"picked":"Shockwave","floor":5},{"not_picked":["Flex","Havoc"],"picked":"Iron Wave","floor":7},{"not_picked":["Perfected Strike","Wild Strike","Clash"],"picked":"SKIP","floor":8},{"not_picked":["Wild Strike","Sever Soul"],"picked":"Entrench","floor":10},{"not_picked":["Corruption","Sever Soul"],"picked":"Battle Trance","floor":11},{"not_picked":["Infernal Blade","Battle Trance"],"picked":"Exhume","floor":14},{"not_picked":["Bludgeon","Offering"],"picked":"Barricade","floor":16},{"not_picked":["Hemokinesis+1","Searing Blow"],"picked":"Armaments","floor":18},{"not_picked":["Uppercut","Pommel Strike"],"picked":"Disarm+1","floor":19},{"not_picked":["Pommel Strike","Thunderclap","Second Wind"],"picked":"SKIP","floor":23},{"not_picked":["Disarm","Feel No Pain"],"picked":"Clothesline+1","floor":25},{"not_picked":["Shockwave","Hemokinesis+1"],"picked":"Flame Barrier","floor":27},{"not_picked":["Havoc","Second Wind"],"picked":"Body Slam+1","floor":28},{"not_picked":["Blood for Blood","True Grit"],"picked":"Double Tap","floor":29},{"not_picked":["Body Slam","Thunderclap+1"],"picked":"Warcry+1","floor":30},{"not_picked":["Wild Strike+1","Clothesline+1","Perfected Strike"],"picked":"SKIP","floor":31},{"not_picked":["Bludgeon","Feed"],"picked":"Demon Form","floor":33},{"not_picked":["Clash","Armaments+1","Battle Trance"],"picked":"SKIP","floor":35},{"not_picked":["Flex","Twin Strike","Pommel Strike"],"picked":"SKIP","floor":37},{"not_picked":["Warcry","Armaments+1","Headbutt+1"],"picked":"SKIP","floor":41},{"not_picked":["Sword Boomerang","Corruption","Shockwave"],"picked":"SKIP","floor":44},{"not_picked":["Anger+1","Feed","Iron Wave+1"],"picked":"SKIP","floor":45},{"not_picked":["Swift Strike","Apotheosis"],"picked":"Madness","floor":47}],"player_experience":2515266,"relics_obtained":[{"floor":7,"key":"Mango"},{"floor":9,"key":"Magic Flower"},{"floor":10,"key":"Ice Cream"},{"floor":22,"key":"Whetstone"},{"floor":23,"key":"Dream Catcher"},{"floor":25,"key":"Pen Nib"},{"floor":26,"key":"Oddly Smooth Stone"},{"floor":41,"key":"Orichalcum"},{"floor":43,"key":"Regal Pillow"},{"floor":44,"key":"Bronze Scales"}],"event_choices":[{"cards_removed":["Strike_R"],"damage_healed":0,"gold_gain":0,"player_choice":"Card Removal","damage_taken":0,"max_hp_gain":0,"max_hp_loss":0,"event_name":"The Cleric","floor":3,"gold_loss":50},{"damage_healed":0,"gold_gain":0,"player_choice":"2 cards matched","damage_taken":0,"max_hp_gain":0,"max_hp_loss":0,"event_name":"Match and Keep!","floor":4,"gold_loss":0,"cards_obtained":["Whirlwind","Deep Breath"]},{"damage_healed":0,"gold_gain":0,"player_choice":"2 cards matched","damage_taken":0,"max_hp_gain":0,"max_hp_loss":0,"event_name":"Match and Keep!","floor":4,"gold_loss":0,"cards_obtained":["Whirlwind","Deep Breath"]},{"damage_healed":0,"gold_gain":0,"player_choice":"Simplicity","damage_taken":0,"max_hp_gain":0,"max_hp_loss":0,"event_name":"Back to Basics","floor":21,"gold_loss":0,"cards_upgraded":["Strike_R","Strike_R","Defend_R","Defend_R","Defend_R","Defend_R"]},{"cards_removed":["Pommel Strike"],"damage_healed":0,"gold_gain":0,"player_choice":"Removed Attack","damage_taken":0,"max_hp_gain":0,"max_hp_loss":0,"event_name":"Falling","floor":36,"gold_loss":0},{"damage_healed":0,"gold_gain":0,"player_choice":"Max HP","damage_taken":0,"max_hp_gain":0,"max_hp_loss":5,"event_name":"Winding Halls","floor":38,"gold_loss":0},{"damage_healed":0,"gold_gain":0,"player_choice":"Memory 1","damage_taken":0,"max_hp_gain":0,"max_hp_loss":0,"event_name":"SensoryStone","floor":47,"gold_loss":0},{"damage_healed":0,"gold_gain":0,"player_choice":"Bought 1 Potion","damage_taken":0,"max_hp_gain":0,"max_hp_loss":0,"event_name":"The Woman in Blue","floor":48,"gold_loss":0}],"is_beta":false,"boss_relics":[{"not_picked":["Tiny House","White Beast Statue"],"picked":"Lizard Tail"},{"not_picked":["Orrery","Calling Bell"],"picked":"Empty Cage"}],"items_purged_floors":[20,53],"is_endless":false,"potions_floor_spawned":[2,10,11,14,19,29,31,33,35,44],"killed_by":"Shield and Spear","ascension_level":3}