{"gold_per_floor":[114,129,144,144,44,44,59,74,124,154,154,169,169,169,169,269,269,284,234,234,249,264,264,294,309,309,309],"floor_reached":27,"playtime":2824,"items_purged":[],"score":235,"play_id":"c40c1030-3310-476d-a20f-c22749fdc9cb","local_time":"20180927190338","daily_mods":["Allstar","Uncertain Future","Lethality"],"is_ascension_mode":false,"campfire_choices":[{"data":"Jack Of All Trades","floor":6,"key":"SMITH"},{"floor":11,"key":"REST"},{"data":"Coolheaded","floor":15,"key":"SMITH"},{"floor":23,"key":"REST"}],"neow_cost":"","seed_source_timestamp":0,"circlet_count":0,"master_deck":["Strike_B","Strike_B","Defend_B","Defend_B","Defend_B","Defend_B","Zap","Dualcast","PanicButton","Swift Strike","Jack Of All Trades+1","The Bomb","Madness","Conserve Battery","Darkness","Capacitor","Coolheaded+1","Stack","Self Repair+1","Coolheaded+1","Turbo","Electrodynamics","Leap+1","Conserve Battery+1","Auto Shields+1","White Noise+1","Coolheaded+1"],"special_seed":17801,"relics":["Cracked Core","Anchor","Regal Pillow","Black Star","Blood Vial","Pen Nib","Shovel"],"potions_floor_usage":[3,10,18,21,24,27],"damage_taken":[{"damage":4,"enemies":"2 Louse","floor":1,"turns":3},{"damage":9,"enemies":"Cultist","floor":2,"turns":3},{"damage":0,"enemies":"Jaw Worm","floor":3,"turns":3},{"damage":3,"enemies":"Looter","floor":7,"turns":4},{"damage":11,"enemies":"Red Slaver","floor":8,"turns":3},{"damage":27,"enemies":"3 Sentries","floor":10,"turns":6},{"damage":0,"enemies":"2 Fungi Beasts","floor":12,"turns":2},{"damage":40,"enemies":"The Guardian","floor":16,"turns":12},{"damage":26,"enemies":"2 Thieves","floor":18,"turns":3},{"damage":11,"enemies":"Shell Parasite","floor":21,"turns":9},{"damage":42,"enemies":"Shelled Parasite and Fungi","floor":22,"turns":6},{"damage":51,"enemies":"Slavers","floor":24,"turns":5},{"damage":14,"enemies":"Snecko","floor":25,"turns":8},{"damage":24,"enemies":"Snake Plant","floor":27,"turns":2}],"seed_played":"-5863381733931304207","potions_obtained":[{"floor":2,"key":"EssenceOfSteel"},{"floor":3,"key":"Ancient Potion"},{"floor":8,"key":"EssenceOfSteel"},{"floor":16,"key":"AttackPotion"},{"floor":22,"key":"Weak Potion"},{"floor":25,"key":"Poison Potion"}],"is_trial":false,"path_per_floor":["M","M","M","?","$","R","M","M","T","E","R","M","?","?","R","B",null,"M","?","?","M","M","R","E","M","T"],"character_chosen":"DEFECT","items_purchased":["Capacitor","Coolheaded"],"campfire_rested":2,"item_purchase_floors":[5,5],"current_hp_per_floor":[71,62,62,55,55,55,52,41,41,21,58,58,58,58,58,28,75,59,59,59,58,26,63,22,20,20,0],"gold":309,"neow_bonus":"","is_prod":false,"is_daily":true,"chose_seed":false,"campfire_upgraded":2,"win_rate":0,"timestamp":1538089418,"path_taken":["M","M","M","?","$","R","M","M","T","E","R","M","?","?","R","BOSS","M","?","?","M","M","R","E","M","T","M"],"build_version":"2018-09-20","purchased_purges":0,"victory":false,"max_hp_per_floor":[75,75,75,75,75,75,75,75,75,75,75,75,75,75,75,75,75,75,75,75,75,75,75,75,75,75,75],"card_choices":[{"not_picked":["Barrage","Hologram","Storm"],"picked":"SKIP","floor":1},{"not_picked":["Reprogram","Turbo"],"picked":"Conserve Battery","floor":2},{"not_picked":["Tempest","Hologram"],"picked":"Darkness","floor":3},{"not_picked":["Auto Shields","Meteor Strike"],"picked":"Stack","floor":7},{"not_picked":["Recycle","Beam Cell"],"picked":"Self Repair","floor":8},{"not_picked":["Redo","Undo"],"picked":"Coolheaded","floor":10},{"not_picked":["Redo","FTL"],"picked":"Turbo","floor":12},{"not_picked":["Rainbow","Creative AI"],"picked":"Electrodynamics","floor":16},{"not_picked":["Turbo","Lockon+1"],"picked":"Leap+1","floor":18},{"not_picked":["Darkness+1","Turbo"],"picked":"Conserve Battery+1","floor":21},{"not_picked":["Beam Cell+1","Darkness"],"picked":"Auto Shields+1","floor":22},{"not_picked":["Cold Snap","Gash"],"picked":"White Noise+1","floor":24},{"not_picked":["Sunder","Turbo"],"picked":"Coolheaded+1","floor":25}],"player_experience":2089282,"relics_obtained":[{"floor":9,"key":"Anchor"},{"floor":10,"key":"Regal Pillow"},{"floor":24,"key":"Blood Vial"},{"floor":24,"key":"Pen Nib"},{"floor":26,"key":"Shovel"}],"event_choices":[{"event_name":"Golden Wing","player_choice":"Card Removal","floor":4,"damage_taken":0},{"event_name":"Accursed Blacksmith","player_choice":"Forge","floor":13,"damage_taken":0},{"event_name":"Living Wall","player_choice":"Grow","floor":14,"damage_taken":0},{"event_name":"The Joust","player_choice":"Bet on Murderer","floor":19,"damage_taken":0},{"event_name":"Back to Basics","player_choice":"Elegance","floor":20,"damage_taken":0}],"is_beta":false,"boss_relics":[{"not_picked":["Eternal Feather","Snecko Eye"],"picked":"Black Star"}],"items_purged_floors":[],"is_endless":false,"potions_floor_spawned":[2,3,8,16,22,25],"killed_by":"Snake Plant","ascension_level":0}