{"gold_per_floor":[17,28,28,38,53,53,53,79,79,79,91,91,104,166,166,245,245,262,262,280,27,46,46,81,93,119,154,154,180,180,195,195,272,272,288,307,37,48,148,148,161,161,161,161,181,181,193,210,210,210],"floor_reached":51,"playtime":3420,"items_purged":[],"score":1233,"play_id":"68e477e8-b9e4-4bb5-8b4f-7462fa69f6e4","local_time":"20190328110540","is_ascension_mode":true,"campfire_choices":[{"floor":6,"key":"REST"},{"data":"Chill","floor":10,"key":"SMITH"},{"floor":12,"key":"REST"},{"data":"Creative AI","floor":15,"key":"SMITH"},{"data":"Biased Cognition","floor":23,"key":"SMITH"},{"floor":28,"key":"REST"},{"data":"Rainbow","floor":30,"key":"SMITH"},{"data":"Conserve Battery","floor":32,"key":"SMITH"},{"data":"Chaos","floor":40,"key":"SMITH"},{"floor":42,"key":"REST"},{"data":"Tempest","floor":49,"key":"SMITH"}],"neow_cost":"NO_GOLD","seed_source_timestamp":1339399715481424,"circlet_count":0,"master_deck":["AscendersBane","Strike_B+1","Strike_B+1","Strike_B+1","Defend_B+1","Defend_B+1","Defend_B+1","Defend_B+1","Zap","Dualcast","Echo Form","Chill+1","Barrage+1","Chaos+1","Creative AI+1","Rainbow+1","BootSequence","Tempest+1","Conserve Battery+1","Biased Cognition+1","Steam","Coolheaded+1","Cold Snap+1","Decay","Coolheaded+1","Glacier+1","Seek+1","Redo+1","Stack+1","White Noise+1","Stack+1","White Noise+1","Force Field+1","Conserve Battery+1","Go for the Eyes+1","Electrodynamics","Good Instincts+1","Leap+1","Undo+1"],"relics":["Cracked Core","Bottled Tornado","Gremlin Horn","Tiny Chest","Cursed Key","Toxic Egg 2","Bronze Scales","DataDisk","Whetstone","Blue Candle","Nuclear Battery","Lee\u0027s Waffle","Prayer Wheel"],"potions_floor_usage":[8,16,16,18,20,35,35,47,50],"damage_taken":[{"damage":0,"enemies":"Small Slimes","floor":1,"turns":3},{"damage":0,"enemies":"Cultist","floor":2,"turns":4},{"damage":10,"enemies":"Jaw Worm","floor":4,"turns":4},{"damage":14,"enemies":"3 Louse","floor":5,"turns":3},{"damage":6,"enemies":"3 Sentries","floor":8,"turns":6},{"damage":8,"enemies":"Exordium Wildlife","floor":11,"turns":5},{"damage":0,"enemies":"Large Slime","floor":13,"turns":3},{"damage":0,"enemies":"Lagavulin","floor":14,"turns":6},{"damage":23,"enemies":"The Guardian","floor":16,"turns":8},{"damage":0,"enemies":"Spheric Guardian","floor":18,"turns":3},{"damage":0,"enemies":"3 Byrds","floor":20,"turns":4},{"damage":3,"enemies":"Sentry and Sphere","floor":22,"turns":5},{"damage":15,"enemies":"Slavers","floor":24,"turns":3},{"damage":0,"enemies":"Snecko","floor":25,"turns":5},{"damage":1,"enemies":"Book of Stabbing","floor":27,"turns":5},{"damage":1,"enemies":"Slavers","floor":29,"turns":4},{"damage":1,"enemies":"Cultist and Chosen","floor":31,"turns":5},{"damage":6,"enemies":"Automaton","floor":33,"turns":14},{"damage":12,"enemies":"3 Darklings","floor":35,"turns":4},{"damage":0,"enemies":"Orb Walker","floor":36,"turns":3},{"damage":17,"enemies":"Spire Growth","floor":38,"turns":5},{"damage":0,"enemies":"Mind Bloom Boss Battle","floor":39,"turns":6},{"damage":1,"enemies":"Maw","floor":41,"turns":5},{"damage":3,"enemies":"Jaw Worm Horde","floor":45,"turns":4},{"damage":14,"enemies":"Transient","floor":47,"turns":5},{"damage":0,"enemies":"Sphere and 2 Shapes","floor":48,"turns":4},{"damage":8,"enemies":"Donu and Deca","floor":50,"turns":8}],"seed_played":"-2293551422650146685","potions_obtained":[{"floor":1,"key":"Energy Potion"},{"floor":4,"key":"Weak Potion"},{"floor":11,"key":"PowerPotion"},{"floor":16,"key":"SkillPotion"},{"floor":18,"key":"AttackPotion"},{"floor":29,"key":"Weak Potion"},{"floor":31,"key":"SkillPotion"},{"floor":36,"key":"FocusPotion"},{"floor":39,"key":"SteroidPotion"},{"floor":41,"key":"Regen Potion"}],"is_trial":false,"path_per_floor":["M","M","?","M","M","R","?","E","T","R","M","R","M","E","R","B",null,"M","?","M","$","M","R","E","M","T","E","R","E","R","M","R","B",null,"M","M","$","M","?","R","M","R","T","T","M","?","M","M","R","B",null],"character_chosen":"DEFECT","items_purchased":["Toxic Egg 2","Lee\u0027s Waffle","White Noise+1"],"campfire_rested":4,"item_purchase_floors":[21,37,37],"current_hp_per_floor":[64,64,50,40,26,47,47,41,41,41,33,54,54,54,54,31,61,61,61,61,61,58,58,43,43,43,42,63,62,62,61,61,55,67,55,55,78,61,61,61,60,78,78,78,75,75,75,75,75,67],"gold":210,"neow_bonus":"THREE_RARE_CARDS","is_prod":false,"is_daily":false,"chose_seed":false,"campfire_upgraded":7,"win_rate":0,"timestamp":1553785540,"path_taken":["M","M","?","M","M","R","?","E","T","R","M","R","?","E","R","BOSS","M","?","M","$","M","R","E","M","T","E","R","E","R","M","R","BOSS","M","M","$","M","?","R","M","R","T","?","M","?","?","M","R","BOSS"],"build_version":"2019-01-23","purchased_purges":0,"victory":true,"max_hp_per_floor":[71,71,71,71,71,71,71,71,71,71,71,71,71,71,71,71,71,71,71,71,71,71,71,71,71,71,71,71,71,71,71,71,71,71,71,71,78,78,78,78,78,78,78,78,78,78,78,78,78,78],"card_choices":[{"not_picked":["Reboot","Multi-Cast"],"picked":"Echo Form","floor":0},{"not_picked":["Fusion","Steam Power"],"picked":"Chill","floor":1},{"not_picked":["Streamline","Force Field"],"picked":"Barrage","floor":2},{"not_picked":["Aggregate","Storm"],"picked":"Chaos","floor":4},{"not_picked":["Redo","Turbo"],"picked":"Creative AI","floor":5},{"not_picked":["Ball Lightning","Chaos","Rip and Tear"],"picked":"SKIP","floor":8},{"not_picked":["Barrage","Streamline"],"picked":"BootSequence","floor":11},{"not_picked":["Leap","Streamline"],"picked":"Tempest","floor":13},{"not_picked":["Stack","Reprogram"],"picked":"Conserve Battery","floor":14},{"not_picked":["Reboot","Electrodynamics"],"picked":"Biased Cognition","floor":16},{"not_picked":["Heatsinks","Redo"],"picked":"Steam","floor":18},{"not_picked":["Go for the Eyes","Rebound","Scrape+1"],"picked":"SKIP","floor":20},{"not_picked":["Turbo+1","Compile Driver"],"picked":"Coolheaded+1","floor":22},{"not_picked":["Streamline","Scrape","Sunder"],"picked":"SKIP","floor":24},{"not_picked":["Darkness+1","Rebound"],"picked":"Cold Snap+1","floor":25},{"not_picked":["Streamline","Multi-Cast+1"],"picked":"Coolheaded+1","floor":27},{"not_picked":["Leap+1","Beam Cell+1"],"picked":"Glacier+1","floor":29},{"not_picked":["Cold Snap","Go for the Eyes","Compile Driver"],"picked":"SKIP","floor":31},{"not_picked":["Hyperbeam","Biased Cognition"],"picked":"Seek+1","floor":33},{"not_picked":["Compile Driver","Rebound"],"picked":"Redo+1","floor":35},{"not_picked":["Redo+1","Rebound"],"picked":"Stack+1","floor":36},{"not_picked":["Hello World","Streamline+1"],"picked":"Stack+1","floor":38},{"not_picked":["Coolheaded+1","Steam+1"],"picked":"White Noise+1","floor":39},{"not_picked":["Cold Snap","Hologram+1"],"picked":"Force Field+1","floor":41},{"not_picked":["Redo+1","Chill+1"],"picked":"Conserve Battery+1","floor":41},{"not_picked":["Hello World+1","Darkness+1"],"picked":"Go for the Eyes+1","floor":45},{"not_picked":["Coolheaded+1","Redo+1"],"picked":"Electrodynamics","floor":45},{"not_picked":["Finesse+1","Panacea+1"],"picked":"Good Instincts+1","floor":46},{"not_picked":["Blizzard","Reinforced Body+1"],"picked":"Leap+1","floor":47},{"not_picked":["Beam Cell","Turbo+1"],"picked":"Undo+1","floor":47},{"not_picked":["Coolheaded+1","FTL","Streamline+1"],"picked":"SKIP","floor":48},{"not_picked":["Hello World","Gash+1","Ball Lightning"],"picked":"SKIP","floor":48}],"player_experience":3268097,"relics_obtained":[{"floor":8,"key":"Bottled Tornado"},{"floor":9,"key":"Gremlin Horn"},{"floor":14,"key":"Tiny Chest"},{"floor":24,"key":"Bronze Scales"},{"floor":26,"key":"DataDisk"},{"floor":27,"key":"Whetstone"},{"floor":29,"key":"Blue Candle"},{"floor":39,"key":"Prayer Wheel"}],"event_choices":[{"damage_healed":0,"gold_gain":0,"player_choice":"Entered Light","damage_taken":14,"max_hp_gain":0,"max_hp_loss":0,"event_name":"Shining Light","floor":3,"gold_loss":0,"cards_upgraded":["Barrage","Defend_B"]},{"damage_healed":0,"gold_gain":0,"cards_transformed":["Strike_B"],"player_choice":"Transformed","damage_taken":0,"max_hp_gain":0,"max_hp_loss":0,"event_name":"Transmorgrifier","floor":7,"gold_loss":0,"cards_obtained":["Rainbow"]},{"damage_healed":0,"gold_gain":0,"player_choice":"Simplicity","damage_taken":0,"max_hp_gain":0,"max_hp_loss":0,"event_name":"Back to Basics","floor":19,"gold_loss":0,"cards_upgraded":["Strike_B","Strike_B","Strike_B","Defend_B","Defend_B","Defend_B"]},{"damage_healed":0,"gold_gain":0,"player_choice":"Fight","damage_taken":0,"max_hp_gain":0,"max_hp_loss":0,"event_name":"MindBloom","floor":39,"gold_loss":0},{"damage_healed":0,"gold_gain":0,"player_choice":"Memory 1","damage_taken":0,"max_hp_gain":0,"max_hp_loss":0,"event_name":"SensoryStone","floor":46,"gold_loss":0}],"is_beta":false,"boss_relics":[{"not_picked":["Ectoplasm","Calling Bell"],"picked":"Cursed Key"},{"not_picked":["Empty Cage","Coffee Dripper"],"picked":"Nuclear Battery"}],"items_purged_floors":[],"is_endless":false,"potions_floor_spawned":[1,4,11,14,16,18,29,31,36,39,41],"ascension_level":14}