{"gold_per_floor":[109,12,29,47,57,57,88,88,88,88,123,123,73,39,39,139,139,152,3,103,113,130,130,130,130,130,58,75,75,94,9,9,110,110,123,41,141,141,156,183,183,183,183,183,196,196,228,228,228,228],"floor_reached":51,"playtime":3227,"items_purged":["Strike_G"],"score":709,"play_id":"8e2245b5-3068-4b5b-b5dd-9e91cb6e2be7","local_time":"20181118165231","is_ascension_mode":false,"campfire_choices":[{"data":"Crippling Poison","floor":6,"key":"SMITH"},{"data":"Neutralize","floor":8,"key":"SMITH"},{"data":"Poisoned Stab","floor":10,"key":"SMITH"},{"data":"Flash of Steel","floor":15,"key":"SMITH"},{"floor":23,"key":"REST"},{"data":"Noxious Fumes","floor":25,"key":"SMITH"},{"data":"Footwork","floor":29,"key":"SMITH"},{"floor":32,"key":"RECALL"},{"data":"Footwork","floor":41,"key":"SMITH"},{"data":"Noxious Fumes","floor":44,"key":"SMITH"},{"data":"Strike_G+1","floor":49,"key":"PURGE"}],"neow_cost":"NONE","seed_source_timestamp":409428478087432,"circlet_count":0,"master_deck":["Defend_G","Defend_G","Defend_G","Defend_G","Defend_G","Survivor","Neutralize+1","Tools of the Trade","Poisoned Stab+1","Flash of Steel+1","Sucker Punch+1","Quick Slash","Crippling Poison+1","Noxious Fumes+1","Dagger Spray+1","Noxious Fumes+1","PiercingWail","Acrobatics","Footwork+1","Outmaneuver+1","Blur+1","Bullet Time+1","Calculated Gamble+1","Backflip+1","Noxious Fumes+1","Terror+1","Footwork+1","Madness+1","Dodge and Roll+1","Prepared+1"],"relics":["Ring of the Snake","Bag of Marbles","Bottled Tornado","Mercury Hourglass","Runic Pyramid","Peace Pipe","Bottled Flame","Toxic Egg 2","Sundial","Lizard Tail","Gambling Chip","Anchor","Pantograph","Whetstone"],"potions_floor_usage":[16,20,20,30,33,40,45,50,50],"damage_taken":[{"damage":6,"enemies":"Cultist","floor":1,"turns":3},{"damage":0,"enemies":"Jaw Worm","floor":3,"turns":4},{"damage":1,"enemies":"2 Louse","floor":4,"turns":2},{"damage":0,"enemies":"Looter","floor":5,"turns":3},{"damage":24,"enemies":"Gremlin Nob","floor":7,"turns":4},{"damage":7,"enemies":"3 Sentries","floor":11,"turns":5},{"damage":10,"enemies":"The Guardian","floor":16,"turns":13},{"damage":13,"enemies":"2 Thieves","floor":18,"turns":4},{"damage":14,"enemies":"Colosseum Slavers","floor":20,"turns":4},{"damage":10,"enemies":"Colosseum Nobs","floor":20,"turns":5},{"damage":1,"enemies":"Chosen","floor":21,"turns":4},{"damage":9,"enemies":"3 Cultists","floor":22,"turns":4},{"damage":12,"enemies":"Centurion and Healer","floor":28,"turns":5},{"damage":1,"enemies":"Chosen and Byrds","floor":30,"turns":4},{"damage":14,"enemies":"Champ","floor":33,"turns":13},{"damage":12,"enemies":"Orb Walker","floor":35,"turns":4},{"damage":0,"enemies":"Mind Bloom Boss Battle","floor":37,"turns":5},{"damage":6,"enemies":"3 Darklings","floor":39,"turns":4},{"damage":15,"enemies":"Nemesis","floor":40,"turns":9},{"damage":0,"enemies":"Maw","floor":45,"turns":7},{"damage":0,"enemies":"Giant Head","floor":47,"turns":9},{"damage":25,"enemies":"Time Eater","floor":50,"turns":14}],"seed_played":"72651393381792715","potions_obtained":[{"floor":1,"key":"SpeedPotion"},{"floor":7,"key":"GhostInAJar"},{"floor":11,"key":"Swift Potion"},{"floor":16,"key":"SneckoOil"},{"floor":28,"key":"EssenceOfSteel"},{"floor":33,"key":"Regen Potion"},{"floor":35,"key":"GamblersBrew"},{"floor":37,"key":"SpeedPotion"},{"floor":40,"key":"FearPotion"}],"is_trial":false,"path_per_floor":["M","$","M","M","M","R","E","R","T","R","E","?","?","?","R","B",null,"M","$","?","M","M","R","?","R","T","$","M","R","M","?","R","B",null,"M","$","?","?","M","E","R","?","T","R","M","?","E","?","R","B",null],"character_chosen":"THE_SILENT","items_purchased":["Flash of Steel","Noxious Fumes","Footwork","Backflip+1","Noxious Fumes"],"campfire_rested":1,"item_purchase_floors":[2,19,27,36,36],"current_hp_per_floor":[64,64,64,63,63,63,39,39,39,39,32,37,37,37,37,27,75,62,62,38,37,28,50,50,50,50,50,38,38,37,37,37,23,75,63,63,63,63,57,42,42,42,42,42,57,57,57,57,57,46],"gold":228,"neow_bonus":"ONE_RANDOM_RARE_CARD","is_prod":false,"is_daily":false,"chose_seed":false,"campfire_upgraded":8,"win_rate":0,"timestamp":1542577951,"path_taken":["M","$","M","?","M","R","E","R","T","R","E","?","?","?","R","BOSS","M","$","?","M","M","R","?","R","T","?","M","R","M","?","R","BOSS","M","$","?","?","M","E","R","?","T","R","?","?","E","?","R","BOSS"],"build_version":"2018-11-15","purchased_purges":1,"victory":true,"max_hp_per_floor":[70,70,70,70,70,70,70,70,70,70,70,75,75,75,75,75,75,75,75,75,75,75,75,75,75,75,75,75,75,75,75,75,75,75,75,75,75,71,71,71,71,71,71,71,71,71,71,71,71,71],"card_choices":[{"not_picked":["Blur","Acrobatics"],"picked":"Poisoned Stab","floor":1},{"not_picked":["Blade Dance","All Out Attack"],"picked":"Sucker Punch","floor":3},{"not_picked":["Blade Dance","Deadly Poison"],"picked":"Quick Slash","floor":4},{"not_picked":["Deadly Poison","Expertise"],"picked":"Crippling Poison","floor":5},{"not_picked":["Predator","Skewer","Finisher"],"picked":"SKIP","floor":7},{"not_picked":["Underhanded Strike","Deflect"],"picked":"Dash","floor":11},{"not_picked":["Underhanded Strike+1","Accuracy+1","Acrobatics"],"picked":"SKIP","floor":18},{"not_picked":["Underhanded Strike+1","Bouncing Flask"],"picked":"Dagger Spray+1","floor":21},{"not_picked":["Dodge and Roll","Deadly Poison"],"picked":"Noxious Fumes+1","floor":22},{"not_picked":["Underhanded Strike","Dagger Throw"],"picked":"Outmaneuver+1","floor":28},{"not_picked":["Acrobatics+1","Flying Knee+1"],"picked":"Blur+1","floor":30},{"not_picked":["Doppelganger+1","Venomology+1"],"picked":"Bullet Time+1","floor":33},{"not_picked":["Choke","Crippling Poison+1"],"picked":"Calculated Gamble+1","floor":35},{"not_picked":["Bouncing Flask+1","Sucker Punch"],"picked":"Terror+1","floor":39},{"not_picked":["Tactician+1","Bouncing Flask+1"],"picked":"Footwork","floor":40},{"not_picked":["The Bomb+1","Jack Of All Trades+1"],"picked":"Madness+1","floor":42},{"not_picked":["Acrobatics+1","Bouncing Flask+1"],"picked":"Dodge and Roll+1","floor":45},{"not_picked":["Bane+1","Well Laid Plans"],"picked":"Prepared+1","floor":47}],"player_experience":2358239,"relics_obtained":[{"floor":7,"key":"Bag of Marbles"},{"floor":9,"key":"Bottled Tornado"},{"floor":11,"key":"Mercury Hourglass"},{"floor":20,"key":"Peace Pipe"},{"floor":20,"key":"Bottled Flame"},{"floor":26,"key":"Toxic Egg 2"},{"floor":37,"key":"Gambling Chip"},{"floor":40,"key":"Anchor"},{"floor":43,"key":"Pantograph"},{"floor":47,"key":"Whetstone"}],"event_choices":[{"damage_healed":0,"gold_gain":0,"player_choice":"Donut","damage_taken":0,"max_hp_gain":5,"max_hp_loss":0,"event_name":"Big Fish","floor":12,"gold_loss":0},{"cards_removed":["Strike_G"],"damage_healed":0,"gold_gain":0,"player_choice":"Card Removal","damage_taken":0,"max_hp_gain":0,"max_hp_loss":0,"event_name":"The Cleric","floor":13,"gold_loss":50},{"damage_healed":0,"gold_gain":0,"player_choice":"Left Gold","damage_taken":0,"max_hp_gain":0,"max_hp_loss":0,"event_name":"World of Goop","floor":14,"gold_loss":34},{"damage_healed":0,"gold_gain":0,"player_choice":"Fight","damage_taken":0,"max_hp_gain":0,"max_hp_loss":0,"event_name":"Colosseum","floor":20,"gold_loss":0},{"damage_healed":0,"gold_gain":0,"player_choice":"Fought Nobs","damage_taken":0,"max_hp_gain":0,"max_hp_loss":0,"event_name":"Colosseum","floor":20,"gold_loss":0},{"damage_healed":0,"gold_gain":0,"cards_transformed":["Strike_G","Strike_G"],"player_choice":"Became Test Subject","damage_taken":0,"max_hp_gain":0,"max_hp_loss":0,"event_name":"Drug Dealer","floor":24,"gold_loss":0,"cards_obtained":["PiercingWail","Acrobatics"]},{"damage_healed":0,"gold_gain":0,"player_choice":"Obtained Relic","damage_taken":0,"relics_obtained":["Sundial"],"max_hp_gain":0,"max_hp_loss":0,"event_name":"Addict","floor":31,"gold_loss":85},{"damage_healed":0,"gold_gain":0,"player_choice":"Fight","damage_taken":0,"max_hp_gain":0,"max_hp_loss":0,"event_name":"MindBloom","floor":37,"gold_loss":0},{"damage_healed":0,"gold_gain":0,"player_choice":"Max HP","damage_taken":0,"max_hp_gain":0,"max_hp_loss":4,"event_name":"Winding Halls","floor":38,"gold_loss":0},{"damage_healed":0,"gold_gain":0,"player_choice":"Memory 1","damage_taken":0,"max_hp_gain":0,"max_hp_loss":0,"event_name":"SensoryStone","floor":42,"gold_loss":0},{"damage_healed":0,"gold_gain":0,"player_choice":"Ignored","damage_taken":0,"max_hp_gain":0,"max_hp_loss":0,"event_name":"Mysterious Sphere","floor":46,"gold_loss":0},{"cards_removed":["Dash"],"damage_healed":0,"gold_gain":0,"player_choice":"Removed Attack","damage_taken":0,"max_hp_gain":0,"max_hp_loss":0,"event_name":"Falling","floor":48,"gold_loss":0}],"is_beta":false,"boss_relics":[{"not_picked":["Orrery","Eternal Feather"],"picked":"Runic Pyramid"},{"not_picked":["Black Star","Tiny House"],"picked":"Lizard Tail"}],"items_purged_floors":[19],"is_endless":false,"potions_floor_spawned":[1,7,11,16,20,28,33,35,37,40],"ascension_level":0}