{"gold_per_floor":[114,129,129,144,159,189,204,234,309,309,309,17,32,47,47,147,147,147,147,147,147,147,147,147,147,147,147,97,97,97,97,97,97,97,97,97,17,17,17,17,17,17,17,17,17,17,17,17,17,17],"floor_reached":51,"playtime":2001,"items_purged":["Pain"],"score":984,"play_id":"5953c2a9-8371-40b1-aa5b-c9ae0b755513","local_time":"20181224165546","daily_mods":["Insanity","Colorless Cards","Lethality"],"is_ascension_mode":false,"campfire_choices":[{"data":"Terror","floor":10,"key":"SMITH"},{"data":"Noxious Fumes","floor":15,"key":"SMITH"},{"data":"Catalyst","floor":24,"key":"SMITH"},{"data":"Mind Blast","floor":27,"key":"SMITH"},{"data":"Noxious Fumes","floor":32,"key":"SMITH"},{"data":"Mind Blast","floor":40,"key":"SMITH"},{"data":"Apotheosis","floor":42,"key":"SMITH"},{"floor":47,"key":"REST"},{"floor":49,"key":"REST"}],"neow_cost":"","seed_source_timestamp":0,"circlet_count":0,"master_deck":["PiercingWail","Sucker Punch","Quick Slash","Finisher","Concentrate","Setup","Dagger Spray","PiercingWail","Poisoned Stab","Underhanded Strike","Blind","Dark Shackles","Expertise","Dodge and Roll","Concentrate","Catalyst+1","Mind Blast+1","Terror+1","Reflex","Discovery","Flying Knee","Concentrate","Deadly Poison","Sucker Punch","Sucker Punch","Acrobatics","Bane","Escape Plan","PiercingWail","PiercingWail","Skewer","Dagger Spray","Leg Sweep","Poisoned Stab","Flash of Steel","Flying Knee","Blade Dance","Slice","Dagger Spray","Backflip","All Out Attack","Acrobatics","Accuracy","Dagger Throw","PiercingWail","Cloak And Dagger","Masterful Stab","Setup","Deflect","Backflip","Mind Blast+1","Noxious Fumes+1","Night Terror","Outmaneuver+1","PiercingWail+1","Deflect+1","Distraction+1","Backflip","Noxious Fumes+1","Mayhem","Calculated Gamble","Caltrops","Blind+1","Apotheosis+1","Backflip+1"],"special_seed":17889,"relics":["Ring of the Snake","Blood Vial","Darkstone Periapt","Singing Bowl","WarpedTongs","Snake Skull","Ectoplasm","Shuriken","Matryoshka","Mummified Hand","MawBank","MutagenicStrength","Sozu","Meat on the Bone","Boot","Bronze Scales","Centennial Puzzle"],"potions_floor_usage":[5,6,16,23,33,33,33],"damage_taken":[{"damage":0,"enemies":"2 Louse","floor":1,"turns":3},{"damage":0,"enemies":"Cultist","floor":2,"turns":1},{"damage":0,"enemies":"Small Slimes","floor":4,"turns":2},{"damage":0,"enemies":"Gremlin Gang","floor":5,"turns":1},{"damage":15,"enemies":"3 Sentries","floor":6,"turns":3},{"damage":0,"enemies":"Exordium Wildlife","floor":7,"turns":1},{"damage":0,"enemies":"Lagavulin","floor":8,"turns":1},{"damage":0,"enemies":"Large Slime","floor":13,"turns":3},{"damage":2,"enemies":"2 Fungi Beasts","floor":14,"turns":3},{"damage":12,"enemies":"Hexaghost","floor":16,"turns":5},{"damage":0,"enemies":"2 Thieves","floor":18,"turns":1},{"damage":0,"enemies":"Spheric Guardian","floor":19,"turns":1},{"damage":0,"enemies":"Snake Plant","floor":20,"turns":1},{"damage":0,"enemies":"Centurion and Healer","floor":21,"turns":1},{"damage":0,"enemies":"Shelled Parasite and Fungi","floor":22,"turns":2},{"damage":6,"enemies":"Book of Stabbing","floor":23,"turns":2},{"damage":14,"enemies":"Slavers","floor":25,"turns":4},{"damage":0,"enemies":"Snake Plant","floor":29,"turns":1},{"damage":0,"enemies":"Collector","floor":33,"turns":2},{"damage":0,"enemies":"3 Darklings","floor":35,"turns":1},{"damage":0,"enemies":"Orb Walker","floor":38,"turns":1},{"damage":30,"enemies":"Nemesis","floor":41,"turns":3},{"damage":0,"enemies":"Sphere and 2 Shapes","floor":44,"turns":1},{"damage":29,"enemies":"Giant Head","floor":45,"turns":6},{"damage":0,"enemies":"3 Darklings","floor":46,"turns":3},{"damage":32,"enemies":"Donu and Deca","floor":50,"turns":7}],"seed_played":"9132729475110724367","potions_obtained":[{"floor":2,"key":"Regen Potion"},{"floor":3,"key":"SneckoOil"},{"floor":3,"key":"AttackPotion"},{"floor":4,"key":"Poison Potion"},{"floor":5,"key":"FearPotion"},{"floor":7,"key":"Energy Potion"},{"floor":18,"key":"SkillPotion"},{"floor":20,"key":"Swift Potion"},{"floor":22,"key":"Strength Potion"},{"floor":25,"key":"FearPotion"}],"is_trial":false,"path_per_floor":["M","M","?","M","M","E","M","E","T","R","?","$","M","M","R","B",null,"M","M","M","M","M","E","R","E","T","R","?","M","?","?","R","B",null,"M","?","$","M","$","R","E","R","T","M","E","M","R","?","R","B",null],"character_chosen":"THE_SILENT","items_purchased":["Noxious Fumes","Snake Skull","Caltrops"],"campfire_rested":2,"item_purchase_floors":[12,12,37],"current_hp_per_floor":[70,70,70,70,70,55,57,59,59,59,65,65,69,71,71,61,80,80,80,80,80,82,78,78,66,66,66,66,70,70,70,70,72,86,86,86,86,86,86,86,56,56,56,60,47,49,76,76,90,58],"gold":17,"neow_bonus":"","is_prod":false,"is_daily":true,"chose_seed":false,"campfire_upgraded":7,"win_rate":0,"timestamp":1545688546,"path_taken":["M","M","?","M","?","E","?","E","T","R","?","$","M","?","R","BOSS","M","M","M","M","M","E","R","E","T","R","?","?","?","?","R","BOSS","M","?","$","?","$","R","E","R","T","M","E","M","R","?","R","BOSS"],"build_version":"2018-12-20","purchased_purges":1,"victory":true,"max_hp_per_floor":[70,70,70,70,70,70,70,70,70,70,76,76,78,80,80,80,80,80,80,80,80,82,84,84,84,84,84,84,86,86,86,86,86,86,86,86,86,86,86,86,86,86,86,88,90,90,90,90,90,90],"card_choices":[{"not_picked":["Choke","Deflect"],"picked":"Backflip","floor":1},{"not_picked":["Quick Slash","Eviscerate","Die Die Die"],"picked":"SKIP","floor":2},{"not_picked":["Sucker Punch","Bouncing Flask","Prepared"],"picked":"SKIP","floor":4},{"not_picked":["Dagger Spray","Predator","Flechettes"],"picked":"SKIP","floor":5},{"not_picked":["Dagger Spray","Sucker Punch","Poisoned Stab"],"picked":"SKIP","floor":6},{"not_picked":["Dramatic Entrance","Prepared"],"picked":"Mind Blast","floor":7},{"not_picked":["All Out Attack","Underhanded Strike","Bane"],"picked":"SKIP","floor":8},{"not_picked":["Slice","Deep Breath","Deflect"],"picked":"Singing Bowl","floor":13},{"not_picked":["Endless Agony","Bouncing Flask","Madness"],"picked":"Singing Bowl","floor":14},{"not_picked":["Chrysalis","Sadistic Nature"],"picked":"Night Terror","floor":16},{"not_picked":["Trip","Good Instincts"],"picked":"Outmaneuver+1","floor":18},{"not_picked":["Acrobatics","Sucker Punch"],"picked":"PiercingWail+1","floor":19},{"not_picked":["Concentrate+1","Poisoned Stab"],"picked":"Deflect+1","floor":20},{"not_picked":["Blade Dance","Deadly Poison"],"picked":"Distraction+1","floor":21},{"not_picked":["Deadly Poison","Dagger Spray","Acrobatics"],"picked":"Singing Bowl","floor":22},{"not_picked":["Crippling Poison","Purity","Underhanded Strike"],"picked":"Singing Bowl","floor":23},{"not_picked":["Dodge and Roll","Underhanded Strike"],"picked":"Backflip","floor":25},{"not_picked":["PanicButton","Dagger Spray","Dagger Throw"],"picked":"Singing Bowl","floor":29},{"not_picked":["Master of Strategy","Unload"],"picked":"Mayhem","floor":33},{"not_picked":["Deflect+1","Flying Knee+1"],"picked":"Calculated Gamble","floor":35},{"not_picked":["Prepared+1","Impatience"],"picked":"Blind+1","floor":38},{"not_picked":["Escape Plan","Heel Hook"],"picked":"Apotheosis","floor":41},{"not_picked":["Quick Slash+1","Flying Knee+1","Escape Plan+1"],"picked":"Singing Bowl","floor":44},{"not_picked":["Dagger Throw+1","Deflect+1","Acrobatics+1"],"picked":"Singing Bowl","floor":45},{"not_picked":["Predator","Slice"],"picked":"Backflip+1","floor":46}],"player_experience":2947703,"relics_obtained":[{"floor":6,"key":"Blood Vial"},{"floor":8,"key":"Darkstone Periapt"},{"floor":9,"key":"Singing Bowl"},{"floor":23,"key":"Shuriken"},{"floor":25,"key":"Matryoshka"},{"floor":26,"key":"Mummified Hand"},{"floor":26,"key":"MawBank"},{"floor":41,"key":"Meat on the Bone"},{"floor":43,"key":"Boot"},{"floor":43,"key":"Bronze Scales"},{"floor":45,"key":"Centennial Puzzle"}],"event_choices":[{"damage_healed":0,"gold_gain":0,"player_choice":"Got Potions","damage_taken":0,"max_hp_gain":0,"max_hp_loss":0,"event_name":"Lab","floor":3,"gold_loss":0},{"damage_healed":0,"gold_gain":0,"player_choice":"Rummage","damage_taken":0,"relics_obtained":["WarpedTongs"],"max_hp_gain":0,"max_hp_loss":0,"event_name":"Accursed Blacksmith","floor":11,"gold_loss":0,"cards_obtained":["Pain"]},{"damage_healed":0,"gold_gain":0,"player_choice":"Bet on Owner","damage_taken":0,"max_hp_gain":0,"max_hp_loss":0,"event_name":"The Joust","floor":28,"gold_loss":50},{"damage_healed":0,"gold_gain":0,"player_choice":"Inject Mutagens","damage_taken":0,"relics_obtained":["MutagenicStrength"],"max_hp_gain":0,"max_hp_loss":0,"event_name":"Drug Dealer","floor":30,"gold_loss":0},{"damage_healed":0,"gold_gain":0,"player_choice":"Read","damage_taken":0,"max_hp_gain":0,"max_hp_loss":0,"event_name":"The Library","floor":31,"gold_loss":0,"cards_obtained":["Noxious Fumes"]},{"cards_removed":["Reflex"],"damage_healed":0,"gold_gain":0,"player_choice":"Purged","damage_taken":0,"max_hp_gain":0,"max_hp_loss":0,"event_name":"Purifier","floor":36,"gold_loss":0},{"damage_healed":0,"gold_gain":0,"player_choice":"Ignored","damage_taken":0,"max_hp_gain":0,"max_hp_loss":0,"event_name":"SecretPortal","floor":48,"gold_loss":0}],"is_beta":false,"boss_relics":[{"not_picked":["Runic Dome","Orrery"],"picked":"Ectoplasm"},{"not_picked":["Fusion Hammer","WristBlade"],"picked":"Sozu"}],"items_purged_floors":[12],"is_endless":false,"potions_floor_spawned":[2,4,5,7,13,18,20,22,25,29,38,46],"ascension_level":0}