{"gold_per_floor":[118,268,285,44,3,3,16,16,40,40,75,75,89,102,102,178,178,196,175,12,24,24,24,24,24,47,59,105,117,52,69,69,69],"floor_reached":33,"playtime":2911,"items_purged":["Doubt"],"score":513,"play_id":"69447935-fe99-460e-9f93-c1015c5711b4","local_time":"20181114112207","is_ascension_mode":true,"campfire_choices":[{"data":"Noxious Fumes","floor":6,"key":"SMITH"},{"data":"Bullet Time","floor":8,"key":"SMITH"},{"floor":12,"key":"REST"},{"floor":15,"key":"REST"},{"floor":23,"key":"REST"},{"floor":27,"key":"REST"},{"floor":29,"key":"REST"},{"floor":32,"key":"REST"}],"neow_cost":"NONE","seed_source_timestamp":44330129681355,"circlet_count":0,"master_deck":["AscendersBane","Defend_G","Defend_G","Defend_G","Defend_G","Defend_G","Strike_G","Strike_G","Survivor","Neutralize","Noxious Fumes+1","Quick Slash","Bullet Time+1","Predator","PiercingWail","Night Terror","Dash","Dash","Eviscerate","Heel Hook","Footwork"],"relics":["Ring of the Snake","NeowsBlessing","Bag of Marbles","Oddly Smooth Stone","Lantern","Runic Pyramid","Ancient Tea Set","Incense Burner","MawBank","Centennial Puzzle"],"potions_floor_usage":[11,16,19,28,31],"damage_taken":[{"damage":0,"enemies":"Jaw Worm","floor":1,"turns":1},{"damage":0,"enemies":"2 Louse","floor":3,"turns":1},{"damage":0,"enemies":"Small Slimes","floor":7,"turns":2},{"damage":47,"enemies":"Gremlin Nob","floor":11,"turns":5},{"damage":22,"enemies":"Exordium Thugs","floor":13,"turns":5},{"damage":0,"enemies":"Exordium Wildlife","floor":14,"turns":4},{"damage":4,"enemies":"Hexaghost","floor":16,"turns":11},{"damage":18,"enemies":"Spheric Guardian","floor":18,"turns":4},{"damage":6,"enemies":"2 Thieves","floor":19,"turns":4},{"damage":26,"enemies":"Shelled Parasite and Fungi","floor":21,"turns":6},{"damage":30,"enemies":"Book of Stabbing","floor":28,"turns":5},{"damage":17,"enemies":"3 Cultists","floor":31,"turns":7},{"damage":42,"enemies":"Champ","floor":33,"turns":13}],"seed_played":"-6119002730599003999","potions_obtained":[{"floor":1,"key":"SpeedPotion"},{"floor":13,"key":"Block Potion"},{"floor":16,"key":"EssenceOfSteel"},{"floor":19,"key":"SteroidPotion"},{"floor":28,"key":"Poison Potion"},{"floor":31,"key":"SteroidPotion"}],"is_trial":false,"path_per_floor":["M","?","M","$","?","R","M","R","T","?","E","R","M","M","R","B",null,"M","M","$","M","?","R","T","?","T","R","E","R","$","M","R","B"],"character_chosen":"THE_SILENT","items_purchased":["Bag of Marbles","Ancient Tea Set","Footwork"],"campfire_rested":6,"item_purchase_floors":[4,20,30],"current_hp_per_floor":[59,59,59,59,59,59,59,59,59,59,12,31,9,9,28,24,56,38,32,32,6,6,25,25,25,25,44,14,33,33,16,35,0],"gold":69,"neow_bonus":"THREE_ENEMY_KILL","is_prod":false,"is_daily":false,"chose_seed":false,"campfire_upgraded":2,"win_rate":0,"timestamp":1542212527,"path_taken":["M","?","M","$","?","R","M","R","T","?","E","R","?","M","R","BOSS","M","M","$","M","?","R","?","?","T","R","E","R","$","M","R","BOSS"],"build_version":"2018-11-08","purchased_purges":1,"victory":false,"max_hp_per_floor":[66,66,66,66,66,66,66,66,66,66,66,66,66,66,66,66,66,66,66,66,66,66,66,66,66,66,66,66,66,66,66,66,66],"card_choices":[{"not_picked":["Deadly Poison","Masterful Stab"],"picked":"Noxious Fumes","floor":1},{"not_picked":["Blade Dance","PiercingWail"],"picked":"Quick Slash","floor":3},{"not_picked":["Finisher","Deadly Poison"],"picked":"Bullet Time","floor":7},{"not_picked":["Deadly Poison","Dodge and Roll"],"picked":"Predator","floor":11},{"not_picked":["Dagger Throw","Infinite Blades"],"picked":"PiercingWail","floor":13},{"not_picked":["Outmaneuver","Underhanded Strike","Distraction"],"picked":"SKIP","floor":14},{"not_picked":["A Thousand Cuts","Doppelganger"],"picked":"Night Terror","floor":16},{"not_picked":["Bouncing Flask","Tactician"],"picked":"Dash","floor":18},{"not_picked":["Cloak And Dagger","Sucker Punch"],"picked":"Dash","floor":19},{"not_picked":["Setup","Expertise","Deadly Poison"],"picked":"SKIP","floor":21},{"not_picked":["Dagger Throw","Underhanded Strike","Deflect"],"picked":"SKIP","floor":28},{"not_picked":["Accuracy","Poisoned Stab","Cloak And Dagger"],"picked":"SKIP","floor":31}],"player_experience":2288713,"relics_obtained":[{"floor":9,"key":"Oddly Smooth Stone"},{"floor":11,"key":"Lantern"},{"floor":24,"key":"Incense Burner"},{"floor":26,"key":"MawBank"},{"floor":28,"key":"Centennial Puzzle"}],"event_choices":[{"damage_healed":0,"gold_gain":150,"player_choice":"AGREE","damage_taken":0,"max_hp_gain":0,"max_hp_loss":0,"event_name":"Liars Game","floor":2,"gold_loss":0,"cards_obtained":["Doubt"]},{"damage_healed":0,"gold_gain":0,"player_choice":"Left Gold","damage_taken":0,"max_hp_gain":0,"max_hp_loss":0,"event_name":"World of Goop","floor":5,"gold_loss":41},{"cards_removed":["Strike_G"],"damage_healed":0,"gold_gain":0,"player_choice":"Offered Basic","damage_taken":0,"max_hp_gain":0,"max_hp_loss":0,"event_name":"Bonfire Elementals","floor":10,"gold_loss":0},{"damage_healed":0,"gold_gain":0,"cards_transformed":["Strike_G","Strike_G"],"player_choice":"Became Test Subject","damage_taken":0,"max_hp_gain":0,"max_hp_loss":0,"event_name":"Drug Dealer","floor":25,"gold_loss":0,"cards_obtained":["Eviscerate","Heel Hook"]}],"is_beta":false,"boss_relics":[{"not_picked":["Astrolabe","Snecko Eye"],"picked":"Runic Pyramid"}],"items_purged_floors":[4],"is_endless":false,"potions_floor_spawned":[1,13,16,19,28,31],"killed_by":"Champ","ascension_level":19}