{"gold_per_floor":[116,135,154,171,184,218,236,236,236,236,3,3,3,20,20,92,92,109,109,119,34,34,34,34],"floor_reached":24,"playtime":1344,"items_purged":["Strike_G"],"score":376,"play_id":"f6b52829-f394-4dcc-9514-2a23da460c24","local_time":"20181110161507","is_ascension_mode":true,"campfire_choices":[{"floor":12,"key":"REST"},{"data":"Noxious Fumes","floor":15,"key":"SMITH"},{"floor":23,"key":"REST"}],"neow_cost":"NONE","seed_source_timestamp":511323282129376,"circlet_count":0,"master_deck":["AscendersBane","Defend_G","Defend_G","Defend_G","Defend_G","Defend_G","Strike_G","Survivor","Neutralize+1","Deflect","Quick Slash","Backstab","Blur","Predator","PiercingWail","Noxious Fumes+1","Flying Knee","Malaise","Flying Knee","Writhe","Prepared+1","Slice","Footwork"],"relics":["Ring of the Snake","Art of War","Mummified Hand","Eternal Feather","Letter Opener","Gremlin Horn"],"potions_floor_usage":[6,7,10,14,18,24],"damage_taken":[{"damage":1,"enemies":"Cultist","floor":1,"turns":5},{"damage":0,"enemies":"2 Louse","floor":2,"turns":3},{"damage":2,"enemies":"Small Slimes","floor":3,"turns":4},{"damage":1,"enemies":"Red Slaver","floor":4,"turns":5},{"damage":0,"enemies":"Exordium Wildlife","floor":5,"turns":2},{"damage":40,"enemies":"Gremlin Nob","floor":6,"turns":5},{"damage":0,"enemies":"2 Fungi Beasts","floor":7,"turns":3},{"damage":6,"enemies":"Gremlin Nob","floor":10,"turns":3},{"damage":3,"enemies":"Large Slime","floor":14,"turns":6},{"damage":16,"enemies":"The Guardian","floor":16,"turns":12},{"damage":25,"enemies":"Spheric Guardian","floor":18,"turns":4},{"damage":2,"enemies":"3 Byrds","floor":20,"turns":5},{"damage":60,"enemies":"Book of Stabbing","floor":24,"turns":8}],"seed_played":"1244319895151918418","potions_obtained":[{"floor":1,"key":"SmokeBomb"},{"floor":5,"key":"AttackPotion"},{"floor":6,"key":"AttackPotion"},{"floor":16,"key":"SkillPotion"},{"floor":20,"key":"Dexterity Potion"}],"is_trial":false,"path_per_floor":["M","M","M","M","M","E","M","?","T","?","$","R","?","M","R","B",null,"M","?","M","?","?","R","E"],"character_chosen":"THE_SILENT","items_purchased":["Noxious Fumes","Regen Potion"],"campfire_rested":2,"item_purchase_floors":[11,11],"current_hp_per_floor":[58,58,56,55,55,15,15,15,15,9,9,28,28,40,40,24,56,31,31,29,29,29,60,0],"gold":34,"neow_bonus":"UPGRADE_CARD","is_prod":false,"is_daily":false,"chose_seed":false,"campfire_upgraded":1,"win_rate":0,"timestamp":1541884507,"path_taken":["M","M","M","M","M","E","M","?","T","?","$","R","?","M","R","BOSS","M","?","M","?","?","R","E"],"build_version":"2018-11-08","purchased_purges":1,"victory":false,"max_hp_per_floor":[66,66,66,66,66,66,66,66,66,66,66,66,66,66,66,66,66,66,66,66,66,66,66,66],"card_choices":[{"not_picked":["Reflex","Underhanded Strike","Dodge and Roll"],"picked":"SKIP","floor":1},{"not_picked":["Setup","Blade Dance"],"picked":"Deflect","floor":2},{"not_picked":["Dodge and Roll","Dagger Throw"],"picked":"Quick Slash","floor":3},{"not_picked":["Underhanded Strike","Blur"],"picked":"Backstab","floor":4},{"not_picked":["Outmaneuver","Deadly Poison"],"picked":"Blur","floor":5},{"not_picked":["Skewer","Infinite Blades"],"picked":"Predator","floor":6},{"not_picked":["Flying Knee","Unload"],"picked":"PiercingWail","floor":7},{"not_picked":["Dash","Outmaneuver"],"picked":"Flying Knee","floor":14},{"not_picked":["Unload","Glass Knife"],"picked":"Malaise","floor":16},{"not_picked":["Tactician","Bane"],"picked":"Flying Knee","floor":18},{"not_picked":["Flying Knee","Poisoned Stab"],"picked":"Prepared+1","floor":20}],"player_experience":2188119,"relics_obtained":[{"floor":6,"key":"Art of War"},{"floor":9,"key":"Mummified Hand"}],"event_choices":[{"damage_healed":0,"gold_gain":0,"player_choice":"Fled","damage_taken":0,"max_hp_gain":0,"max_hp_loss":0,"event_name":"Scrap Ooze","floor":8,"gold_loss":0},{"damage_healed":0,"gold_gain":0,"player_choice":"Searched \u00271\u0027 times","damage_taken":0,"max_hp_gain":0,"max_hp_loss":0,"event_name":"Dead Adventurer","floor":10,"gold_loss":0},{"cards_removed":["Strike_G"],"damage_healed":0,"gold_gain":0,"player_choice":"Purged","damage_taken":0,"max_hp_gain":0,"max_hp_loss":0,"event_name":"Purifier","floor":13,"gold_loss":0},{"damage_healed":0,"gold_gain":0,"player_choice":"Opened","damage_taken":0,"relics_obtained":["Letter Opener"],"max_hp_gain":0,"max_hp_loss":0,"event_name":"The Mausoleum","floor":19,"gold_loss":0,"cards_obtained":["Writhe"]},{"damage_healed":0,"gold_gain":0,"player_choice":"Obtained Relic","damage_taken":0,"relics_obtained":["Gremlin Horn"],"max_hp_gain":0,"max_hp_loss":0,"event_name":"Addict","floor":21,"gold_loss":85},{"damage_healed":0,"gold_gain":0,"cards_transformed":["Strike_G","Strike_G"],"player_choice":"Became Test Subject","damage_taken":0,"max_hp_gain":0,"max_hp_loss":0,"event_name":"Drug Dealer","floor":22,"gold_loss":0,"cards_obtained":["Slice","Footwork"]}],"is_beta":false,"boss_relics":[{"not_picked":["Orrery","Black Star"],"picked":"Eternal Feather"}],"items_purged_floors":[11],"is_endless":false,"potions_floor_spawned":[1,5,6,10,16,20],"killed_by":"Book of Stabbing","ascension_level":18}