{"gold_per_floor":[115,126,126,140,3,3,22,22,22,22,38,64,64,96,96,96],"floor_reached":16,"playtime":730,"items_purged":[],"score":209,"play_id":"a444bfc6-5363-4118-81e8-912463ddec1d","local_time":"20190410101435","is_ascension_mode":true,"campfire_choices":[{"data":"Reinforced Body","floor":6,"key":"SMITH"},{"data":"Rip and Tear","floor":8,"key":"SMITH"},{"floor":10,"key":"REST"},{"data":"Go for the Eyes","floor":13,"key":"SMITH"},{"data":"Genetic Algorithm","floor":15,"key":"SMITH"}],"neow_cost":"NONE","seed_source_timestamp":53782929066227,"circlet_count":0,"master_deck":["AscendersBane","Strike_B","Strike_B","Strike_B","Strike_B","Defend_B","Defend_B","Defend_B","Defend_B","Zap","Dualcast","Rip and Tear+1","Reinforced Body+1","Doom and Gloom","Self Repair","Undo","Steam","Go for the Eyes+1","Genetic Algorithm+1"],"relics":["Cracked Core","The Courier","Calipers","Pen Nib"],"potions_floor_usage":[12,12],"damage_taken":[{"damage":1,"enemies":"Cultist","floor":1,"turns":3},{"damage":3,"enemies":"2 Louse","floor":2,"turns":2},{"damage":0,"enemies":"Small Slimes","floor":4,"turns":2},{"damage":9,"enemies":"2 Fungi Beasts","floor":7,"turns":3},{"damage":0,"enemies":"Exordium Wildlife","floor":11,"turns":3},{"damage":10,"enemies":"Lagavulin","floor":12,"turns":5},{"damage":37,"enemies":"3 Sentries","floor":14,"turns":9},{"damage":48,"enemies":"Slime Boss","floor":16,"turns":11}],"seed_played":"-120339943361520482","potions_obtained":[{"floor":4,"key":"Explosive Potion"},{"floor":14,"key":"LiquidBronze"}],"is_trial":false,"path_per_floor":["M","M","?","M","$","R","M","R","T","R","M","E","R","E","R","B"],"character_chosen":"DEFECT","items_purchased":["Self Repair","Block Potion"],"campfire_rested":1,"item_purchase_floors":[5,5],"current_hp_per_floor":[70,67,56,56,56,56,54,54,54,77,78,75,75,45,45,0],"gold":96,"neow_bonus":"TEN_PERCENT_HP_BONUS","is_prod":false,"is_daily":false,"chose_seed":false,"campfire_upgraded":4,"win_rate":0,"timestamp":1554905675,"path_taken":["M","M","?","M","$","R","M","R","T","R","M","E","R","E","R","BOSS"],"build_version":"2019-01-23","purchased_purges":0,"victory":false,"max_hp_per_floor":[78,78,78,78,78,78,78,78,78,78,78,78,78,78,78,78],"card_choices":[{"not_picked":["Stack","Storm"],"picked":"Rip and Tear","floor":1},{"not_picked":["Reprogram","Compile Driver"],"picked":"Reinforced Body","floor":2},{"not_picked":["Chill","Cold Snap"],"picked":"Doom and Gloom","floor":4},{"not_picked":["Cold Snap","Aggregate"],"picked":"Undo","floor":7},{"not_picked":["Hologram","Go for the Eyes"],"picked":"Steam","floor":11},{"not_picked":["Sweeping Beam","Scrape"],"picked":"Go for the Eyes","floor":12},{"not_picked":["Rainbow","Redo"],"picked":"Genetic Algorithm","floor":14}],"player_experience":3328153,"relics_obtained":[{"floor":9,"key":"The Courier"},{"floor":12,"key":"Calipers"},{"floor":14,"key":"Pen Nib"}],"event_choices":[{"damage_healed":0,"gold_gain":0,"player_choice":"Damaged","damage_taken":11,"max_hp_gain":0,"max_hp_loss":0,"event_name":"Wheel of Change","floor":3,"gold_loss":0}],"is_beta":false,"boss_relics":[],"items_purged_floors":[],"is_endless":false,"potions_floor_spawned":[4,7,14],"killed_by":"Slime Boss","ascension_level":18}