{"gold_per_floor":[210,220,15,15,15,15,29,3,30,46,46,46,64,76,76,173,173,188,188,188,207,220,220,249,24,24,40,40,40,40,67,67,168,168,186,186,286,298,298,298,312,328,328,328,343,343,343,343,343,343],"floor_reached":51,"playtime":2252,"items_purged":["Strike_R"],"score":730,"play_id":"d82572b6-3055-41eb-bf8f-52040a18df9d","local_time":"20190710224145","is_ascension_mode":false,"campfire_choices":[{"data":"Bash","floor":6,"key":"SMITH"},{"data":"Inflame","floor":12,"key":"SMITH"},{"data":"Heavy Blade","floor":15,"key":"SMITH"},{"data":"Berserk","floor":23,"key":"SMITH"},{"data":"Disarm","floor":28,"key":"SMITH"},{"floor":32,"key":"REST"},{"data":"Dual Wield","floor":40,"key":"SMITH"},{"data":"Pummel","floor":44,"key":"SMITH"},{"data":"Flame Barrier","floor":49,"key":"SMITH"}],"neow_cost":"NONE","seed_source_timestamp":2411919206719365,"circlet_count":0,"master_deck":["Defend_R","Defend_R","Bash+1","Inflame+1","Heavy Blade+1","Shrug It Off","Shrug It Off","Pummel+1","Dual Wield+1","Berserk+1","Armaments+1","Disarm+1","Shrug It Off","Spot Weakness","Whirlwind","Shrug It Off+1","Necronomicurse","Exhume","Spot Weakness+1","Shockwave+1","True Grit+1","Flame Barrier+1","Heavy Blade+1","Iron Wave+1","Shrug It Off"],"relics":["Burning Blood","Bronze Scales","Blood Vial","Art of War","Empty Cage","Paper Frog","Letter Opener","Necronomicon","Bag of Preparation","Astrolabe","Bird Faced Urn","Bottled Lightning"],"potions_floor_usage":[16,24,24,33,37,45,45,50],"damage_taken":[{"damage":8,"enemies":"Jaw Worm","floor":1,"turns":5},{"damage":0,"enemies":"Small Slimes","floor":2,"turns":3},{"damage":1,"enemies":"Cultist","floor":7,"turns":3},{"damage":0,"enemies":"Large Slime","floor":10,"turns":5},{"damage":0,"enemies":"Red Slaver","floor":13,"turns":4},{"damage":0,"enemies":"2 Fungi Beasts","floor":14,"turns":4},{"damage":25,"enemies":"Slime Boss","floor":16,"turns":8},{"damage":12,"enemies":"3 Byrds","floor":18,"turns":6},{"damage":17,"enemies":"Chosen","floor":21,"turns":6},{"damage":18,"enemies":"Snecko","floor":22,"turns":7},{"damage":27,"enemies":"Book of Stabbing","floor":24,"turns":5},{"damage":10,"enemies":"Centurion and Healer","floor":27,"turns":5},{"damage":20,"enemies":"Collector","floor":33,"turns":5},{"damage":22,"enemies":"Orb Walker","floor":35,"turns":4},{"damage":0,"enemies":"Mind Bloom Boss Battle","floor":37,"turns":4},{"damage":32,"enemies":"3 Darklings","floor":38,"turns":4},{"damage":8,"enemies":"Sphere and 2 Shapes","floor":41,"turns":4},{"damage":22,"enemies":"Transient","floor":42,"turns":5},{"damage":34,"enemies":"Jaw Worm Horde","floor":45,"turns":5},{"damage":65,"enemies":"Donu and Deca","floor":50,"turns":8}],"seed_played":"6335656139641623559","potions_obtained":[{"floor":1,"key":"Dexterity Potion"},{"floor":2,"key":"SpeedPotion"},{"floor":18,"key":"Energy Potion"},{"floor":22,"key":"BloodPotion"},{"floor":35,"key":"Swift Potion"},{"floor":38,"key":"BloodPotion"},{"floor":41,"key":"BloodPotion"},{"floor":42,"key":"Regen Potion"}],"is_trial":false,"path_per_floor":["M","M","$","?","?","R","M","$","T","M","?","R","M","M","R","B",null,"M","?","?","M","M","R","E","$","T","M","R","$","?","T","R","B",null,"M","?","?","M","?","R","M","M","T","R","M","?","?","?","R","B",null],"character_chosen":"IRONCLAD","items_purchased":["Bronze Scales","SteroidPotion","Shrug It Off","Spot Weakness","Whirlwind"],"campfire_rested":1,"item_purchase_floors":[3,3,8,25,25],"current_hp_per_floor":[78,80,80,62,62,62,69,69,69,77,77,77,80,80,80,61,80,74,74,74,65,55,55,56,56,56,54,54,54,38,38,62,50,80,64,64,72,50,90,90,88,74,74,74,84,84,84,84,84,49],"gold":343,"neow_bonus":"HUNDRED_GOLD","is_prod":false,"is_daily":false,"chose_seed":false,"campfire_upgraded":8,"win_rate":0,"timestamp":1562812905,"path_taken":["M","M","$","?","?","R","?","$","T","M","?","R","M","?","R","BOSS","M","?","?","?","?","R","E","$","T","M","R","$","?","?","R","BOSS","M","?","?","M","?","R","M","?","T","R","M","?","?","?","R","BOSS"],"build_version":"2019-07-05","purchased_purges":1,"victory":true,"max_hp_per_floor":[80,80,80,80,80,80,80,80,80,80,80,80,80,80,80,80,80,80,80,80,80,80,80,80,80,80,80,80,80,80,80,80,80,80,80,80,80,80,90,90,90,90,90,90,90,90,90,85,85,85],"card_choices":[{"not_picked":["Fire Breathing","Rage","Infernal Blade"],"picked":"SKIP","floor":1},{"not_picked":["Uppercut","Twin Strike"],"picked":"Inflame","floor":2},{"not_picked":["Perfected Strike","Twin Strike"],"picked":"Heavy Blade","floor":7},{"not_picked":["Flex","Intimidate"],"picked":"Shrug It Off","floor":10},{"not_picked":["Thunderclap","Shrug It Off"],"picked":"Dual Wield","floor":13},{"not_picked":["Havoc","Clash","Armaments"],"picked":"SKIP","floor":14},{"not_picked":["Bludgeon","Brutality"],"picked":"Berserk","floor":16},{"not_picked":["Heavy Blade","Entrench+1"],"picked":"Armaments+1","floor":18},{"not_picked":["Shockwave","Cleave+1"],"picked":"Shrug It Off","floor":21},{"not_picked":["Body Slam+1","Searing Blow","Twin Strike"],"picked":"SKIP","floor":22},{"not_picked":["Rampage","Body Slam","Iron Wave"],"picked":"SKIP","floor":24},{"not_picked":["Rage","Shockwave"],"picked":"Shrug It Off+1","floor":27},{"not_picked":["Impervious","Dark Embrace"],"picked":"Exhume","floor":33},{"not_picked":["Clash+1","Dual Wield"],"picked":"True Grit+1","floor":35},{"not_picked":["Sword Boomerang","Thunderclap+1"],"picked":"Flame Barrier","floor":37},{"not_picked":["Sever Soul","Anger"],"picked":"Heavy Blade+1","floor":38},{"not_picked":["Heavy Blade","Iron Wave","Spot Weakness"],"picked":"SKIP","floor":41},{"not_picked":["Evolve","Armaments"],"picked":"Iron Wave+1","floor":42},{"not_picked":["Hemokinesis","Pommel Strike"],"picked":"Shrug It Off","floor":45}],"player_experience":3925432,"relics_obtained":[{"floor":9,"key":"Art of War"},{"floor":24,"key":"Paper Frog"},{"floor":26,"key":"Letter Opener"},{"floor":30,"key":"Necronomicon"},{"floor":31,"key":"Bag of Preparation"},{"floor":37,"key":"Bird Faced Urn"},{"floor":43,"key":"Bottled Lightning"}],"event_choices":[{"damage_healed":0,"gold_gain":0,"player_choice":"Success","damage_taken":18,"relics_obtained":["Blood Vial"],"max_hp_gain":0,"max_hp_loss":0,"event_name":"Scrap Ooze","floor":4,"gold_loss":0},{"damage_healed":0,"gold_gain":0,"player_choice":"Ignored","damage_taken":0,"max_hp_gain":0,"max_hp_loss":0,"event_name":"NoteForYourself","floor":5,"gold_loss":0},{"damage_healed":0,"gold_gain":0,"player_choice":"1 cards matched","damage_taken":0,"max_hp_gain":0,"max_hp_loss":0,"event_name":"Match and Keep!","floor":11,"gold_loss":0,"cards_obtained":["Pummel"]},{"damage_healed":0,"gold_gain":0,"player_choice":"Read","damage_taken":0,"max_hp_gain":0,"max_hp_loss":0,"event_name":"The Library","floor":19,"gold_loss":0,"cards_obtained":["Disarm"]},{"damage_healed":0,"gold_gain":0,"player_choice":"Bought 0 Potions","damage_taken":0,"max_hp_gain":0,"max_hp_loss":0,"event_name":"The Woman in Blue","floor":20,"gold_loss":0},{"damage_healed":0,"gold_gain":0,"player_choice":"Obtained Book","damage_taken":16,"max_hp_gain":0,"max_hp_loss":0,"event_name":"Cursed Tome","floor":30,"gold_loss":0},{"damage_healed":0,"gold_gain":0,"player_choice":"Ignored","damage_taken":0,"max_hp_gain":0,"max_hp_loss":0,"event_name":"Tomb of Lord Red Mask","floor":36,"gold_loss":0},{"damage_healed":0,"gold_gain":0,"player_choice":"Fight","damage_taken":0,"max_hp_gain":0,"max_hp_loss":0,"event_name":"MindBloom","floor":37,"gold_loss":0},{"cards_removed":["Brutality"],"damage_healed":30,"gold_gain":0,"player_choice":"Offered Rare","damage_taken":0,"max_hp_gain":10,"max_hp_loss":0,"event_name":"Bonfire Elementals","floor":39,"gold_loss":0},{"cards_removed":["Defend_R"],"damage_healed":0,"gold_gain":0,"player_choice":"Removed Skill","damage_taken":0,"max_hp_gain":0,"max_hp_loss":0,"event_name":"Falling","floor":46,"gold_loss":0},{"damage_healed":0,"gold_gain":0,"player_choice":"Ignored","damage_taken":0,"max_hp_gain":0,"max_hp_loss":0,"event_name":"Mysterious Sphere","floor":47,"gold_loss":0},{"damage_healed":0,"gold_gain":0,"player_choice":"Max HP","damage_taken":0,"max_hp_gain":0,"max_hp_loss":5,"event_name":"Winding Halls","floor":48,"gold_loss":0}],"is_beta":false,"boss_relics":[{"not_picked":["Ectoplasm","Velvet Choker"],"picked":"Empty Cage"},{"not_picked":["Mark of Pain","Snecko Eye"],"picked":"Astrolabe"}],"items_purged_floors":[25],"is_endless":false,"potions_floor_spawned":[1,2,14,18,22,35,38,41,42],"ascension_level":0}