{"gold_per_floor":[118,118,293,293,311,311,331,331,331,342,361,15,48,64,64,159,159,174,77,88,108,108,140,140,152,152,1,12,12,45,45,45,45],"floor_reached":33,"playtime":2003,"items_purged":[],"score":316,"play_id":"fe66bbfc-87eb-42b2-b002-414e45d79a1c","local_time":"20190718195311","is_ascension_mode":true,"campfire_choices":[{"floor":6,"key":"RECALL"},{"data":"Hologram","floor":15,"key":"SMITH"},{"data":"Coolheaded","floor":24,"key":"SMITH"},{"data":"Dualcast","floor":32,"key":"SMITH"}],"neow_cost":"TEN_PERCENT_HP_LOSS","seed_source_timestamp":2526652868612,"circlet_count":0,"master_deck":["Strike_B","Strike_B","Strike_B","Defend_B","Defend_B","Defend_B","Defend_B","Zap+1","Dualcast+1","Ball Lightning","Beam Cell","Genetic Algorithm","Reboot","Hologram+1","Ball Lightning","Stack","Beam Cell","Echo Form","Gash+1","Go for the Eyes","Compile Driver","Glacier","Self Repair","Coolheaded+1","Beam Cell+1","Good Instincts","Flash of Steel","Steam+1","Shame","Sweeping Beam"],"relics":["Cracked Core","Du-Vu Doll","Oddly Smooth Stone","Bag of Preparation","MealTicket","PreservedInsect","Black Star","Bottled Tornado","Matryoshka","Bronze Scales","Bag of Marbles","The Courier","Frozen Egg 2","Smiling Mask"],"potions_floor_usage":[13,16,25,25,33],"damage_taken":[{"damage":4,"enemies":"Jaw Worm","floor":1,"turns":5},{"damage":1,"enemies":"2 Louse","floor":5,"turns":2},{"damage":0,"enemies":"Cultist","floor":7,"turns":2},{"damage":10,"enemies":"Lots of Slimes","floor":10,"turns":2},{"damage":0,"enemies":"Exordium Thugs","floor":11,"turns":3},{"damage":26,"enemies":"Lagavulin","floor":13,"turns":4},{"damage":2,"enemies":"Red Slaver","floor":14,"turns":2},{"damage":8,"enemies":"Hexaghost","floor":16,"turns":9},{"damage":17,"enemies":"Shell Parasite","floor":18,"turns":6},{"damage":6,"enemies":"3 Byrds","floor":20,"turns":3},{"damage":2,"enemies":"Snecko","floor":21,"turns":6},{"damage":21,"enemies":"Book of Stabbing","floor":23,"turns":4},{"damage":13,"enemies":"3 Cultists","floor":25,"turns":5},{"damage":9,"enemies":"Snake Plant","floor":28,"turns":4},{"damage":24,"enemies":"Slavers","floor":30,"turns":5},{"damage":33,"enemies":"Champ","floor":33,"turns":13}],"seed_played":"2603823681707577143","potions_obtained":[{"floor":7,"key":"SpeedPotion"},{"floor":10,"key":"FearPotion"},{"floor":14,"key":"Strength Potion"},{"floor":16,"key":"Swift Potion"},{"floor":20,"key":"SpeedPotion"},{"floor":21,"key":"LiquidBronze"},{"floor":25,"key":"Fruit Juice"}],"is_trial":false,"path_per_floor":["M","?","?","?","M","R","M","?","T","M","M","$","E","M","R","B",null,"M","$","M","M","T","E","R","M","T","$","M","?","E","$","R","B"],"character_chosen":"DEFECT","items_purchased":["Bag of Preparation","MealTicket","Go for the Eyes","Compile Driver","Good Instincts","Flash of Steel"],"campfire_rested":0,"item_purchase_floors":[12,12,19,19,27,27],"current_hp_per_floor":[64,52,52,52,51,51,51,51,51,41,41,41,15,13,13,5,68,51,66,60,58,58,37,37,29,29,44,42,42,18,33,33,0],"gold":45,"neow_bonus":"ONE_RARE_RELIC","is_prod":false,"is_daily":false,"chose_seed":false,"campfire_upgraded":3,"win_rate":0,"timestamp":1563472391,"path_taken":["M","?","?","?","M","R","M","?","T","M","?","$","E","M","R","BOSS","M","$","M","?","?","E","R","?","T","$","M","?","E","$","R","BOSS"],"build_version":"2019-07-17","purchased_purges":0,"victory":false,"max_hp_per_floor":[68,68,68,68,68,68,68,68,68,68,68,68,68,68,68,68,68,68,68,68,68,68,68,68,73,73,73,73,73,73,73,73,73],"card_choices":[{"not_picked":["Reinforced Body","Streamline"],"picked":"Ball Lightning","floor":1},{"not_picked":["Auto Shields","Streamline"],"picked":"Beam Cell","floor":5},{"not_picked":["Consume","Darkness"],"picked":"Genetic Algorithm","floor":7},{"not_picked":["Stack","Streamline"],"picked":"Hologram","floor":10},{"not_picked":["Recycle","Genetic Algorithm"],"picked":"Ball Lightning","floor":11},{"not_picked":["Coolheaded","Meteor Strike"],"picked":"Stack","floor":13},{"not_picked":["Redo","Streamline"],"picked":"Beam Cell","floor":14},{"not_picked":["Multi-Cast","Core Surge"],"picked":"Echo Form","floor":16},{"not_picked":["Lockon","Redo+1"],"picked":"Gash+1","floor":18},{"not_picked":["Conserve Battery","Barrage"],"picked":"Glacier","floor":20},{"not_picked":["Conserve Battery+1","Turbo"],"picked":"Self Repair","floor":21},{"not_picked":["Rainbow","Aggregate"],"picked":"Coolheaded","floor":23},{"not_picked":["Barrage","Leap"],"picked":"Beam Cell+1","floor":25},{"not_picked":["Hello World","Turbo+1"],"picked":"Steam+1","floor":28},{"not_picked":["Sunder","Reinforced Body"],"picked":"Sweeping Beam","floor":30}],"player_experience":146493,"relics_obtained":[{"floor":13,"key":"PreservedInsect"},{"floor":22,"key":"Bottled Tornado"},{"floor":23,"key":"Matryoshka"},{"floor":23,"key":"Bronze Scales"},{"floor":26,"key":"Bag of Marbles"},{"floor":26,"key":"The Courier"},{"floor":30,"key":"Frozen Egg 2"},{"floor":30,"key":"Smiling Mask"}],"event_choices":[{"damage_healed":0,"gold_gain":0,"player_choice":"Success","damage_taken":12,"relics_obtained":["Oddly Smooth Stone"],"max_hp_gain":0,"max_hp_loss":0,"event_name":"Scrap Ooze","floor":2,"gold_loss":0},{"damage_healed":0,"gold_gain":175,"player_choice":"AGREE","damage_taken":0,"max_hp_gain":0,"max_hp_loss":0,"event_name":"Liars Game","floor":3,"gold_loss":0,"cards_obtained":["Doubt"]},{"damage_healed":0,"gold_gain":0,"player_choice":"Grow","damage_taken":0,"max_hp_gain":0,"max_hp_loss":0,"event_name":"Living Wall","floor":4,"gold_loss":0,"cards_upgraded":["Zap"]},{"damage_healed":0,"gold_gain":0,"cards_transformed":["Strike_B"],"player_choice":"Transformed","damage_taken":0,"max_hp_gain":0,"max_hp_loss":0,"event_name":"Transmorgrifier","floor":8,"gold_loss":0,"cards_obtained":["Reboot"]},{"damage_healed":0,"gold_gain":0,"cards_transformed":["Doubt"],"player_choice":"Transformed","damage_taken":0,"max_hp_gain":0,"max_hp_loss":0,"event_name":"Transmorgrifier","floor":29,"gold_loss":0,"cards_obtained":["Shame"]}],"is_beta":false,"boss_relics":[{"not_picked":["Runic Dome","Astrolabe"],"picked":"Black Star"}],"items_purged_floors":[],"is_endless":false,"potions_floor_spawned":[7,10,14,16,20,21,25],"killed_by":"Champ","ascension_level":2}