{"gold_per_floor":[112,122,133,146,158,188,188,205,232,232,197,197,472,482,482,581,581,593,42,68,95,122,134,162,99,136,148,186,198,228,340,352,468,480,510,522,534,562,574,586,598,610,622,668,699,22,49,49,49,49],"floor_reached":50,"playtime":2654,"items_purged":["Regret"],"score":823,"play_id":"4cd26bb9-c4b4-4870-8d82-9ffffdd571cb","local_time":"20190721015937","is_ascension_mode":true,"campfire_choices":[{"data":"Sucker Punch","floor":7.0,"key":"SMITH"},{"data":"Neutralize","floor":10.0,"key":"SMITH"},{"data":"Dagger Spray","floor":15.0,"key":"SMITH"},{"data":"A Thousand Cuts","floor":23.0,"key":"SMITH"},{"floor":27.0,"key":"REST"},{"floor":32.0,"key":"REST"},{"floor":40.0,"key":"RECALL"},{"data":"Discovery","floor":42.0,"key":"SMITH"},{"data":"Panache","floor":49.0,"key":"SMITH"}],"neow_cost":"TEN_PERCENT_HP_LOSS","seed_source_timestamp":615450908947043,"circlet_count":0,"master_deck":["Strike_G+1","Defend_G+1","Defend_G+1","Defend_G+1","Defend_G+1","Defend_G+1","Survivor+1","Neutralize+1","Die Die Die+1","Flying Knee+1","Heel Hook+1","Dagger Spray+1","Bullet Time+1","Flying Knee+1","Sucker Punch+1","A Thousand Cuts+1","Bane+1","Escape Plan+1","Dagger Throw+1","Malaise+1","Well Laid Plans+1","Die Die Die+1","Noxious Fumes+1","Backflip+1","Footwork+1","Phantasmal Killer+1","PiercingWail+1","Footwork+1","Deadly Poison+1","Discovery+1","Escape Plan+1","Blur","Panache+1","Footwork+1"],"special_seed":0,"relics":["Ring of the Snake","Regal Pillow","Lantern","Blood Vial","Astrolabe","Vajra","MawBank","Happy Flower","Dream Catcher","Prayer Wheel","Mummified Hand","Philosopher\u0027s Stone","Mark of the Bloom","Boot","FossilizedHelix","Sling","Bottled Lightning"],"potions_floor_usage":[],"damage_taken":[{"damage":0.0,"enemies":"Small Slimes","floor":1.0,"turns":3.0},{"damage":0.0,"enemies":"Jaw Worm","floor":2.0,"turns":5.0},{"damage":0.0,"enemies":"2 Louse","floor":3.0,"turns":1.0},{"damage":0.0,"enemies":"Lots of Slimes","floor":4.0,"turns":1.0},{"damage":0.0,"enemies":"Exordium Thugs","floor":5.0,"turns":4.0},{"damage":28.0,"enemies":"Gremlin Nob","floor":6.0,"turns":4.0},{"damage":0.0,"enemies":"3 Louse","floor":8.0,"turns":2.0},{"damage":0.0,"enemies":"2 Fungi Beasts","floor":14.0,"turns":2.0},{"damage":48.0,"enemies":"The Guardian","floor":16.0,"turns":15.0},{"damage":12.0,"enemies":"2 Thieves","floor":18.0,"turns":3.0},{"damage":0.0,"enemies":"3 Byrds","floor":21.0,"turns":4.0},{"damage":23.0,"enemies":"Snecko","floor":22.0,"turns":5.0},{"damage":14.0,"enemies":"Snake Plant","floor":24.0,"turns":5.0},{"damage":0.0,"enemies":"Gremlin Leader","floor":28.0,"turns":5.0},{"damage":11.0,"enemies":"Centurion and Healer","floor":30.0,"turns":4.0},{"damage":8.0,"enemies":"Colosseum Slavers","floor":31.0,"turns":3.0},{"damage":16.0,"enemies":"Colosseum Nobs","floor":31.0,"turns":4.0},{"damage":44.0,"enemies":"Collector","floor":33.0,"turns":8.0},{"damage":0.0,"enemies":"Orb Walker","floor":35.0,"turns":2.0},{"damage":0.0,"enemies":"3 Shapes","floor":38.0,"turns":6.0},{"damage":0.0,"enemies":"Nemesis","floor":44.0,"turns":7.0},{"damage":0.0,"enemies":"Jaw Worm Horde","floor":45.0,"turns":3.0},{"damage":18.0,"enemies":"Reptomancer","floor":47.0,"turns":5.0},{"damage":36,"enemies":"Time Eater","floor":50,"turns":2}],"seed_played":"-989627662292615228","potions_obtained":[{"floor":1.0,"key":"Regen Potion"},{"floor":3.0,"key":"Dexterity Potion"},{"floor":6.0,"key":"Swift Potion"},{"floor":8.0,"key":"AttackPotion"},{"floor":21.0,"key":"Regen Potion"},{"floor":24.0,"key":"SpeedPotion"},{"floor":30.0,"key":"Strength Potion"},{"floor":31.0,"key":"GamblersBrew"},{"floor":35.0,"key":"LiquidBronze"},{"floor":44.0,"key":"Energy Potion"}],"is_trial":false,"path_per_floor":["M","M","M","M","M","E","R","M","T","R","?","?","?","M","R","B",null,"M","$","T","M","M","R","M","?","T","R","E","?","M","?","R","B",null,"M","?","?","M","?","R","?","R","T","E","M","$","E","?","R","B"],"character_chosen":"THE_SILENT","items_purchased":["Malaise","Well Laid Plans","Vajra","SkillPotion","Dexterity Potion","FossilizedHelix","Sling","Panache"],"campfire_rested":2,"item_purchase_floors":[19,19,19,19,19,46,46,46],"current_hp_per_floor":[63,63,63,63,63,35,35,35,35,35,50,43,43,45,45,14,51,41,41,41,43,34,34,22,22,22,55,57,57,48,28,61,19,52,54,54,54,54,54,54,54,54,54,54,54,54,36,36,36,0],"gold":49,"neow_bonus":"THREE_RARE_CARDS","is_prod":false,"is_daily":false,"chose_seed":false,"campfire_upgraded":6,"win_rate":0,"timestamp":1563695977,"path_taken":["M","M","M","M","M","E","R","M","T","R","?","?","?","M","R","BOSS","M","$","?","M","M","R","?","?","T","R","E","?","M","?","R","BOSS","M","?","?","M","?","R","?","R","T","E","M","$","E","?","R","BOSS"],"build_version":"2019-07-18","purchased_purges":1,"victory":false,"max_hp_per_floor":[63,63,63,63,63,63,63,63,63,63,63,63,63,63,63,63,63,63,63,63,63,63,63,63,63,63,63,63,63,63,63,63,63,63,63,63,60,60,60,60,60,60,60,60,60,60,60,60,60,60],"card_choices":[{"not_picked":["Doppelganger","Unload"],"picked":"Die Die Die","floor":0.0},{"not_picked":["Dodge and Roll","Finisher"],"picked":"Flying Knee","floor":1.0},{"not_picked":["Prepared","Outmaneuver"],"picked":"Heel Hook","floor":2.0},{"not_picked":["All Out Attack","Calculated Gamble"],"picked":"Dagger Spray","floor":3.0},{"not_picked":["Endless Agony","Sucker Punch"],"picked":"Bullet Time","floor":4.0},{"not_picked":["Underhanded Strike","Blade Dance"],"picked":"Flying Knee","floor":5.0},{"not_picked":["Expertise","Bane"],"picked":"Sucker Punch","floor":6.0},{"not_picked":["Deflect","Flying Knee","Outmaneuver"],"picked":"SKIP","floor":8.0},{"not_picked":["Flechettes","Blade Dance","Poisoned Stab"],"picked":"SKIP","floor":14.0},{"not_picked":["Grand Finale","Burst"],"picked":"A Thousand Cuts","floor":16.0},{"not_picked":["Quick Slash","Bane"],"picked":"Calculated Gamble+1","floor":18.0},{"not_picked":["Underhanded Strike+1","Outmaneuver","Sucker Punch"],"picked":"SKIP","floor":21.0},{"not_picked":["Reflex","Slice","Accuracy"],"picked":"SKIP","floor":22.0},{"not_picked":["Deflect","Well Laid Plans"],"picked":"Die Die Die","floor":24.0},{"not_picked":["Blur","Acrobatics+1"],"picked":"Noxious Fumes","floor":28.0},{"not_picked":["Dodge and Roll","Flying Knee+1"],"picked":"Backflip","floor":30.0},{"not_picked":["Flying Knee+1","Slice+1"],"picked":"Footwork","floor":31.0},{"not_picked":["Burst","Wraith Form v2"],"picked":"Phantasmal Killer","floor":33.0},{"not_picked":["Heel Hook","Flechettes+1"],"picked":"PiercingWail","floor":35.0},{"not_picked":["Quick Slash+1","Deflect+1"],"picked":"Footwork+1","floor":35.0},{"not_picked":["Outmaneuver+1","Calculated Gamble"],"picked":"Deadly Poison+1","floor":38.0},{"not_picked":["Blade Dance","All Out Attack","Outmaneuver"],"picked":"SKIP","floor":38.0},{"not_picked":["HandOfGreed","Enlightenment"],"picked":"Discovery","floor":41.0},{"not_picked":["Backstab","Bane"],"picked":"Escape Plan+1","floor":44.0},{"not_picked":["Cloak And Dagger+1","Deflect"],"picked":"Blur","floor":45.0},{"not_picked":["Tactician+1","Sucker Punch+1","Endless Agony"],"picked":"SKIP","floor":45.0},{"not_picked":["Concentrate+1","Dagger Throw+1"],"picked":"Footwork+1","floor":47.0}],"player_experience":1265836,"relics_obtained":[{"floor":6.0,"key":"Regal Pillow"},{"floor":9.0,"key":"Lantern"},{"floor":20.0,"key":"MawBank"},{"floor":26.0,"key":"Happy Flower"},{"floor":28.0,"key":"Dream Catcher"},{"floor":31.0,"key":"Prayer Wheel"},{"floor":31.0,"key":"Mummified Hand"},{"floor":44.0,"key":"Boot"},{"floor":47.0,"key":"Bottled Lightning"}],"event_choices":[{"damage_healed":15.0,"max_hp_gain":0.0,"max_hp_loss":0.0,"gold_gain":0.0,"event_name":"The Cleric","player_choice":"Healed","floor":11.0,"gold_loss":35.0,"damage_taken":0.0},{"damage_healed":0.0,"max_hp_gain":0.0,"max_hp_loss":0.0,"gold_gain":0.0,"event_name":"Scrap Ooze","player_choice":"Success","floor":12.0,"gold_loss":0.0,"damage_taken":7.0,"relics_obtained":["Blood Vial"]},{"damage_healed":0.0,"max_hp_gain":0.0,"max_hp_loss":0.0,"gold_gain":275.0,"event_name":"Golden Shrine","player_choice":"Desecrate","floor":13.0,"gold_loss":0.0,"damage_taken":0.0,"cards_obtained":["Regret"]},{"cards_removed":["Strike_G"],"damage_healed":0.0,"max_hp_gain":0.0,"max_hp_loss":0.0,"gold_gain":0.0,"event_name":"Beggar","player_choice":"Gave Gold","floor":25.0,"gold_loss":75.0,"damage_taken":0.0},{"damage_healed":0.0,"max_hp_gain":0.0,"max_hp_loss":0.0,"gold_gain":0.0,"event_name":"Vampires","player_choice":"Ignored","floor":29.0,"gold_loss":0.0,"damage_taken":0.0},{"damage_healed":0.0,"max_hp_gain":0.0,"max_hp_loss":0.0,"gold_gain":0.0,"event_name":"Colosseum","player_choice":"Fight","floor":31.0,"gold_loss":0.0,"damage_taken":0.0},{"damage_healed":0.0,"max_hp_gain":0.0,"max_hp_loss":0.0,"gold_gain":0.0,"event_name":"Colosseum","player_choice":"Fought Nobs","floor":31.0,"gold_loss":0.0,"damage_taken":0.0},{"damage_healed":0.0,"max_hp_gain":0.0,"max_hp_loss":0.0,"gold_gain":0.0,"event_name":"MindBloom","player_choice":"Upgrade","floor":36.0,"gold_loss":0.0,"damage_taken":0.0,"cards_upgraded":["Strike_G","Defend_G","Defend_G","Defend_G","Defend_G","Defend_G","Survivor","Die Die Die","Flying Knee","Heel Hook","Bullet Time","Flying Knee","Malaise","Well Laid Plans","Die Die Die","Noxious Fumes","Backflip","Footwork","Phantasmal Killer","PiercingWail"],"relics_obtained":["Mark of the Bloom"]},{"damage_healed":0.0,"max_hp_gain":0.0,"max_hp_loss":3.0,"gold_gain":0.0,"event_name":"Winding Halls","player_choice":"Max HP","floor":37.0,"gold_loss":0.0,"damage_taken":0.0},{"damage_healed":0.0,"max_hp_gain":0.0,"max_hp_loss":0.0,"gold_gain":0.0,"event_name":"Tomb of Lord Red Mask","player_choice":"Ignored","floor":39.0,"gold_loss":0.0,"damage_taken":0.0},{"damage_healed":0.0,"max_hp_gain":0.0,"max_hp_loss":0.0,"gold_gain":0.0,"event_name":"SensoryStone","player_choice":"Memory 1","floor":41.0,"gold_loss":0.0,"damage_taken":0.0},{"cards_removed":["Calculated Gamble"],"damage_healed":0.0,"max_hp_gain":0.0,"max_hp_loss":0.0,"gold_gain":0.0,"event_name":"Falling","player_choice":"Removed Skill","floor":48.0,"gold_loss":0.0,"damage_taken":0.0}],"is_beta":true,"boss_relics":[{"not_picked":["White Beast Statue","Calling Bell"],"picked":"Astrolabe"},{"not_picked":["Velvet Choker","Ring of the Serpent"],"picked":"Philosopher\u0027s Stone"}],"items_purged_floors":[19],"is_endless":false,"potions_floor_spawned":[1,3,6,8,14,21,24,30,31,35,44],"killed_by":"Time Eater","ascension_level":8}