{"gold_per_floor":[117,129,129,54,64,97,108,108,160,179,208,208],"floor_reached":12,"playtime":621,"items_purged":["Strike_R"],"score":180,"play_id":"71ddd127-7a1f-4037-b25b-ae543c1281eb","local_time":"20190508093816","is_ascension_mode":true,"campfire_choices":[{"floor":8,"key":"REST"}],"neow_cost":"NONE","seed_source_timestamp":2470914904070041,"circlet_count":0,"master_deck":["AscendersBane","Strike_R","Strike_R","Strike_R","Strike_R","Defend_R","Defend_R","Defend_R","Defend_R","Bash","Heavy Blade","Rampage","Battle Trance","Impervious","Intimidate","Shrug It Off"],"relics":["Burning Blood","Singing Bowl","Ancient Tea Set","Omamori"],"potions_floor_usage":[6,6,10,12],"damage_taken":[{"damage":9,"enemies":"2 Louse","floor":1,"turns":4},{"damage":9,"enemies":"Jaw Worm","floor":2,"turns":5},{"damage":3,"enemies":"Small Slimes","floor":5,"turns":4},{"damage":41,"enemies":"Lagavulin","floor":6,"turns":9},{"damage":3,"enemies":"3 Louse","floor":7,"turns":4},{"damage":4,"enemies":"Blue Slaver","floor":10,"turns":4},{"damage":40,"enemies":"3 Sentries","floor":11,"turns":11},{"damage":41,"enemies":"Lagavulin Event","floor":12,"turns":6}],"seed_played":"3474610597728825259","potions_obtained":[{"floor":0,"key":"SpeedPotion"},{"floor":0,"key":"Ancient Potion"},{"floor":6,"key":"Block Potion"},{"floor":7,"key":"Dexterity Potion"}],"is_trial":false,"path_per_floor":["M","M","?","$","M","E","M","R","T","M","E","?"],"character_chosen":"IRONCLAD","items_purchased":[],"campfire_rested":1,"item_purchase_floors":[],"current_hp_per_floor":[65,62,67,67,70,35,40,64,64,66,32,0],"gold":208,"neow_bonus":"THREE_SMALL_POTIONS","is_prod":false,"is_daily":false,"chose_seed":false,"campfire_upgraded":0,"win_rate":0,"timestamp":1557322696,"path_taken":["M","M","?","$","M","E","M","R","T","M","E","?"],"build_version":"2019-01-23","purchased_purges":1,"victory":false,"max_hp_per_floor":[75,75,80,80,80,80,82,82,82,82,82,82],"card_choices":[{"not_picked":["Wild Strike","Havoc"],"picked":"Heavy Blade","floor":1},{"not_picked":["Evolve","Twin Strike"],"picked":"Rampage","floor":2},{"not_picked":["Twin Strike","Thunderclap"],"picked":"Battle Trance","floor":5},{"not_picked":["True Grit","Double Tap"],"picked":"Impervious","floor":6},{"not_picked":["Sword Boomerang","Pommel Strike","Armaments"],"picked":"Singing Bowl","floor":7},{"not_picked":["Armaments","Cleave"],"picked":"Intimidate","floor":10},{"not_picked":["Thunderclap","True Grit"],"picked":"Shrug It Off","floor":11}],"player_experience":3623328,"relics_obtained":[{"floor":6,"key":"Singing Bowl"},{"floor":9,"key":"Ancient Tea Set"},{"floor":11,"key":"Omamori"}],"event_choices":[{"damage_healed":0,"gold_gain":0,"player_choice":"Donut","damage_taken":0,"max_hp_gain":5,"max_hp_loss":0,"event_name":"Big Fish","floor":3,"gold_loss":0},{"damage_healed":0,"gold_gain":0,"player_choice":"Searched \u00271\u0027 times","damage_taken":0,"max_hp_gain":0,"max_hp_loss":0,"event_name":"Dead Adventurer","floor":12,"gold_loss":0}],"is_beta":false,"boss_relics":[],"items_purged_floors":[4],"is_endless":false,"potions_floor_spawned":[2,6,7],"killed_by":"Lagavulin Event","ascension_level":20}