{"gold_per_floor":[118,29,46,11,11,42,42,75,132,132,158,158,208,208,208,208],"floor_reached":16,"playtime":446,"items_purged":[],"score":278,"play_id":"f7ec883a-fbcf-4dc8-82a4-192abeeb6888","local_time":"20190424103835","is_ascension_mode":true,"campfire_choices":[{"data":"Footwork","floor":7,"key":"SMITH"},{"floor":10,"key":"REST"},{"floor":15,"key":"REST"}],"neow_cost":"NONE","seed_source_timestamp":1265109270781400,"circlet_count":0,"master_deck":["AscendersBane","Defend_G","Defend_G","Defend_G","Defend_G","Defend_G","Strike_G","Strike_G","Strike_G","Strike_G","Strike_G","Survivor","Neutralize","Riddle With Holes","Footwork+1","Flying Knee","Dagger Spray","Noxious Fumes","Night Terror"],"relics":["Ring of the Snake","NeowsBlessing","Blood Vial","Blue Candle","Tiny Chest","Oddly Smooth Stone","Boot"],"potions_floor_usage":[11,11],"damage_taken":[{"damage":0,"enemies":"Cultist","floor":1,"turns":1},{"damage":0,"enemies":"Small Slimes","floor":3,"turns":1},{"damage":0,"enemies":"3 Sentries","floor":6,"turns":1},{"damage":54,"enemies":"Gremlin Nob","floor":8,"turns":6},{"damage":32,"enemies":"3 Sentries","floor":11,"turns":10},{"damage":33,"enemies":"The Guardian","floor":16,"turns":6}],"seed_played":"-8446168741893132104","potions_obtained":[{"floor":6,"key":"PowerPotion"},{"floor":8,"key":"Weak Potion"}],"is_trial":false,"path_per_floor":["M","$","M","?","$","E","R","E","T","R","E","?","T","?","R","B"],"character_chosen":"THE_SILENT","items_purchased":["Footwork"],"campfire_rested":2,"item_purchase_floors":[2],"current_hp_per_floor":[59,59,59,66,66,66,66,12,12,31,1,6,6,6,27,0],"gold":208,"neow_bonus":"THREE_ENEMY_KILL","is_prod":false,"is_daily":false,"chose_seed":false,"campfire_upgraded":1,"win_rate":0,"timestamp":1556116715,"path_taken":["M","?","M","?","$","E","R","E","T","R","E","?","?","?","R","BOSS"],"build_version":"2019-01-23","purchased_purges":0,"victory":false,"max_hp_per_floor":[66,66,66,66,66,66,66,66,66,66,66,71,71,71,71,71],"card_choices":[{"not_picked":["Slice","Infinite Blades"],"picked":"Riddle With Holes","floor":1},{"not_picked":["Sucker Punch","Terror"],"picked":"Flying Knee","floor":3},{"not_picked":["Tactician","Acrobatics"],"picked":"Dagger Spray","floor":6},{"not_picked":["Endless Agony","Poisoned Stab"],"picked":"Noxious Fumes","floor":8},{"not_picked":["Bane","Predator"],"picked":"Night Terror","floor":11}],"player_experience":3486567,"relics_obtained":[{"floor":6,"key":"Blood Vial"},{"floor":8,"key":"Blue Candle"},{"floor":9,"key":"Tiny Chest"},{"floor":11,"key":"Oddly Smooth Stone"},{"floor":13,"key":"Boot"}],"event_choices":[{"damage_healed":16,"gold_gain":0,"player_choice":"Healed","damage_taken":0,"max_hp_gain":0,"max_hp_loss":0,"event_name":"The Cleric","floor":4,"gold_loss":35},{"damage_healed":0,"gold_gain":0,"player_choice":"Donut","damage_taken":0,"max_hp_gain":5,"max_hp_loss":0,"event_name":"Big Fish","floor":12,"gold_loss":0},{"damage_healed":0,"gold_gain":0,"player_choice":"0 cards matched","damage_taken":0,"max_hp_gain":0,"max_hp_loss":0,"event_name":"Match and Keep!","floor":14,"gold_loss":0,"cards_obtained":[]}],"is_beta":false,"boss_relics":[],"items_purged_floors":[],"is_endless":false,"potions_floor_spawned":[6,8],"killed_by":"The Guardian","ascension_level":20}