{"gold_per_floor":[115,12,12,22,41,41,70,70,94,94,104,104,104,124,124,202,202,213,233,233],"floor_reached":20,"playtime":888,"items_purged":["Strike_B"],"score":312,"play_id":"18dbb7b3-76a1-4f75-a6a7-27210dff7dfb","local_time":"20190409111127","is_ascension_mode":true,"campfire_choices":[{"data":"Fusion","floor":6,"key":"SMITH"},{"data":"Loop","floor":8,"key":"SMITH"},{"data":"Seek","floor":10,"key":"SMITH"},{"floor":12,"key":"REST"},{"data":"Skim","floor":15,"key":"SMITH"}],"neow_cost":"NONE","seed_source_timestamp":381188783168901,"circlet_count":0,"master_deck":["AscendersBane","Strike_B","Strike_B","Defend_B","Defend_B","Defend_B","Defend_B","Zap","Dualcast","Gash","Ball Lightning","Seek+1","Skim+1","Fusion+1","Loop+1","Gash","Ball Lightning","Genetic Algorithm","Rainbow","Reinforced Body","Turbo+1"],"relics":["Cracked Core","NeowsBlessing","Odd Mushroom","PreservedInsect","Inserter"],"potions_floor_usage":[16,16,19],"damage_taken":[{"damage":0,"enemies":"Cultist","floor":1,"turns":1},{"damage":0,"enemies":"2 Louse","floor":4,"turns":1},{"damage":0,"enemies":"Jaw Worm","floor":5,"turns":1},{"damage":16,"enemies":"The Mushroom Lair","floor":7,"turns":4},{"damage":15,"enemies":"3 Louse","floor":11,"turns":3},{"damage":22,"enemies":"Exordium Thugs","floor":14,"turns":3},{"damage":20,"enemies":"The Guardian","floor":16,"turns":9},{"damage":5,"enemies":"Chosen","floor":18,"turns":4},{"damage":42,"enemies":"3 Byrds","floor":19,"turns":7},{"damage":11,"enemies":"Centurion and Healer","floor":20,"turns":2}],"seed_played":"-5649963602501681735","potions_obtained":[{"floor":7,"key":"Block Potion"},{"floor":11,"key":"GamblersBrew"},{"floor":14,"key":"PowerPotion"},{"floor":16,"key":"EssenceOfSteel"}],"is_trial":false,"path_per_floor":["M","$","?","M","M","R","?","R","T","R","M","R","?","M","R","B",null,"M","M","M"],"character_chosen":"DEFECT","items_purchased":["Ball Lightning"],"campfire_rested":1,"item_purchase_floors":[2],"current_hp_per_floor":[64,64,64,64,64,64,48,48,48,48,33,54,54,32,32,12,56,51,9,0],"gold":233,"neow_bonus":"THREE_ENEMY_KILL","is_prod":false,"is_daily":false,"chose_seed":false,"campfire_upgraded":4,"win_rate":0,"timestamp":1554822687,"path_taken":["M","?","?","M","?","R","?","R","T","R","M","R","?","?","R","BOSS","M","M","M"],"build_version":"2019-01-23","purchased_purges":1,"victory":false,"max_hp_per_floor":[71,71,71,71,71,71,71,71,71,71,71,71,71,71,71,71,71,71,71,71],"card_choices":[{"not_picked":["Turbo","Beam Cell"],"picked":"Gash","floor":1},{"not_picked":["Hologram","Cold Snap"],"picked":"Skim","floor":4},{"not_picked":["Sweeping Beam","Compile Driver"],"picked":"Fusion","floor":5},{"not_picked":["Reprogram","Compile Driver"],"picked":"Loop","floor":7},{"not_picked":["Consume","Scrape"],"picked":"Gash","floor":11},{"not_picked":["Streamline","Redo"],"picked":"Genetic Algorithm","floor":14},{"not_picked":["Fission","Hyperbeam"],"picked":"Rainbow","floor":16},{"not_picked":["Hologram","Go for the Eyes+1"],"picked":"Reinforced Body","floor":18},{"not_picked":["Sweeping Beam","Auto Shields"],"picked":"Turbo+1","floor":19}],"player_experience":3318313,"relics_obtained":[{"floor":7,"key":"Odd Mushroom"},{"floor":9,"key":"PreservedInsect"}],"event_choices":[{"damage_healed":0,"gold_gain":0,"player_choice":"1 cards matched","damage_taken":0,"max_hp_gain":0,"max_hp_loss":0,"event_name":"Match and Keep!","floor":3,"gold_loss":0,"cards_obtained":["Seek"]},{"damage_healed":0,"gold_gain":0,"player_choice":"Fought Mushrooms","damage_taken":0,"max_hp_gain":0,"max_hp_loss":0,"event_name":"Mushrooms","floor":7,"gold_loss":0},{"damage_healed":0,"gold_gain":0,"cards_transformed":["Strike_B"],"player_choice":"Change","damage_taken":0,"max_hp_gain":0,"max_hp_loss":0,"event_name":"Living Wall","floor":13,"gold_loss":0,"cards_obtained":["Ball Lightning"]}],"is_beta":false,"boss_relics":[{"not_picked":["Empty Cage","Coffee Dripper"],"picked":"Inserter"}],"items_purged_floors":[2],"is_endless":false,"potions_floor_spawned":[7,11,14,16],"killed_by":"Centurion and Healer","ascension_level":18}