{"gold_per_floor":[118,134,59,11,27,27,43,43,43,43,61,61,93,111,111,189,189,209,134,154,169,169,169,204,224,224,23,23,40,40,40,40,40],"floor_reached":33,"playtime":1965,"items_purged":[],"score":511,"play_id":"9fbf78ba-2f18-477a-89e2-0edad848286e","local_time":"20181019132228","is_ascension_mode":true,"campfire_choices":[{"data":"Crippling Poison","floor":6,"key":"SMITH"},{"data":"Poisoned Stab","floor":8,"key":"SMITH"},{"data":"Neutralize","floor":10,"key":"SMITH"},{"data":"Backflip","floor":12,"key":"SMITH"},{"data":"Sucker Punch","floor":15,"key":"SMITH"},{"floor":23,"key":"REST"},{"floor":28,"key":"REST"},{"data":"Dagger Spray","floor":30,"key":"SMITH"},{"floor":32,"key":"REST"}],"neow_cost":"NONE","seed_source_timestamp":479296425434345,"circlet_count":0,"master_deck":["Defend_G","Defend_G","Defend_G","Defend_G","Defend_G","Strike_G","Strike_G","Strike_G","Survivor","Neutralize+1","AscendersBane","Crippling Poison+1","Sucker Punch+1","Prepared","Dagger Spray+1","Poisoned Stab+1","Backflip+1","Acrobatics","Adrenaline","Escape Plan+1","Underhanded Strike","Terror","Outmaneuver","Deflect+1"],"relics":["Ring of the Snake","NeowsBlessing","PreservedInsect","Shuriken","Runic Pyramid","Enchiridion","Nunchaku","Bag of Marbles","HandDrill"],"potions_floor_usage":[13,13,18,21,25,29],"damage_taken":[{"damage":0,"enemies":"Cultist","floor":1,"turns":1},{"damage":0,"enemies":"Jaw Worm","floor":2,"turns":1},{"damage":0,"enemies":"2 Louse","floor":5,"turns":1},{"damage":6,"enemies":"Looter","floor":7,"turns":3},{"damage":6,"enemies":"2 Fungi Beasts","floor":11,"turns":3},{"damage":0,"enemies":"Gremlin Nob","floor":13,"turns":2},{"damage":5,"enemies":"Exordium Wildlife","floor":14,"turns":3},{"damage":13,"enemies":"Hexaghost","floor":16,"turns":13},{"damage":2,"enemies":"2 Thieves","floor":18,"turns":3},{"damage":0,"enemies":"3 Byrds","floor":20,"turns":4},{"damage":6,"enemies":"Centurion and Healer","floor":21,"turns":5},{"damage":19,"enemies":"Slavers","floor":24,"turns":3},{"damage":17,"enemies":"Snecko","floor":25,"turns":6},{"damage":0,"enemies":"Chosen and Byrds","floor":29,"turns":4},{"damage":56,"enemies":"Collector","floor":33,"turns":9}],"seed_played":"-7245526495043254103","potions_obtained":[{"floor":2,"key":"Strength Potion"},{"floor":5,"key":"Swift Potion"},{"floor":11,"key":"Fire Potion"},{"floor":14,"key":"GhostInAJar"},{"floor":20,"key":"GhostInAJar"},{"floor":24,"key":"Swift Potion"},{"floor":25,"key":"Strength Potion"}],"is_trial":false,"path_per_floor":["M","M","?","$","M","R","M","R","T","R","M","R","E","M","R","B",null,"M","?","M","M","?","R","E","M","T","$","R","M","R","$","R"],"character_chosen":"THE_SILENT","items_purchased":["Prepared","HandDrill"],"campfire_rested":3,"item_purchase_floors":[4,27],"current_hp_per_floor":[59,59,59,59,59,59,53,53,53,53,47,47,47,42,42,29,57,55,55,55,49,28,47,28,11,11,11,30,30,30,30,49,0],"gold":40,"neow_bonus":"THREE_ENEMY_KILL","is_prod":false,"is_daily":false,"chose_seed":false,"campfire_upgraded":6,"win_rate":0,"timestamp":1539969748,"path_taken":["M","?","?","$","M","R","M","R","T","R","M","R","E","M","R","BOSS","M","?","M","M","?","R","E","M","T","$","R","?","R","$","R","BOSS"],"build_version":"2018-10-18","purchased_purges":0,"victory":false,"max_hp_per_floor":[66,66,66,66,66,66,66,66,66,66,66,66,66,66,66,66,66,66,66,66,66,66,66,66,66,66,66,66,66,66,66,66,66],"card_choices":[{"not_picked":["Dodge and Roll","Cloak And Dagger"],"picked":"Crippling Poison","floor":1},{"not_picked":["Riddle With Holes","Blade Dance"],"picked":"Sucker Punch","floor":2},{"not_picked":["Poisoned Stab","Acrobatics"],"picked":"Dagger Spray","floor":5},{"not_picked":["Catalyst","Outmaneuver"],"picked":"Poisoned Stab","floor":7},{"not_picked":["Flying Knee","Dodge and Roll"],"picked":"Backflip","floor":11},{"not_picked":["Phantasmal Killer","Flechettes"],"picked":"Acrobatics","floor":13},{"not_picked":["Dagger Spray","Slice","Leg Sweep"],"picked":"SKIP","floor":14},{"not_picked":["Venomology","Wraith Form v2"],"picked":"Adrenaline","floor":16},{"not_picked":["Predator","Eviscerate"],"picked":"Escape Plan+1","floor":18},{"not_picked":["Blade Dance","Slice"],"picked":"Underhanded Strike","floor":20},{"not_picked":["Reflex","Cloak And Dagger"],"picked":"Terror","floor":21},{"not_picked":["Acrobatics","Slice+1"],"picked":"Outmaneuver","floor":24},{"not_picked":["Dodge and Roll","Dagger Throw"],"picked":"Deflect+1","floor":25},{"not_picked":["Quick Slash","Dagger Throw","Outmaneuver"],"picked":"SKIP","floor":29}],"player_experience":2104683,"relics_obtained":[{"floor":9,"key":"PreservedInsect"},{"floor":13,"key":"Shuriken"},{"floor":22,"key":"Enchiridion"},{"floor":24,"key":"Nunchaku"},{"floor":26,"key":"Bag of Marbles"}],"event_choices":[{"cards_removed":["Strike_G"],"damage_healed":0,"gold_gain":0,"player_choice":"Card Removal","damage_taken":0,"max_hp_gain":0,"max_hp_loss":0,"event_name":"The Cleric","floor":3,"gold_loss":75},{"cards_removed":["Strike_G"],"damage_healed":0,"gold_gain":0,"player_choice":"Gave Gold","damage_taken":0,"max_hp_gain":0,"max_hp_loss":0,"event_name":"Beggar","floor":19,"gold_loss":75},{"damage_healed":0,"gold_gain":0,"player_choice":"Obtained Book","damage_taken":21,"max_hp_gain":0,"max_hp_loss":0,"event_name":"Cursed Tome","floor":22,"gold_loss":0}],"is_beta":false,"boss_relics":[{"not_picked":["Tiny House","Lizard Tail"],"picked":"Runic Pyramid"}],"items_purged_floors":[],"is_endless":false,"potions_floor_spawned":[2,5,11,14,20,24,25],"killed_by":"Collector","ascension_level":15}