{"gold_per_floor":[114,114,129,144,22,22,52,52,77,77,92,122,137,152,152,252,252,267,207,222,237,252,252,65,95,95,110,110,35,65,80,80,180,180,195,210,210,210],"floor_reached":38,"playtime":3207,"items_purged":["Strike_B"],"score":478,"play_id":"3a4cf44e-4877-4a5f-b271-68dba033c2e1","local_time":"20181201003118","daily_mods":["Allstar","ControlledChaos","Night Terrors"],"is_ascension_mode":false,"campfire_choices":[{"data":"Mind Blast","floor":6,"key":"SMITH"},{"floor":8,"key":"REST"},{"data":"Chill","floor":10,"key":"SMITH"},{"data":"White Noise","floor":15,"key":"SMITH"},{"floor":23,"key":"REST"},{"floor":28,"key":"REST"},{"data":"Seek","floor":32,"key":"SMITH"}],"neow_cost":"","seed_source_timestamp":0,"circlet_count":0,"master_deck":["Strike_B+1","Defend_B","Defend_B","Defend_B","Zap+1","Dualcast","Panacea","Chrysalis","Sadistic Nature","Thinking Ahead","Mind Blast+1","Chill+1","Aggregate","Capacitor","Conserve Battery","Sweeping Beam+1","White Noise+1","Seek+1","Beam Cell","Cold Snap","BootSequence+1","Undo+1","Sweeping Beam+1","Defragment","Skim+1","Go for the Eyes+1","Redo+1"],"special_seed":17866,"relics":["Cracked Core","Frozen Eye","Dream Catcher","Whetstone","Bottled Lightning","Inserter","DataDisk","Peace Pipe","Matryoshka","Dead Branch","Snecko Eye"],"potions_floor_usage":[4,16,30,30,35],"damage_taken":[{"damage":10,"enemies":"Small Slimes","floor":1,"turns":3},{"damage":0,"enemies":"Cultist","floor":3,"turns":4},{"damage":1,"enemies":"Jaw Worm","floor":4,"turns":2},{"damage":48,"enemies":"Gremlin Nob","floor":7,"turns":5},{"damage":3,"enemies":"Exordium Thugs","floor":11,"turns":5},{"damage":11,"enemies":"Lagavulin","floor":12,"turns":5},{"damage":0,"enemies":"2 Fungi Beasts","floor":13,"turns":3},{"damage":0,"enemies":"Exordium Wildlife","floor":14,"turns":2},{"damage":19,"enemies":"Slime Boss","floor":16,"turns":9},{"damage":16,"enemies":"2 Thieves","floor":18,"turns":4},{"damage":0,"enemies":"Spheric Guardian","floor":20,"turns":5},{"damage":8,"enemies":"3 Cultists","floor":21,"turns":5},{"damage":2,"enemies":"Shelled Parasite and Fungi","floor":22,"turns":6},{"damage":30,"enemies":"Book of Stabbing","floor":25,"turns":6},{"damage":0,"enemies":"Chosen and Byrds","floor":27,"turns":5},{"damage":5,"enemies":"Gremlin Leader","floor":30,"turns":8},{"damage":0,"enemies":"Snake Plant","floor":31,"turns":2},{"damage":0,"enemies":"Collector","floor":33,"turns":13},{"damage":11,"enemies":"3 Shapes","floor":35,"turns":7},{"damage":6,"enemies":"3 Darklings","floor":36,"turns":6},{"damage":43,"enemies":"Spire Growth","floor":38,"turns":4}],"seed_played":"-48262847405377226","potions_obtained":[{"floor":3,"key":"Swift Potion"},{"floor":7,"key":"Dexterity Potion"},{"floor":11,"key":"Weak Potion"},{"floor":12,"key":"Strength Potion"},{"floor":13,"key":"Dexterity Potion"},{"floor":16,"key":"SpeedPotion"},{"floor":33,"key":"EntropicBrew"},{"floor":35,"key":"Dexterity Potion"}],"is_trial":false,"path_per_floor":["M","?","M","M","$","R","E","R","T","R","M","E","M","M","R","B",null,"M","?","M","M","M","R","$","E","T","M","R","?","E","M","R","B",null,"M","M","?","M"],"character_chosen":"DEFECT","items_purchased":["Conserve Battery","DataDisk","Defragment"],"campfire_rested":3,"item_purchase_floors":[5,24,24],"current_hp_per_floor":[65,65,65,64,64,64,16,70,70,70,67,56,56,56,56,37,70,54,54,54,46,44,65,65,35,35,35,60,60,55,55,55,55,60,49,43,43,0],"gold":210,"neow_bonus":"","is_prod":false,"is_daily":true,"chose_seed":false,"campfire_upgraded":4,"win_rate":0,"timestamp":1543642278,"path_taken":["M","?","M","?","$","R","E","R","T","R","M","E","M","M","R","BOSS","M","?","M","?","M","R","?","E","T","M","R","?","E","M","R","BOSS","M","M","?","M"],"build_version":"2018-11-15","purchased_purges":1,"victory":false,"max_hp_per_floor":[75,75,75,75,75,75,75,70,70,70,70,70,70,70,70,70,70,70,70,70,70,70,65,65,65,65,65,60,60,60,60,60,60,60,60,60,57,57],"card_choices":[{"not_picked":["Cold Snap","Stack"],"picked":"Chill","floor":1},{"not_picked":["Hologram","Redo"],"picked":"Aggregate","floor":3},{"not_picked":["Stack","Conserve Battery"],"picked":"Capacitor","floor":4},{"not_picked":["Turbo","Rainbow"],"picked":"Sweeping Beam","floor":7},{"not_picked":["Ball Lightning","Darkness","Compile Driver"],"picked":"SKIP","floor":11},{"not_picked":["Redo","Conserve Battery"],"picked":"White Noise","floor":12},{"not_picked":["Rip and Tear","Chaos","Rebound"],"picked":"SKIP","floor":13},{"not_picked":["Rainbow","Leap","Double Energy"],"picked":"SKIP","floor":14},{"not_picked":["Meteor Strike","Reboot"],"picked":"Seek","floor":16},{"not_picked":["Recycle","Go for the Eyes","Rebound"],"picked":"SKIP","floor":18},{"not_picked":["Darkness+1","Capacitor"],"picked":"BootSequence+1","floor":20},{"not_picked":["Storm","Glacier","Compile Driver+1"],"picked":"SKIP","floor":21},{"not_picked":["Reprogram","Go for the Eyes"],"picked":"Undo+1","floor":22},{"not_picked":["Leap","Multi-Cast"],"picked":"Sweeping Beam+1","floor":23},{"not_picked":["Cold Snap","Streamline","Storm"],"picked":"SKIP","floor":25},{"not_picked":["Sunder","Cold Snap"],"picked":"Skim+1","floor":27},{"not_picked":["Thunder Strike","Aggregate"],"picked":"Go for the Eyes+1","floor":30},{"not_picked":["Sweeping Beam","Gash+1","Compile Driver"],"picked":"SKIP","floor":31},{"not_picked":["Coolheaded","Compile Driver"],"picked":"Redo+1","floor":35},{"not_picked":["Hello World+1","Barrage+1","Steam Power+1"],"picked":"SKIP","floor":36}],"player_experience":2592313,"relics_obtained":[{"floor":7,"key":"Dream Catcher"},{"floor":9,"key":"Whetstone"},{"floor":12,"key":"Bottled Lightning"},{"floor":25,"key":"Peace Pipe"},{"floor":26,"key":"Matryoshka"},{"floor":30,"key":"Dead Branch"}],"event_choices":[{"damage_healed":0,"gold_gain":0,"player_choice":"Forge","damage_taken":0,"max_hp_gain":0,"max_hp_loss":0,"event_name":"Accursed Blacksmith","floor":2,"gold_loss":0,"cards_upgraded":["Zap"]},{"damage_healed":0,"gold_gain":0,"cards_transformed":["Strike_B","Strike_B"],"player_choice":"Transformed Cards","damage_taken":0,"max_hp_gain":0,"max_hp_loss":0,"event_name":"Designer","floor":19,"gold_loss":60,"cards_obtained":["Beam Cell","Cold Snap"]},{"cards_removed":["Defend_B"],"damage_healed":0,"gold_gain":0,"player_choice":"Gave Gold","damage_taken":0,"max_hp_gain":0,"max_hp_loss":0,"event_name":"Beggar","floor":29,"gold_loss":75},{"damage_healed":0,"gold_gain":0,"player_choice":"Max HP","damage_taken":0,"max_hp_gain":0,"max_hp_loss":3,"event_name":"Winding Halls","floor":37,"gold_loss":0}],"is_beta":false,"boss_relics":[{"not_picked":["Calling Bell","Velvet Choker"],"picked":"Inserter"},{"not_picked":["Pandora\u0027s Box","Philosopher\u0027s Stone"],"picked":"Snecko Eye"}],"items_purged_floors":[5],"is_endless":false,"potions_floor_spawned":[3,7,11,12,13,16,20,25,33,35],"killed_by":"Spire Growth","ascension_level":0}