{"gold_per_floor":[111,111,5,18,34,34,49,49,49,49,60,85,85,116,116,194,194,208,36,53,69,69,69,100,100,182,210,228,228,228,244,244,322,322,339,359,376,1375,535,535,549,549,549,90,90,40,60,72,72,72,72],"floor_reached":52,"playtime":3124,"items_purged":["Normality","Normality"],"score":1929,"play_id":"50a3628b-dec2-4085-ac3b-d6c21318b7de","local_time":"20190425103859","is_ascension_mode":true,"campfire_choices":[{"data":"Bouncing Flask","floor":6,"key":"SMITH"},{"data":"Noxious Fumes","floor":8,"key":"SMITH"},{"floor":13,"key":"REST"},{"floor":15,"key":"REST"},{"floor":23,"key":"REST"},{"floor":25,"key":"REST"},{"floor":30,"key":"REST"},{"floor":32,"key":"REST"},{"floor":40,"key":"REST"},{"data":"Catalyst","floor":42,"key":"SMITH"},{"data":"Catalyst","floor":45,"key":"SMITH"},{"data":"Malaise","floor":49,"key":"SMITH"}],"neow_cost":"NONE","seed_source_timestamp":1348841165092484,"circlet_count":0,"master_deck":["AscendersBane","Defend_G+1","Defend_G+1","Defend_G+1","Defend_G+1","Defend_G+1","Strike_G+1","Strike_G+1","Strike_G+1","Strike_G+1","Strike_G+1","Survivor","Neutralize+1","Dodge and Roll","Backstab+1","Dagger Throw+1","Bouncing Flask+1","PiercingWail","Noxious Fumes+1","Setup","Bane","Malaise+1","Endless Agony+1","Leg Sweep+1","Corpse Explosion","PiercingWail","Catalyst+1","Catalyst+1","Die Die Die+1","Catalyst+1","Acrobatics+1","Backflip","Dark Shackles","Sadistic Nature","PiercingWail","After Image"],"relics":["Ring of the Snake","Regal Pillow","War Paint","Question Card","Bag of Marbles","Sozu","Snake Skull","Ninja Scroll","Matryoshka","Pen Nib","Eternal Feather","Bottled Lightning","Pocketwatch","Strawberry","Whetstone","Art of War"],"potions_floor_usage":[14,16,51,51],"damage_taken":[{"damage":11,"enemies":"Cultist","floor":1,"turns":4},{"damage":0,"enemies":"Small Slimes","floor":4,"turns":2},{"damage":8,"enemies":"Jaw Worm","floor":5,"turns":3},{"damage":1,"enemies":"3 Louse","floor":7,"turns":4},{"damage":0,"enemies":"Looter","floor":11,"turns":2},{"damage":16,"enemies":"Lagavulin","floor":12,"turns":5},{"damage":55,"enemies":"Gremlin Nob","floor":14,"turns":5},{"damage":25,"enemies":"Hexaghost","floor":16,"turns":8},{"damage":27,"enemies":"3 Byrds","floor":18,"turns":5},{"damage":5,"enemies":"Chosen","floor":20,"turns":4},{"damage":17,"enemies":"Centurion and Healer","floor":21,"turns":6},{"damage":24,"enemies":"Gremlin Leader","floor":24,"turns":6},{"damage":44,"enemies":"Book of Stabbing","floor":27,"turns":7},{"damage":10,"enemies":"Snake Plant","floor":28,"turns":5},{"damage":0,"enemies":"Chosen and Byrds","floor":31,"turns":3},{"damage":51,"enemies":"Champ","floor":33,"turns":12},{"damage":9,"enemies":"3 Shapes","floor":35,"turns":6},{"damage":29,"enemies":"3 Darklings","floor":36,"turns":4},{"damage":0,"enemies":"4 Shapes","floor":37,"turns":2},{"damage":16,"enemies":"Spire Growth","floor":41,"turns":4},{"damage":8,"enemies":"Sphere and 2 Shapes","floor":47,"turns":5},{"damage":0,"enemies":"4 Shapes","floor":48,"turns":6},{"damage":0,"enemies":"Time Eater","floor":50,"turns":2},{"damage":27,"enemies":"Awakened One","floor":51,"turns":15}],"seed_played":"7593261523737607330","potions_obtained":[{"floor":4,"key":"SteroidPotion"},{"floor":7,"key":"EssenceOfSteel"},{"floor":12,"key":"Poison Potion"},{"floor":14,"key":"GhostInAJar"},{"floor":16,"key":"PowerPotion"}],"is_trial":false,"path_per_floor":["M","?","$","M","M","R","M","R","T","?","M","E","R","E","R","B",null,"M","$","M","M","?","R","E","R","T","E","M","?","R","M","R","B",null,"M","M","M","?","$","R","M","R","T","$","R","?","M","M","R","B","B",null],"character_chosen":"THE_SILENT","items_purchased":["Backstab","Dagger Throw","Snake Skull","Bottled Lightning","Pocketwatch","Backflip","Dark Shackles","Art of War","Sadistic Nature"],"campfire_rested":7,"item_purchase_floors":[3,3,19,39,39,39,39,44,44],"current_hp_per_floor":[48,53,53,53,45,45,44,44,44,44,44,28,64,9,45,20,58,31,31,26,9,9,45,21,57,57,13,3,3,39,39,71,20,58,49,20,20,20,20,71,55,71,78,78,78,78,70,70,78,78,51],"gold":72,"neow_bonus":"RANDOM_COMMON_RELIC","is_prod":false,"is_daily":false,"chose_seed":false,"campfire_upgraded":5,"win_rate":0,"timestamp":1556203139,"path_taken":["M","?","$","M","M","R","M","R","T","?","M","E","R","E","R","BOSS","M","$","M","M","?","R","E","R","T","E","M","?","R","M","R","BOSS","M","M","M","?","?","R","M","R","T","$","R","?","M","?","R","BOSS","BOSS"],"build_version":"2019-01-23","purchased_purges":2,"victory":true,"max_hp_per_floor":[66,71,71,71,71,71,71,71,71,71,71,71,71,71,71,71,71,71,71,71,71,71,71,71,71,71,71,71,71,71,71,71,71,71,71,71,71,71,71,71,71,71,78,78,78,78,78,78,78,78,78],"card_choices":[{"not_picked":["Acrobatics","Blade Dance"],"picked":"Dodge and Roll","floor":1},{"not_picked":["Expertise","Blur"],"picked":"Bouncing Flask","floor":4},{"not_picked":["Bouncing Flask","Bane"],"picked":"PiercingWail","floor":5},{"not_picked":["Dagger Throw","Infinite Blades"],"picked":"Noxious Fumes","floor":7},{"not_picked":["Poisoned Stab","Dagger Spray","Blade Dance"],"picked":"SKIP","floor":11},{"not_picked":["Poisoned Stab","Dagger Spray","Blade Dance"],"picked":"SKIP","floor":11},{"not_picked":["Poisoned Stab","Dagger Spray","Blade Dance"],"picked":"SKIP","floor":11},{"not_picked":["Flying Knee","Dagger Spray"],"picked":"Setup","floor":12},{"not_picked":["Envenom","Prepared","Cloak And Dagger"],"picked":"Bane","floor":14},{"not_picked":["Grand Finale","Tools of the Trade","A Thousand Cuts"],"picked":"Malaise","floor":16},{"not_picked":["Slice","Deadly Poison","All Out Attack"],"picked":"Endless Agony+1","floor":18},{"not_picked":["Sucker Punch","Expertise+1","Choke+1"],"picked":"Leg Sweep+1","floor":20},{"not_picked":["Slice","Backflip","Flying Knee"],"picked":"Corpse Explosion","floor":21},{"not_picked":["Deadly Poison","All Out Attack","Cloak And Dagger"],"picked":"PiercingWail","floor":24},{"not_picked":["Distraction","Choke","Skewer","Heel Hook"],"picked":"SKIP","floor":27},{"not_picked":["Dash","Dagger Spray","Deflect"],"picked":"Catalyst","floor":28},{"not_picked":["Poisoned Stab","Bane+1","Prepared"],"picked":"Catalyst","floor":31},{"not_picked":["Doppelganger","Grand Finale","Tools of the Trade"],"picked":"Die Die Die","floor":33},{"not_picked":["Underhanded Strike+1","Sucker Punch","Prepared"],"picked":"Catalyst","floor":35},{"not_picked":["Caltrops","Blade Dance","Flying Knee"],"picked":"Acrobatics+1","floor":36},{"not_picked":["Poisoned Stab","Bane","Die Die Die","Dagger Throw+1"],"picked":"SKIP","floor":37},{"not_picked":["Backflip","Flying Knee+1","Riddle With Holes","Bane"],"picked":"SKIP","floor":41},{"not_picked":["Concentrate","Quick Slash","Deadly Poison+1"],"picked":"PiercingWail","floor":47},{"not_picked":["Blade Dance","Outmaneuver","Catalyst"],"picked":"After Image","floor":48}],"player_experience":3495921,"relics_obtained":[{"floor":9,"key":"War Paint"},{"floor":12,"key":"Question Card"},{"floor":14,"key":"Bag of Marbles"},{"floor":24,"key":"Ninja Scroll"},{"floor":26,"key":"Matryoshka"},{"floor":27,"key":"Pen Nib"},{"floor":43,"key":"Strawberry"},{"floor":43,"key":"Whetstone"}],"event_choices":[{"damage_healed":0,"gold_gain":0,"player_choice":"Donut","damage_taken":0,"max_hp_gain":5,"max_hp_loss":0,"event_name":"Big Fish","floor":2,"gold_loss":0},{"damage_healed":0,"gold_gain":0,"player_choice":"Grow","damage_taken":0,"max_hp_gain":0,"max_hp_loss":0,"event_name":"Living Wall","floor":10,"gold_loss":0,"cards_upgraded":["Neutralize"]},{"damage_healed":0,"gold_gain":0,"player_choice":"Ignored","damage_taken":0,"max_hp_gain":0,"max_hp_loss":0,"event_name":"Cursed Tome","floor":22,"gold_loss":0},{"damage_healed":0,"gold_gain":0,"player_choice":"Simplicity","damage_taken":0,"max_hp_gain":0,"max_hp_loss":0,"event_name":"Back to Basics","floor":29,"gold_loss":0,"cards_upgraded":["Defend_G","Defend_G","Defend_G","Strike_G","Strike_G","Strike_G","Strike_G","Strike_G"]},{"damage_healed":0,"gold_gain":999,"player_choice":"Gold","damage_taken":0,"max_hp_gain":0,"max_hp_loss":0,"event_name":"MindBloom","floor":38,"gold_loss":0,"cards_obtained":["Normality","Normality"]},{"damage_healed":0,"gold_gain":0,"player_choice":"Upgraded Two","damage_taken":0,"max_hp_gain":0,"max_hp_loss":0,"event_name":"Designer","floor":46,"gold_loss":50,"cards_upgraded":["Catalyst","Dagger Throw"]}],"is_beta":false,"boss_relics":[{"not_picked":["Snecko Eye","Black Star"],"picked":"Sozu"},{"not_picked":["Coffee Dripper","Empty Cage"],"picked":"Eternal Feather"}],"items_purged_floors":[39,44],"is_endless":false,"potions_floor_spawned":[4,7,12,14,16,20,24,33,35,47,48],"ascension_level":20}