{"gold_per_floor":[111,111,121,135,135,135,163,163,163,194,210,210,135,210,210,308,308,324,336,353,353,7,7,41,41,87,87,100,100,135,154,154,254,254,267,14,14,14,14,14,33,44,69,89,189,189,199,0,0,0],"floor_reached":51,"playtime":4374,"items_purged":["Strike_G","Venomology"],"score":818,"play_id":"54a820fe-80fc-4eb3-909f-a76a5fad88a3","local_time":"20190712153728","is_ascension_mode":false,"campfire_choices":[{"data":"Glass Knife","floor":6,"key":"SMITH"},{"data":"Neutralize","floor":8,"key":"SMITH"},{"data":"Dagger Spray","floor":12,"key":"SMITH"},{"data":"Caltrops","floor":15,"key":"SMITH"},{"data":"Wraith Form v2","floor":23,"key":"SMITH"},{"data":"Backflip","floor":25,"key":"SMITH"},{"data":"After Image","floor":27,"key":"SMITH"},{"data":"Noxious Fumes","floor":32,"key":"SMITH"},{"data":"J.A.X.","floor":40,"key":"SMITH"},{"data":"Dash","floor":46,"key":"SMITH"},{"data":"Leg Sweep","floor":49,"key":"SMITH"}],"neow_cost":"TEN_PERCENT_HP_LOSS","seed_source_timestamp":137379359968496,"circlet_count":0,"master_deck":["Defend_G+1","Defend_G","Defend_G","Defend_G","Survivor","Neutralize+1","Glass Knife+1","After Image+1","Dagger Spray+1","Backflip+1","Infinite Blades","Caltrops+1","Wraith Form v2+1","Flying Knee+1","Dagger Throw+1","Cloak And Dagger+1","Deflect+1","Blur","Escape Plan","Sucker Punch+1","Skewer+1","Footwork+1","Dash+1","J.A.X.+1","Terror","Noxious Fumes+1","Adrenaline","Dodge and Roll+1","Blur","Riddle With Holes+1","Leg Sweep+1","Envenom"],"relics":["Ring of the Snake","Mummified Hand","Bag of Preparation","Prayer Wheel","Ancient Tea Set","Astrolabe","Oddly Smooth Stone","ClockworkSouvenir","Happy Flower","Lantern","StoneCalendar","Sozu","Bronze Scales","Boot","Unceasing Top","Red Mask"],"potions_floor_usage":[10,10,11,16,18,24,30,50,50,50],"damage_taken":[{"damage":0,"enemies":"Jaw Worm","floor":1,"turns":3},{"damage":0,"enemies":"Small Slimes","floor":3,"turns":3},{"damage":0,"enemies":"2 Louse","floor":4,"turns":2},{"damage":13,"enemies":"Gremlin Nob","floor":7,"turns":4},{"damage":0,"enemies":"Lagavulin","floor":10,"turns":4},{"damage":0,"enemies":"Exordium Wildlife","floor":11,"turns":6},{"damage":0,"enemies":"Slime Boss","floor":16,"turns":7},{"damage":0,"enemies":"Shell Parasite","floor":18,"turns":3},{"damage":3,"enemies":"2 Thieves","floor":19,"turns":4},{"damage":3,"enemies":"Snecko","floor":20,"turns":6},{"damage":0,"enemies":"Gremlin Leader","floor":24,"turns":5},{"damage":0,"enemies":"3 Cultists","floor":28,"turns":5},{"damage":0,"enemies":"Slavers","floor":30,"turns":4},{"damage":3,"enemies":"Snake Plant","floor":31,"turns":2},{"damage":3,"enemies":"Collector","floor":33,"turns":7},{"damage":3,"enemies":"3 Darklings","floor":35,"turns":4},{"damage":0,"enemies":"Orb Walker","floor":41,"turns":3},{"damage":0,"enemies":"Jaw Worm Horde","floor":42,"turns":4},{"damage":0,"enemies":"4 Shapes","floor":44,"turns":4},{"damage":0,"enemies":"Mind Bloom Boss Battle","floor":45,"turns":4},{"damage":0,"enemies":"Sphere and 2 Shapes","floor":47,"turns":4},{"damage":11,"enemies":"Time Eater","floor":50,"turns":11}],"seed_played":"-93171563887047574","potions_obtained":[{"floor":4,"key":"PowerPotion"},{"floor":10,"key":"Regen Potion"},{"floor":16,"key":"Energy Potion"}],"is_trial":false,"path_per_floor":["M","?","M","M","?","R","E","R","T","E","M","R","$","?","R","B",null,"M","M","M","?","$","R","E","R","T","R","M","?","E","M","R","B",null,"M","$","?","?","$","R","M","M","T","M","?","R","M","?","R","B",null],"character_chosen":"THE_SILENT","items_purchased":["Oddly Smooth Stone","ClockworkSouvenir","Bronze Scales"],"campfire_rested":0,"item_purchase_floors":[22,22,36],"current_hp_per_floor":[63,50,50,50,47,47,34,34,34,34,49,49,49,38,38,38,63,63,60,57,57,57,57,57,57,57,57,57,57,57,54,54,51,63,60,60,60,60,60,60,60,60,60,60,60,60,60,60,60,49],"gold":0,"neow_bonus":"TRANSFORM_TWO_CARDS","is_prod":false,"is_daily":false,"chose_seed":false,"campfire_upgraded":11,"win_rate":0,"timestamp":1562960248,"path_taken":["M","?","M","M","?","R","E","R","T","E","M","R","$","?","R","BOSS","M","M","M","?","$","R","E","R","T","R","M","?","E","M","R","BOSS","M","$","?","?","$","R","M","M","T","?","?","R","M","?","R","BOSS"],"build_version":"2019-07-05","purchased_purges":2,"victory":true,"max_hp_per_floor":[63,63,63,63,63,63,63,63,63,63,63,63,63,63,63,63,63,63,63,63,63,63,63,63,63,63,63,63,63,63,63,63,63,63,63,63,63,63,63,63,63,63,63,63,63,63,63,63,63,63],"card_choices":[{"not_picked":["Outmaneuver","Finisher","Deadly Poison"],"picked":"SKIP","floor":1},{"not_picked":["Masterful Stab","Eviscerate"],"picked":"Dagger Throw","floor":3},{"not_picked":["Setup","Blur"],"picked":"After Image","floor":4},{"not_picked":["Slice","Heel Hook"],"picked":"Dagger Spray","floor":7},{"not_picked":["Well Laid Plans","Blade Dance"],"picked":"Backflip","floor":10},{"not_picked":["Blade Dance","Riddle With Holes"],"picked":"Infinite Blades","floor":11},{"not_picked":["Deadly Poison","Outmaneuver"],"picked":"Caltrops","floor":11},{"not_picked":["Corpse Explosion","Bullet Time"],"picked":"Wraith Form v2","floor":16},{"not_picked":["Slice+1","Quick Slash"],"picked":"Deflect+1","floor":18},{"not_picked":["Poisoned Stab+1","Dagger Throw"],"picked":"Blur","floor":18},{"not_picked":["Outmaneuver","Calculated Gamble"],"picked":"Escape Plan","floor":19},{"not_picked":["Dagger Throw","Prepared"],"picked":"Sucker Punch+1","floor":19},{"not_picked":["Underhanded Strike","Doppelganger"],"picked":"Skewer+1","floor":20},{"not_picked":["Slice+1","Deflect","Dagger Throw"],"picked":"SKIP","floor":20},{"not_picked":["Catalyst+1","Dagger Spray","Blade Dance"],"picked":"SKIP","floor":24},{"not_picked":["Flying Knee","Bane"],"picked":"Footwork+1","floor":28},{"not_picked":["Reflex","Die Die Die"],"picked":"Dash","floor":28},{"not_picked":["Acrobatics+1","Catalyst"],"picked":"Terror","floor":30},{"not_picked":["Deadly Poison","Sucker Punch"],"picked":"Noxious Fumes","floor":31},{"not_picked":["Distraction","Finisher","Quick Slash"],"picked":"SKIP","floor":31},{"not_picked":["Tools of the Trade","Grand Finale"],"picked":"Adrenaline","floor":33},{"not_picked":["Slice+1","Bane"],"picked":"Dodge and Roll+1","floor":35},{"not_picked":["Concentrate+1","Distraction","Prepared+1"],"picked":"SKIP","floor":35},{"not_picked":["Catalyst+1","Heel Hook+1","Dagger Spray"],"picked":"SKIP","floor":41},{"not_picked":["Outmaneuver","Underhanded Strike+1","Quick Slash+1"],"picked":"SKIP","floor":41},{"not_picked":["Sucker Punch+1","Deadly Poison+1"],"picked":"Blur","floor":42},{"not_picked":["Deadly Poison","Flying Knee","Deflect"],"picked":"SKIP","floor":42},{"not_picked":["Acrobatics+1","Cloak And Dagger"],"picked":"Riddle With Holes+1","floor":44},{"not_picked":["Crippling Poison","Blade Dance","Quick Slash+1"],"picked":"SKIP","floor":44},{"not_picked":["Well Laid Plans+1","Calculated Gamble"],"picked":"Leg Sweep","floor":47},{"not_picked":["Heel Hook","Dagger Throw"],"picked":"Envenom","floor":47}],"player_experience":3948738,"relics_obtained":[{"floor":7,"key":"Bag of Preparation"},{"floor":9,"key":"Prayer Wheel"},{"floor":10,"key":"Ancient Tea Set"},{"floor":24,"key":"Happy Flower"},{"floor":26,"key":"Lantern"},{"floor":30,"key":"StoneCalendar"},{"floor":43,"key":"Boot"},{"floor":45,"key":"Unceasing Top"}],"event_choices":[{"damage_healed":0,"gold_gain":0,"player_choice":"Entered Light","damage_taken":13,"max_hp_gain":0,"max_hp_loss":0,"event_name":"Shining Light","floor":2,"gold_loss":0,"cards_upgraded":["Strike_G","Defend_G"]},{"damage_healed":0,"gold_gain":0,"player_choice":"Success","damage_taken":3,"relics_obtained":["Mummified Hand"],"max_hp_gain":0,"max_hp_loss":0,"event_name":"Scrap Ooze","floor":5,"gold_loss":0},{"damage_healed":0,"gold_gain":75,"player_choice":"Gather Gold","damage_taken":11,"max_hp_gain":0,"max_hp_loss":0,"event_name":"World of Goop","floor":14,"gold_loss":0},{"damage_healed":0,"gold_gain":0,"player_choice":"Ignored","damage_taken":0,"max_hp_gain":0,"max_hp_loss":0,"event_name":"Vampires","floor":21,"gold_loss":0},{"damage_healed":0,"gold_gain":0,"player_choice":"Obtain J.A.X.","damage_taken":0,"max_hp_gain":0,"max_hp_loss":0,"event_name":"Drug Dealer","floor":29,"gold_loss":0,"cards_obtained":["J.A.X."]},{"cards_removed":["Dagger Throw"],"damage_healed":0,"gold_gain":0,"player_choice":"Removed Attack","damage_taken":0,"max_hp_gain":0,"max_hp_loss":0,"event_name":"Falling","floor":37,"gold_loss":0},{"damage_healed":0,"gold_gain":0,"player_choice":"Ignored","damage_taken":0,"max_hp_gain":0,"max_hp_loss":0,"event_name":"WeMeetAgain","floor":38,"gold_loss":0},{"damage_healed":0,"gold_gain":0,"player_choice":"Fight","damage_taken":0,"max_hp_gain":0,"max_hp_loss":0,"event_name":"MindBloom","floor":45,"gold_loss":0},{"damage_healed":0,"gold_gain":0,"player_choice":"Paid","damage_taken":0,"relics_obtained":["Red Mask"],"max_hp_gain":0,"max_hp_loss":0,"event_name":"Tomb of Lord Red Mask","floor":48,"gold_loss":199}],"is_beta":false,"boss_relics":[{"not_picked":["Pandora\u0027s Box","Ring of the Serpent"],"picked":"Astrolabe"},{"not_picked":["HoveringKite","Empty Cage"],"picked":"Sozu"}],"items_purged_floors":[13,36],"is_endless":false,"potions_floor_spawned":[4,7,10,16,20,24,33,35,44,45],"ascension_level":0}