{"path_per_floor":["M","$","M","M","M","E","R","E","T","R","?","M","R","?","R","B",null,"M","M","$","M","?","R","E","M","T","M","M"],"character_chosen":"THE_SILENT","items_purchased":["Flying Knee","Noxious Fumes","Snake Skull","Noxious Fumes"],"gold_per_floor":[117,23,41,54,68,102,102,137,137,137,137,150,150,150,150,245,245,261,271,46,56,56,56,84,101,101,114,129,129],"floor_reached":29,"campfire_rested":2,"playtime":1763,"current_hp_per_floor":[70,70,70,70,63,48,69,61,61,61,61,61,61,61,61,2,70,49,47,47,30,30,66,21,12,12,14,8,0],"items_purged":[],"gold":129,"score":256,"play_id":"1c49732b-b52a-4251-88fa-7f8c0d837b9b","local_time":"20180409160851","is_prod":false,"is_daily":false,"is_ascension_mode":false,"campfire_upgraded":3,"timestamp":1523304531,"path_taken":["M","$","M","M","M","E","R","E","T","R","?","M","R","?","R","BOSS","M","M","$","?","?","R","E","M","T","M","?","M"],"build_version":"2018-04-05v2","purchased_purges":0,"victory":false,"master_deck":["Defend_G","Defend_G","Defend_G","Defend_G","Defend_G","Strike_G","Strike_G","Strike_G","Strike_G","Strike_G","Survivor","Neutralize+1","Escape Plan","Flying Knee","Noxious Fumes+1","Quick Slash","Backflip","Dagger Spray","PiercingWail","Bouncing Flask+1","Regret","Tactician","Malaise","Noxious Fumes","Backflip+1","Dagger Spray+1","Prepared+1","Blur","Calculated Gamble"],"max_hp_per_floor":[70,70,70,70,70,70,70,70,70,70,70,70,70,70,70,70,70,70,70,70,70,70,70,70,70,70,70,70,70],"relics":["Ring of the Snake","Du-Vu Doll","Ginger","Pantograph","Happy Flower","Spirit Poop","Regal Pillow","Philosopher\u0027s Stone","Snake Skull","Frozen Egg 2","Bird Faced Urn"],"card_choices":[{"not_picked":["Setup","PiercingWail"],"picked":"Escape Plan","floor":1},{"not_picked":["PiercingWail","Blade Dance"],"picked":"Quick Slash","floor":3},{"not_picked":["Deflect","Dagger Spray"],"picked":"Backflip","floor":4},{"not_picked":["Acrobatics","Backflip"],"picked":"Dagger Spray","floor":5},{"not_picked":["Underhanded Strike","A Thousand Cuts"],"picked":"PiercingWail","floor":6},{"not_picked":["Riddle With Holes","Poisoned Stab"],"picked":"Bouncing Flask","floor":12},{"not_picked":["Doppelganger","Phantasmal Killer"],"picked":"Tactician","floor":16},{"not_picked":["Prepared","Caltrops"],"picked":"Malaise","floor":18},{"not_picked":["Outmaneuver","Heel Hook"],"picked":"Backflip","floor":21},{"not_picked":["Backstab","Bane"],"picked":"Dagger Spray","floor":24},{"not_picked":["Underhanded Strike","Acrobatics"],"picked":"Prepared","floor":25},{"not_picked":["Bane","Underhanded Strike"],"picked":"Blur","floor":27},{"not_picked":["Storm of Steel","Underhanded Strike"],"picked":"Calculated Gamble","floor":28}],"player_experience":1143179,"potions_floor_usage":[6,8,21,24,24,25,27,29],"damage_taken":[{"damage":0,"enemies":"Jaw Worm","floor":1,"turns":5},{"damage":0,"enemies":"Cultist","floor":3,"turns":4},{"damage":0,"enemies":"Small Slimes","floor":4,"turns":3},{"damage":7,"enemies":"Exordium Wildlife","floor":5,"turns":5},{"damage":15,"enemies":"Lagavulin","floor":6,"turns":6},{"damage":8,"enemies":"3 Sentries","floor":8,"turns":6},{"damage":0,"enemies":"2 Fungi Beasts","floor":12,"turns":3},{"damage":68,"enemies":"Hexaghost","floor":16,"turns":10},{"damage":21,"enemies":"Shell Parasite","floor":18,"turns":5},{"damage":2,"enemies":"Spheric Guardian","floor":19,"turns":3},{"damage":17,"enemies":"Centurion and Healer","floor":21,"turns":6},{"damage":45,"enemies":"Slavers","floor":24,"turns":5},{"damage":9,"enemies":"Snecko","floor":25,"turns":5},{"damage":0,"enemies":"Snake Plant","floor":27,"turns":3},{"damage":10,"enemies":"Centurion and Healer","floor":28,"turns":6},{"damage":21,"enemies":"Sentry and Sphere","floor":29,"turns":5}],"event_choices":[{"event_name":"Bonfire Elementals","player_choice":"CURSE","floor":11,"damage_taken":0},{"event_name":"Big Fish","player_choice":"Box","floor":14,"damage_taken":0},{"event_name":"Addict","player_choice":"Ignored","floor":22,"damage_taken":0}],"boss_relics":[{"not_picked":["White Beast Statue","Tiny House"],"picked":"Philosopher\u0027s Stone"}],"potions_floor_spawned":[1,5,12,18,19,24,25,27],"seed_played":"-8610040712617618488","killed_by":"Sentry and Sphere","ascension_level":0,"is_trial":false}