{"gold_per_floor":[114,129,144,159,159,197,216,216,216,254,273,311,1,20,20,20],"floor_reached":16,"playtime":953,"items_purged":[],"score":149,"play_id":"7b7eb760-5fa8-4c71-96ce-c8a20d86f161","local_time":"20190617102945","daily_mods":["Chimera","Red Cards","Terminal"],"is_ascension_mode":false,"campfire_choices":[{"data":"1","floor":8,"key":"LIFT"},{"floor":15,"key":"REST"}],"neow_cost":"","seed_source_timestamp":0,"circlet_count":0,"master_deck":["Bash","Survivor","Zap","Strike_R","Strike_G","Strike_B","Defend_R","Defend_G","Defend_B","Armaments","Quick Slash","Quick Slash","Blade Dance","Rampage+1","Thunderclap+1","Leg Sweep","Feel No Pain","Heavy Blade+1","PiercingWail"],"special_seed":18064,"relics":["Ring of the Snake","Golden Idol","Girya","Molten Egg 2","Boot","Singing Bowl","Centennial Puzzle"],"potions_floor_usage":[6,6,7,12],"damage_taken":[{"damage":0,"enemies":"Small Slimes","floor":1,"turns":3},{"damage":0,"enemies":"Cultist","floor":2,"turns":3},{"damage":0,"enemies":"2 Louse","floor":3,"turns":3},{"damage":0,"enemies":"Exordium Wildlife","floor":4,"turns":4},{"damage":11,"enemies":"Gremlin Nob","floor":6,"turns":4},{"damage":0,"enemies":"Large Slime","floor":7,"turns":6},{"damage":0,"enemies":"3 Sentries","floor":10,"turns":8},{"damage":0,"enemies":"Blue Slaver","floor":11,"turns":4},{"damage":18,"enemies":"Gremlin Nob","floor":12,"turns":4},{"damage":7,"enemies":"Exordium Wildlife","floor":14,"turns":5},{"damage":41,"enemies":"Slime Boss","floor":16,"turns":5}],"seed_played":"-5582674869873020994","potions_obtained":[{"floor":2,"key":"Weak Potion"},{"floor":3,"key":"GamblersBrew"},{"floor":6,"key":"Fruit Juice"},{"floor":7,"key":"LiquidBronze"},{"floor":11,"key":"GamblersBrew"}],"is_trial":false,"path_per_floor":["M","M","M","M","?","E","M","R","T","E","M","E","$","M","R","B"],"character_chosen":"THE_SILENT","items_purchased":["Leg Sweep","Feel No Pain","Centennial Puzzle","Heavy Blade+1"],"campfire_rested":1,"item_purchase_floors":[13,13,13,13],"current_hp_per_floor":[68,67,66,65,49,38,43,43,43,43,43,27,27,20,38,0],"gold":20,"neow_bonus":"","is_prod":false,"is_daily":true,"chose_seed":false,"campfire_upgraded":0,"win_rate":0,"timestamp":1560781785,"path_taken":["M","M","M","M","?","E","M","R","T","E","M","E","$","M","R","BOSS"],"build_version":"2019-01-23","purchased_purges":0,"victory":false,"max_hp_per_floor":[68,67,66,65,64,63,67,66,65,64,63,64,63,62,61,61],"card_choices":[{"not_picked":["Outmaneuver","Flechettes","Combust"],"picked":"SKIP","floor":1},{"not_picked":["Terror","Dodge and Roll"],"picked":"Armaments","floor":2},{"not_picked":["Second Wind","Prepared","Outmaneuver"],"picked":"SKIP","floor":3},{"not_picked":["Armaments","Barricade"],"picked":"Quick Slash","floor":4},{"not_picked":["Catalyst","Armaments"],"picked":"Quick Slash","floor":6},{"not_picked":["Intimidate","Dagger Throw"],"picked":"Blade Dance","floor":7},{"not_picked":["Catalyst","Night Terror"],"picked":"Rampage+1","floor":10},{"not_picked":["Skewer+1","Prepared"],"picked":"Thunderclap+1","floor":11},{"not_picked":["Burst","Metallicize","Havoc"],"picked":"Singing Bowl","floor":12},{"not_picked":["Calculated Gamble","Finisher+1"],"picked":"PiercingWail","floor":14}],"player_experience":3756926,"relics_obtained":[{"floor":6,"key":"Girya"},{"floor":9,"key":"Molten Egg 2"},{"floor":10,"key":"Boot"},{"floor":12,"key":"Singing Bowl"}],"event_choices":[{"damage_healed":0,"gold_gain":0,"player_choice":"Take Damage","damage_taken":16,"relics_obtained":["Golden Idol"],"max_hp_gain":0,"max_hp_loss":0,"event_name":"Golden Idol","floor":5,"gold_loss":0}],"is_beta":false,"boss_relics":[],"items_purged_floors":[],"is_endless":false,"potions_floor_spawned":[2,3,6,7,11],"killed_by":"Slime Boss","ascension_level":0}