{"gold_per_floor":[116,136,155,155,166,193,193,193,219,252,271,41,70,84,84,181,181,195,195,195,206,220,220,196,231,257,257],"floor_reached":27,"playtime":1985,"items_purged":[],"score":268,"play_id":"1b89334f-df35-4ea7-888d-b8290953d3bc","local_time":"20190710184733","is_ascension_mode":true,"campfire_choices":[{"floor":8.0,"key":"REST"},{"floor":15.0,"key":"REST"},{"floor":23.0,"key":"REST"}],"neow_cost":"NONE","seed_source_timestamp":0,"circlet_count":0,"master_deck":["Strike_R","Strike_R","Strike_R","Strike_R","Strike_R","Defend_R","Defend_R","Defend_R","Defend_R","Bash","Trip","Perfected Strike","Body Slam+1","Dual Wield","Heavy Blade","Spot Weakness","Cleave","Demon Form","Entrench","Heavy Blade","Heavy Blade","Barricade","True Grit+1","Flame Barrier","Cleave+1","Sword Boomerang","Shrug It Off","Flame Barrier"],"special_seed":0,"relics":["Burning Blood","Regal Pillow","Juzu Bracelet","Art of War","PreservedInsect","Sozu","MutagenicStrength","Bottled Flame","Pen Nib"],"potions_floor_usage":[],"damage_taken":[{"damage":0.0,"enemies":"Small Slimes","floor":1.0,"turns":3.0},{"damage":0.0,"enemies":"Cultist","floor":2.0,"turns":2.0},{"damage":5.0,"enemies":"2 Louse","floor":3.0,"turns":3.0},{"damage":17.0,"enemies":"Large Slime","floor":5.0,"turns":6.0},{"damage":19.0,"enemies":"Lagavulin","floor":6.0,"turns":4.0},{"damage":24.0,"enemies":"Exordium Thugs","floor":7.0,"turns":5.0},{"damage":44.0,"enemies":"3 Sentries","floor":10.0,"turns":9.0},{"damage":20.0,"enemies":"3 Louse","floor":11.0,"turns":3.0},{"damage":15.0,"enemies":"Gremlin Nob","floor":13.0,"turns":4.0},{"damage":13.0,"enemies":"Red Slaver","floor":14.0,"turns":2.0},{"damage":46.0,"enemies":"Slime Boss","floor":16.0,"turns":7.0},{"damage":24.0,"enemies":"Shell Parasite","floor":18.0,"turns":5.0},{"damage":10.0,"enemies":"Chosen","floor":21.0,"turns":3.0},{"damage":31.0,"enemies":"Centurion and Healer","floor":22.0,"turns":6.0},{"damage":42.0,"enemies":"Book of Stabbing","floor":25.0,"turns":5.0},{"damage":39,"enemies":"Colosseum Slavers","floor":27,"turns":3}],"seed_played":"5244542073618339387","potions_obtained":[{"floor":1.0,"key":"BloodPotion"},{"floor":2.0,"key":"Block Potion"},{"floor":5.0,"key":"AttackPotion"},{"floor":10.0,"key":"Block Potion"},{"floor":11.0,"key":"Poison Potion"},{"floor":14.0,"key":"Ancient Potion"}],"is_trial":false,"path_per_floor":["M","M","M","?","M","E","M","R","T","E","M","$","E","M","R","B",null,"M","?","?","M","M","R","$","E","T","?"],"character_chosen":"IRONCLAD","items_purchased":["Demon Form","Entrench","Shrug It Off"],"campfire_rested":3,"item_purchase_floors":[12,12,24],"current_hp_per_floor":[80,80,80,80,69,56,38,77,77,39,25,25,36,29,68,28,80,62,62,62,58,33,72,72,36,36,0],"gold":257,"neow_bonus":"RANDOM_COLORLESS","is_prod":false,"is_daily":false,"chose_seed":false,"campfire_upgraded":0,"win_rate":0,"timestamp":1562802453,"path_taken":["M","M","M","?","M","E","?","R","T","E","M","$","E","M","R","BOSS","M","?","?","M","M","R","$","E","T","?"],"build_version":"2019-07-05","purchased_purges":0,"victory":false,"max_hp_per_floor":[80,80,80,80,80,80,80,80,80,80,80,80,80,80,80,80,80,80,80,80,80,80,80,80,80,80,80],"card_choices":[{"not_picked":["Heavy Blade","Disarm"],"picked":"Perfected Strike","floor":1.0},{"not_picked":["Rupture","Twin Strike"],"picked":"Body Slam","floor":2.0},{"not_picked":["Metallicize","Thunderclap"],"picked":"Dual Wield","floor":3.0},{"not_picked":["Rage","Rupture","Clothesline"],"picked":"SKIP","floor":5.0},{"not_picked":["Warcry","Pommel Strike"],"picked":"Heavy Blade","floor":6.0},{"not_picked":["Body Slam","Dual Wield","Warcry"],"picked":"SKIP","floor":7.0},{"not_picked":["Infernal Blade","Warcry"],"picked":"Spot Weakness","floor":10.0},{"not_picked":["Disarm","Seeing Red"],"picked":"Cleave","floor":11.0},{"not_picked":["True Grit","Body Slam"],"picked":"Heavy Blade","floor":13.0},{"not_picked":["Bludgeon","Armaments"],"picked":"Heavy Blade","floor":14.0},{"not_picked":["Feed","Dark Embrace"],"picked":"Barricade","floor":16.0},{"not_picked":["Iron Wave","Armaments"],"picked":"True Grit+1","floor":18.0},{"not_picked":["Uppercut","Shockwave"],"picked":"Cleave+1","floor":21.0},{"not_picked":["Burning Pact","Heavy Blade"],"picked":"Sword Boomerang","floor":22.0},{"not_picked":["Clothesline","Bloodletting+1"],"picked":"Flame Barrier","floor":25.0}],"player_experience":81085,"relics_obtained":[{"floor":6.0,"key":"Regal Pillow"},{"floor":9.0,"key":"Juzu Bracelet"},{"floor":10.0,"key":"Art of War"},{"floor":13.0,"key":"PreservedInsect"},{"floor":25.0,"key":"Bottled Flame"},{"floor":26.0,"key":"Pen Nib"}],"event_choices":[{"damage_healed":0.0,"max_hp_gain":0.0,"max_hp_loss":0.0,"gold_gain":0.0,"event_name":"Upgrade Shrine","player_choice":"Upgraded","floor":4.0,"gold_loss":0.0,"damage_taken":0.0,"cards_upgraded":["Body Slam"]},{"damage_healed":0.0,"max_hp_gain":0.0,"max_hp_loss":0.0,"gold_gain":0.0,"event_name":"The Library","player_choice":"Read","floor":19.0,"gold_loss":0.0,"damage_taken":0.0,"cards_obtained":["Flame Barrier"]},{"damage_healed":0.0,"max_hp_gain":0.0,"max_hp_loss":0.0,"gold_gain":0.0,"event_name":"Drug Dealer","player_choice":"Inject Mutagens","floor":20.0,"gold_loss":0.0,"damage_taken":0.0,"relics_obtained":["MutagenicStrength"]},{"damage_healed":0,"gold_gain":0,"player_choice":"Fight","damage_taken":0,"max_hp_gain":0,"max_hp_loss":0,"event_name":"Colosseum","floor":27,"gold_loss":0}],"is_beta":false,"boss_relics":[{"not_picked":["White Beast Statue","Snecko Eye"],"picked":"Sozu"}],"items_purged_floors":[],"is_endless":false,"potions_floor_spawned":[1,2,5,10,11,14,22],"killed_by":"Colosseum Slavers","ascension_level":1}