{"gold_per_floor":[114,129,144,69,144,144,174,189,214,274,289,292,361,376,376,476,476,491,97,112,212,227,227,257,257,282,312,327,342,372,387,387,487,487,502,517,71,86,86,116,131,461,461,461,461,476,491,521,521,521],"floor_reached":51,"playtime":3143,"items_purged":["Strike_R","Defend_R"],"score":861,"play_id":"f53e21c9-fe20-4907-863c-cdd858e58d9d","local_time":"20190508235930","daily_mods":["Heirloom","Green Cards","Binary"],"is_ascension_mode":false,"campfire_choices":[{"data":"Bash","floor":6,"key":"SMITH"},{"data":"Battle Trance","floor":15,"key":"SMITH"},{"data":"Noxious Fumes","floor":23,"key":"SMITH"},{"data":"Choke","floor":25,"key":"SMITH"},{"data":"Leg Sweep","floor":32,"key":"SMITH"},{"floor":44,"key":"REST"},{"floor":49,"key":"REST"}],"neow_cost":"","seed_source_timestamp":2519843626867905,"circlet_count":0,"master_deck":["Strike_R+1","Defend_R+1","Defend_R","Defend_R","Bash+1","Dagger Spray+1","Backstab","Leg Sweep+1","Entrench+1","Cloak And Dagger","Choke+1","Backflip","Battle Trance+1","Bullet Time","Adrenaline+1","Clash+1","Corruption+1","Sword Boomerang+1","Noxious Fumes+1","Shrug It Off","Cloak And Dagger+1","Shrug It Off+1","Backflip+1","Offering","Leg Sweep+1","Seeing Red+1","PiercingWail","Catalyst+1","Madness","Madness","Spot Weakness","Crippling Poison+1","PiercingWail+1","Flame Barrier","Clothesline+1","Deadly Poison+1"],"special_seed":18025,"relics":["Burning Blood","Bird Faced Urn","Mummified Hand","War Paint","Tiny Chest","Odd Mushroom","Astrolabe","Bag of Marbles","Shuriken","Red Skull","PreservedInsect","Whetstone","Black Star","Orichalcum","Juzu Bracelet","Omamori","Mercury Hourglass","Old Coin","Dream Catcher","Regal Pillow","Letter Opener","Blood Vial"],"potions_floor_usage":[10,12,16,16,16,33,40,42,47,48,50,50,50],"damage_taken":[{"damage":2,"enemies":"Small Slimes","floor":1,"turns":4},{"damage":3,"enemies":"2 Louse","floor":2,"turns":2},{"damage":1,"enemies":"Cultist","floor":3,"turns":3},{"damage":26,"enemies":"3 Sentries","floor":7,"turns":9},{"damage":7,"enemies":"Blue Slaver","floor":8,"turns":4},{"damage":14,"enemies":"Lagavulin","floor":10,"turns":6},{"damage":5,"enemies":"Looter","floor":11,"turns":2},{"damage":9,"enemies":"The Mushroom Lair","floor":12,"turns":3},{"damage":5,"enemies":"Large Slime","floor":14,"turns":7},{"damage":19,"enemies":"Slime Boss","floor":16,"turns":7},{"damage":2,"enemies":"Chosen","floor":18,"turns":2},{"damage":14,"enemies":"2 Thieves","floor":20,"turns":3},{"damage":18,"enemies":"Snecko","floor":22,"turns":6},{"damage":0,"enemies":"Gremlin Leader","floor":24,"turns":4},{"damage":9,"enemies":"Book of Stabbing","floor":27,"turns":4},{"damage":0,"enemies":"Centurion and Healer","floor":28,"turns":5},{"damage":2,"enemies":"Chosen and Byrds","floor":29,"turns":5},{"damage":14,"enemies":"Slavers","floor":30,"turns":3},{"damage":0,"enemies":"Cultist and Chosen","floor":31,"turns":3},{"damage":23,"enemies":"Automaton","floor":33,"turns":8},{"damage":6,"enemies":"3 Darklings","floor":35,"turns":3},{"damage":11,"enemies":"3 Shapes","floor":36,"turns":2},{"damage":6,"enemies":"Sphere and 2 Shapes","floor":38,"turns":3},{"damage":31,"enemies":"Reptomancer","floor":40,"turns":4},{"damage":6,"enemies":"4 Shapes","floor":41,"turns":4},{"damage":10,"enemies":"Giant Head","floor":42,"turns":8},{"damage":22,"enemies":"3 Darklings","floor":46,"turns":6},{"damage":6,"enemies":"Jaw Worm Horde","floor":47,"turns":4},{"damage":29,"enemies":"Reptomancer","floor":48,"turns":6},{"damage":71,"enemies":"Donu and Deca","floor":50,"turns":9}],"seed_played":"8493715503740847636","potions_obtained":[{"floor":1,"key":"SteroidPotion"},{"floor":3,"key":"Poison Potion"},{"floor":10,"key":"Explosive Potion"},{"floor":11,"key":"AttackPotion"},{"floor":14,"key":"SpeedPotion"},{"floor":27,"key":"FearPotion"},{"floor":29,"key":"GamblersBrew"},{"floor":30,"key":"LiquidBronze"},{"floor":33,"key":"Energy Potion"},{"floor":41,"key":"AttackPotion"},{"floor":42,"key":"LiquidBronze"},{"floor":47,"key":"Fruit Juice"},{"floor":48,"key":"EssenceOfSteel"}],"is_trial":false,"path_per_floor":["M","M","M","$","?","R","E","M","T","E","M","?","?","M","R","B",null,"M","$","M","?","M","R","E","R","T","E","M","M","E","M","R","B",null,"M","M","$","M","?","E","M","E","T","R","?","M","M","E","R","B",null],"character_chosen":"IRONCLAD","items_purchased":["Leg Sweep","Noxious Fumes","Bag of Marbles","PowerPotion","Shrug It Off","PiercingWail","Orichalcum","Juzu Bracelet"],"campfire_rested":2,"item_purchase_floors":[4,19,19,19,19,37,37,37],"current_hp_per_floor":[80,80,80,80,69,69,49,48,48,40,41,38,38,39,39,26,80,80,80,76,76,68,68,78,78,78,77,80,80,74,80,80,65,80,80,79,79,80,70,49,51,51,51,80,80,68,72,58,85,24],"gold":521,"neow_bonus":"","is_prod":false,"is_daily":true,"chose_seed":false,"campfire_upgraded":5,"win_rate":0,"timestamp":1557374370,"path_taken":["M","M","M","$","?","R","E","M","T","E","M","?","?","M","R","BOSS","M","$","M","?","M","R","E","R","T","E","M","?","E","M","R","BOSS","M","M","$","M","?","E","M","E","T","R","?","M","M","E","R","BOSS"],"build_version":"2019-01-23","purchased_purges":2,"victory":true,"max_hp_per_floor":[80,80,80,80,80,80,80,80,80,80,80,80,80,80,80,80,80,80,80,80,80,80,80,80,80,80,80,80,80,80,80,80,80,80,80,80,80,80,80,80,80,80,80,80,80,80,80,85,85,85],"card_choices":[{"not_picked":["Poisoned Stab"],"picked":"Dagger Spray","floor":1},{"not_picked":["Warcry"],"picked":"Backstab","floor":2},{"not_picked":["Pommel Strike","Acrobatics"],"picked":"SKIP","floor":3},{"not_picked":["Slice","Deadly Poison"],"picked":"SKIP","floor":7},{"not_picked":["Dodge and Roll"],"picked":"Entrench","floor":8},{"not_picked":["Warcry"],"picked":"Cloak And Dagger","floor":10},{"not_picked":["Dropkick"],"picked":"Choke","floor":11},{"not_picked":["Flying Knee"],"picked":"Backflip","floor":12},{"not_picked":["Evolve"],"picked":"Battle Trance","floor":14},{"not_picked":["Envenom"],"picked":"Bullet Time","floor":16},{"not_picked":["Burning Pact"],"picked":"Sword Boomerang+1","floor":18},{"not_picked":["Prepared","Fire Breathing"],"picked":"SKIP","floor":20},{"not_picked":["Perfected Strike"],"picked":"Cloak And Dagger+1","floor":22},{"not_picked":["Slice"],"picked":"Shrug It Off+1","floor":24},{"not_picked":["Flying Knee+1"],"picked":"Backflip+1","floor":27},{"not_picked":["Noxious Fumes","Twin Strike"],"picked":"SKIP","floor":28},{"not_picked":["Flex","Pommel Strike"],"picked":"SKIP","floor":29},{"not_picked":["Slice","Flying Knee"],"picked":"SKIP","floor":30},{"not_picked":["Pommel Strike","Havoc"],"picked":"SKIP","floor":31},{"not_picked":["Wraith Form v2"],"picked":"Offering","floor":33},{"not_picked":["Combust+1"],"picked":"Leg Sweep+1","floor":35},{"not_picked":["Flex"],"picked":"Seeing Red+1","floor":36},{"not_picked":["Ghostly Armor"],"picked":"Catalyst+1","floor":38},{"not_picked":["Iron Wave"],"picked":"Spot Weakness","floor":40},{"not_picked":["Flying Knee+1"],"picked":"Crippling Poison+1","floor":41},{"not_picked":["Headbutt+1","Outmaneuver"],"picked":"SKIP","floor":42},{"not_picked":["Dash"],"picked":"PiercingWail+1","floor":46},{"not_picked":["Backflip"],"picked":"Flame Barrier","floor":47},{"not_picked":["Havoc"],"picked":"Clothesline+1","floor":48},{"not_picked":["Body Slam+1"],"picked":"Deadly Poison+1","floor":49}],"player_experience":3634606,"relics_obtained":[{"floor":7,"key":"Mummified Hand"},{"floor":9,"key":"War Paint"},{"floor":10,"key":"Tiny Chest"},{"floor":12,"key":"Odd Mushroom"},{"floor":24,"key":"Shuriken"},{"floor":26,"key":"Red Skull"},{"floor":27,"key":"PreservedInsect"},{"floor":30,"key":"Whetstone"},{"floor":40,"key":"Omamori"},{"floor":40,"key":"Mercury Hourglass"},{"floor":42,"key":"Old Coin"},{"floor":42,"key":"Dream Catcher"},{"floor":43,"key":"Regal Pillow"},{"floor":48,"key":"Letter Opener"},{"floor":48,"key":"Blood Vial"}],"event_choices":[{"damage_healed":0,"gold_gain":75,"player_choice":"Gather Gold","damage_taken":11,"max_hp_gain":0,"max_hp_loss":0,"event_name":"World of Goop","floor":5,"gold_loss":0},{"damage_healed":0,"gold_gain":0,"player_choice":"Fought Mushrooms","damage_taken":0,"max_hp_gain":0,"max_hp_loss":0,"event_name":"Mushrooms","floor":12,"gold_loss":0},{"damage_healed":0,"gold_gain":69,"player_choice":"Gained Gold","damage_taken":0,"max_hp_gain":0,"max_hp_loss":0,"event_name":"Golden Wing","floor":13,"gold_loss":0},{"damage_healed":0,"gold_gain":100,"player_choice":"Pray","damage_taken":0,"max_hp_gain":0,"max_hp_loss":0,"event_name":"Golden Shrine","floor":21,"gold_loss":0},{"damage_healed":0,"gold_gain":0,"player_choice":"Embrace Madness","damage_taken":10,"max_hp_gain":0,"max_hp_loss":0,"event_name":"Winding Halls","floor":39,"gold_loss":0,"cards_obtained":["Madness","Madness"]},{"damage_healed":0,"gold_gain":0,"player_choice":"Ignored","damage_taken":0,"max_hp_gain":0,"max_hp_loss":0,"event_name":"Tomb of Lord Red Mask","floor":45,"gold_loss":0}],"is_beta":false,"boss_relics":[{"not_picked":["Coffee Dripper","Runic Cube"],"picked":"Astrolabe"},{"not_picked":["White Beast Statue","Velvet Choker"],"picked":"Black Star"}],"items_purged_floors":[19,37],"is_endless":false,"potions_floor_spawned":[1,3,10,11,14,27,29,30,31,33,35,36,41,42,47,48],"ascension_level":0}