{"gold_per_floor":[110,125,50,50,62,62,97,97,97,97,117,42,42,60,60,60],"floor_reached":16,"playtime":664,"items_purged":["Strike_G"],"score":195,"play_id":"2818102d-d273-41bf-a8de-a8bcb0383ed2","local_time":"20181113122353","is_ascension_mode":true,"campfire_choices":[{"data":"Riddle With Holes","floor":6,"key":"SMITH"},{"data":"Neutralize","floor":8,"key":"SMITH"},{"floor":10,"key":"REST"},{"data":"Leg Sweep","floor":13,"key":"SMITH"},{"data":"Blur","floor":15,"key":"SMITH"}],"neow_cost":"NONE","seed_source_timestamp":757328880336680,"circlet_count":0,"master_deck":["AscendersBane","Defend_G","Defend_G","Defend_G","Defend_G","Defend_G","Strike_G","Strike_G","Strike_G","Strike_G","Survivor","Neutralize+1","Masterful Stab","Poisoned Stab","Riddle With Holes+1","Sucker Punch","Leg Sweep+1","Blur+1"],"relics":["Ring of the Snake","NeowsBlessing","Pocketwatch","The Specimen"],"potions_floor_usage":[7,16,16],"damage_taken":[{"damage":0,"enemies":"Cultist","floor":1,"turns":1},{"damage":0,"enemies":"Small Slimes","floor":2,"turns":1},{"damage":0,"enemies":"2 Louse","floor":5,"turns":1},{"damage":20,"enemies":"Gremlin Nob","floor":7,"turns":4},{"damage":1,"enemies":"2 Fungi Beasts","floor":11,"turns":4},{"damage":6,"enemies":"Looter","floor":14,"turns":3},{"damage":54,"enemies":"Hexaghost","floor":16,"turns":16}],"seed_played":"-1337326207588262300","potions_obtained":[{"floor":1,"key":"Dexterity Potion"},{"floor":4,"key":"PowerPotion"},{"floor":14,"key":"PowerPotion"}],"is_trial":false,"path_per_floor":["M","M","$","?","M","R","E","R","T","R","M","$","R","M","R","B"],"character_chosen":"THE_SILENT","items_purchased":["Riddle With Holes"],"campfire_rested":1,"item_purchase_floors":[3],"current_hp_per_floor":[59,59,59,59,59,59,39,39,39,58,57,57,57,51,51,0],"gold":60,"neow_bonus":"THREE_ENEMY_KILL","is_prod":false,"is_daily":false,"chose_seed":false,"campfire_upgraded":4,"win_rate":0,"timestamp":1542129833,"path_taken":["M","?","$","?","M","R","E","R","T","R","M","$","R","?","R","BOSS"],"build_version":"2018-11-08","purchased_purges":1,"victory":false,"max_hp_per_floor":[66,66,66,66,66,66,66,66,66,66,66,66,66,66,66,66],"card_choices":[{"not_picked":["Eviscerate","Outmaneuver"],"picked":"Masterful Stab","floor":1},{"not_picked":["Blade Dance","Dagger Spray"],"picked":"Poisoned Stab","floor":2},{"not_picked":["Heel Hook","Underhanded Strike"],"picked":"Sucker Punch","floor":5},{"not_picked":["Underhanded Strike","Slice","Endless Agony"],"picked":"SKIP","floor":7},{"not_picked":["Dagger Spray","Burst"],"picked":"Leg Sweep","floor":11},{"not_picked":["Outmaneuver","Poisoned Stab"],"picked":"Blur","floor":14}],"player_experience":2262402,"relics_obtained":[{"floor":7,"key":"Pocketwatch"},{"floor":9,"key":"The Specimen"}],"event_choices":[{"damage_healed":0,"gold_gain":0,"player_choice":"Got Potions","damage_taken":0,"max_hp_gain":0,"max_hp_loss":0,"event_name":"Lab","floor":4,"gold_loss":0}],"is_beta":false,"boss_relics":[],"items_purged_floors":[12],"is_endless":false,"potions_floor_spawned":[1,14],"killed_by":"Hexaghost","ascension_level":19}