{"gold_per_floor":[111,12,12,87,158,158,188,204,231,231,251,282,299,328,328,433,433,416,433,36,36,36,70,70],"floor_reached":24,"playtime":5969,"items_purged":["Strike_R"],"score":247,"play_id":"68901183-e020-4d38-be88-188339262816","local_time":"20190515094600","is_ascension_mode":false,"campfire_choices":[{"data":"Bash","floor":6.0,"key":"SMITH"},{"data":"Anger","floor":10.0,"key":"SMITH"},{"data":"True Grit","floor":15.0,"key":"SMITH"}],"neow_cost":"NONE","seed_source_timestamp":0,"circlet_count":0,"master_deck":["Strike_R","Strike_R","Defend_R","Defend_R","Defend_R","Defend_R","Bash+1","Clothesline","Heavy Blade","Anger+1","Intimidate","True Grit+1","Inflame","Impervious","Sentinel+1","Battle Trance","Shrug It Off","Sentinel+1","Writhe","Armaments+1"],"special_seed":0,"relics":["Burning Blood","NeowsBlessing","Letter Opener","Lantern","Art of War","Odd Mushroom","Empty Cage","DollysMirror","Juzu Bracelet","Smiling Mask","Toxic Egg 2"],"potions_floor_usage":[23,23,23],"damage_taken":[{"damage":0.0,"enemies":"Jaw Worm","floor":1.0,"turns":1.0},{"damage":0.0,"enemies":"Lagavulin","floor":7.0,"turns":1.0},{"damage":0.0,"enemies":"2 Louse","floor":8.0,"turns":1.0},{"damage":0.0,"enemies":"Cultist","floor":11.0,"turns":2.0},{"damage":6.0,"enemies":"Gremlin Nob","floor":12.0,"turns":3.0},{"damage":0.0,"enemies":"3 Louse","floor":13.0,"turns":3.0},{"damage":14.0,"enemies":"The Mushroom Lair","floor":14.0,"turns":5.0},{"damage":16.0,"enemies":"The Guardian","floor":16.0,"turns":10.0},{"damage":20,"enemies":"2 Thieves","floor":18,"turns":4},{"damage":30,"enemies":"Spheric Guardian","floor":19,"turns":8},{"damage":31,"enemies":"Book of Stabbing","floor":23,"turns":7},{"damage":17,"enemies":"Snake Plant","floor":24,"turns":3}],"seed_played":"-6369141127486864767","potions_obtained":[{"floor":12.0,"key":"Ancient Potion"},{"floor":13.0,"key":"Dexterity Potion"},{"floor":14.0,"key":"Energy Potion"},{"floor":16.0,"key":"SteroidPotion"}],"is_trial":false,"path_per_floor":["M","$","?","?","T","R","E","M","T","R","M","E","M","?","R","B",null,"M","M","$","?","$","E","M"],"character_chosen":"IRONCLAD","items_purchased":["Heavy Blade","Shrug It Off","DollysMirror","Juzu Bracelet"],"campfire_rested":0,"item_purchase_floors":[2,20,20,20],"current_hp_per_floor":[80,80,80,69,69,69,75,80,80,80,80,80,80,72,72,62,80,66,42,42,42,42,17,0],"gold":70,"neow_bonus":"THREE_ENEMY_KILL","is_prod":false,"is_daily":false,"chose_seed":false,"campfire_upgraded":3,"win_rate":0,"timestamp":1557927960,"path_taken":["M","$","?","?","?","R","E","M","T","R","M","E","?","?","R","BOSS","M","M","$","?","$","E","M"],"build_version":"2019-01-23","purchased_purges":1,"victory":false,"max_hp_per_floor":[80,80,80,80,80,80,80,80,80,80,80,80,80,80,80,80,80,80,80,80,80,80,80,80],"card_choices":[{"not_picked":["Sword Boomerang","Disarm"],"picked":"Clothesline","floor":1.0},{"not_picked":["Combust","Dual Wield"],"picked":"Anger","floor":7.0},{"not_picked":["Uppercut","Pommel Strike","Blood for Blood"],"picked":"SKIP","floor":8.0},{"not_picked":["Evolve","Perfected Strike"],"picked":"Intimidate","floor":11.0},{"not_picked":["Thunderclap","Anger","Clash"],"picked":"SKIP","floor":12.0},{"not_picked":["Iron Wave","Cleave"],"picked":"True Grit","floor":13.0},{"not_picked":["Wild Strike","Anger"],"picked":"Inflame","floor":14.0},{"not_picked":["Dark Embrace","Double Tap"],"picked":"Impervious","floor":16.0},{"not_picked":["Combust","Wild Strike"],"picked":"Sentinel+1","floor":18},{"not_picked":["Fire Breathing","Clothesline"],"picked":"Battle Trance","floor":19},{"not_picked":["Second Wind","Hemokinesis"],"picked":"Armaments","floor":23}],"player_experience":3672852,"relics_obtained":[{"floor":7.0,"key":"Letter Opener"},{"floor":9.0,"key":"Lantern"},{"floor":12.0,"key":"Art of War"},{"floor":14.0,"key":"Odd Mushroom"},{"floor":23,"key":"Toxic Egg 2"}],"event_choices":[{"damage_healed":0.0,"max_hp_gain":0.0,"max_hp_loss":0.0,"gold_gain":0.0,"event_name":"Liars Game","player_choice":"Ignored","floor":3.0,"gold_loss":0.0,"damage_taken":0.0},{"damage_healed":0.0,"max_hp_gain":0.0,"max_hp_loss":0.0,"gold_gain":75.0,"event_name":"World of Goop","player_choice":"Gather Gold","floor":4.0,"gold_loss":0.0,"damage_taken":11.0},{"damage_healed":0.0,"max_hp_gain":0.0,"max_hp_loss":0.0,"gold_gain":0.0,"event_name":"Mushrooms","player_choice":"Fought Mushrooms","floor":14.0,"gold_loss":0.0,"damage_taken":0.0},{"damage_healed":0,"gold_gain":0,"player_choice":"Opened","damage_taken":0,"relics_obtained":["Smiling Mask"],"max_hp_gain":0,"max_hp_loss":0,"event_name":"The Mausoleum","floor":21,"gold_loss":0,"cards_obtained":["Writhe"]}],"is_beta":false,"boss_relics":[{"not_picked":["Fusion Hammer","Orrery"],"picked":"Empty Cage"}],"items_purged_floors":[2],"is_endless":false,"potions_floor_spawned":[12,13,14,16,18],"killed_by":"Snake Plant","ascension_level":0}