{"gold_per_floor":[114,189,38,38,59,59,83,104,104,104,127,158,158,177,177,307,370,390,384,59,82,14,14,33,33,33,33,33,73,73,149,149,149],"floor_reached":33,"playtime":1670,"items_purged":["Strike_G"],"score":245,"play_id":"428cd57f-872e-4ffd-a4ad-4b5b7abc62fe","local_time":"20190630153217","is_ascension_mode":false,"campfire_choices":[{"data":"Neutralize","floor":6,"key":"SMITH"},{"data":"Deadly Poison","floor":13,"key":"SMITH"},{"data":"Leg Sweep","floor":15,"key":"SMITH"},{"floor":23,"key":"REST"},{"data":"Venomology","floor":25,"key":"SMITH"},{"data":"Leg Sweep","floor":27,"key":"SMITH"},{"floor":30,"key":"REST"},{"floor":32,"key":"REST"}],"neow_cost":"NONE","seed_source_timestamp":1522742093824986,"circlet_count":0,"master_deck":["Defend_G","Defend_G","Defend_G","Defend_G","Defend_G","Strike_G","Strike_G","Strike_G","Strike_G+1","Survivor","Neutralize+1","Deadly Poison+1","Leg Sweep+1","Dagger Spray","Flying Knee","Quick Slash","Doppelganger","Bullet Time","Well Laid Plans","PiercingWail","Venomology+1","Leg Sweep+1","Catalyst+1"],"relics":["Ring of the Snake","Happy Flower","Lantern","Golden Idol","Vajra","Dodecahedron","Tiny House","Potion Belt","Toxic Egg 2","Red Mask","Singing Bowl"],"potions_floor_usage":[16,24,24,29,33,33,33,33,33],"damage_taken":[{"damage":0,"enemies":"2 Louse","floor":1,"turns":5},{"damage":0,"enemies":"Small Slimes","floor":5,"turns":3},{"damage":0,"enemies":"Jaw Worm","floor":7,"turns":3},{"damage":8,"enemies":"Exordium Thugs","floor":8,"turns":6},{"damage":0,"enemies":"Large Slime","floor":11,"turns":6},{"damage":24,"enemies":"Gremlin Nob","floor":12,"turns":4},{"damage":0,"enemies":"Looter","floor":14,"turns":3},{"damage":3,"enemies":"Hexaghost","floor":16,"turns":9},{"damage":1,"enemies":"Shell Parasite","floor":18,"turns":7},{"damage":9,"enemies":"2 Thieves","floor":19,"turns":4},{"damage":34,"enemies":"Sentry and Sphere","floor":21,"turns":8},{"damage":1,"enemies":"Snake Plant","floor":24,"turns":4},{"damage":34,"enemies":"Masked Bandits","floor":29,"turns":6},{"damage":55,"enemies":"Champ","floor":33,"turns":14}],"seed_played":"7339238114372523451","potions_obtained":[{"floor":11,"key":"PowerPotion"},{"floor":12,"key":"EssenceOfSteel"},{"floor":14,"key":"LiquidBronze"},{"floor":17,"key":"SpeedPotion"},{"floor":18,"key":"Poison Potion"},{"floor":21,"key":"GamblersBrew"}],"is_trial":false,"path_per_floor":["M","?","$","?","M","R","M","M","T","?","M","E","R","M","R","B",null,"M","M","$","M","$","R","M","R","T","R","$","?","R","T","R","B"],"character_chosen":"THE_SILENT","items_purchased":["Lantern","Potion Belt","PowerPotion","PiercingWail","Leg Sweep"],"campfire_rested":3,"item_purchase_floors":[3,20,20,20,22],"current_hp_per_floor":[70,59,59,59,59,59,59,51,51,51,51,27,27,27,27,24,70,69,60,60,26,26,47,46,46,46,46,46,12,33,33,54,0],"gold":149,"neow_bonus":"RANDOM_COMMON_RELIC","is_prod":false,"is_daily":false,"chose_seed":false,"campfire_upgraded":5,"win_rate":0,"timestamp":1561923137,"path_taken":["M","?","$","?","M","R","M","M","T","?","M","E","R","M","R","BOSS","M","M","$","M","$","R","M","R","T","R","$","?","R","?","R","BOSS"],"build_version":"2019-01-23","purchased_purges":1,"victory":false,"max_hp_per_floor":[70,70,70,65,65,65,65,65,65,65,65,65,65,65,65,65,70,70,70,70,70,70,70,70,70,70,70,70,70,70,70,70,70],"card_choices":[{"not_picked":["Blade Dance","Acrobatics"],"picked":"Deadly Poison","floor":1},{"not_picked":["Dagger Throw","PiercingWail"],"picked":"Leg Sweep","floor":5},{"not_picked":["Blade Dance","Calculated Gamble"],"picked":"Dagger Spray","floor":7},{"not_picked":["Reflex","Blade Dance"],"picked":"Flying Knee","floor":8},{"not_picked":["Expertise","Setup","Underhanded Strike"],"picked":"SKIP","floor":11},{"not_picked":["Dagger Spray","Setup"],"picked":"Quick Slash","floor":12},{"not_picked":["Dodge and Roll","Concentrate"],"picked":"Doppelganger","floor":14},{"not_picked":["Envenom","Glass Knife"],"picked":"Bullet Time","floor":16},{"not_picked":["Flying Knee+1","Acrobatics"],"picked":"Well Laid Plans","floor":18},{"not_picked":["Dagger Throw","Poisoned Stab","Prepared"],"picked":"SKIP","floor":19},{"not_picked":["PiercingWail","Heel Hook"],"picked":"Venomology","floor":21},{"not_picked":["Slice","PiercingWail+1"],"picked":"Catalyst+1","floor":24}],"player_experience":3868100,"relics_obtained":[{"floor":9,"key":"Vajra"},{"floor":12,"key":"Dodecahedron"},{"floor":26,"key":"Toxic Egg 2"},{"floor":29,"key":"Red Mask"},{"floor":31,"key":"Singing Bowl"}],"event_choices":[{"damage_healed":0,"gold_gain":75,"player_choice":"Gather Gold","damage_taken":11,"max_hp_gain":0,"max_hp_loss":0,"event_name":"World of Goop","floor":2,"gold_loss":0},{"damage_healed":0,"gold_gain":0,"player_choice":"Lose Max HP","damage_taken":0,"relics_obtained":["Golden Idol"],"max_hp_gain":0,"max_hp_loss":5,"event_name":"Golden Idol","floor":4,"gold_loss":0},{"damage_healed":0,"gold_gain":0,"player_choice":"Ignored","damage_taken":0,"max_hp_gain":0,"max_hp_loss":0,"event_name":"Liars Game","floor":10,"gold_loss":0},{"damage_healed":0,"gold_gain":0,"player_choice":"Fought Bandits","damage_taken":0,"max_hp_gain":0,"max_hp_loss":0,"event_name":"Masked Bandits","floor":29,"gold_loss":0}],"is_beta":false,"boss_relics":[{"not_picked":["Eternal Feather","Black Star"],"picked":"Tiny House"}],"items_purged_floors":[20],"is_endless":false,"potions_floor_spawned":[11,12,14,18,21],"killed_by":"Champ","ascension_level":0}