{"path_per_floor":["M","?","M","$","M","R","?","R","T","M","M","E","R","E","R","B",null,"M","?","?","M","$","E","R","E","T","R","M","R","E","?","R","B",null,"M","?","M","$","?","E","R","M","T","R","$","?","M","E","R","B"],"character_chosen":"THE_SILENT","items_purchased":["Noxious Fumes","Mind Blast","Prepared"],"gold_per_floor":[110,110,122,47,59,59,59,59,59,76,88,114,114,145,145,221,221,234,234,159,172,97,127,127,152,152,152,167,167,199,99,99,177,177,190,190,204,5,5,32,32,46,46,46,24,70,81,110,110,110],"floor_reached":51,"campfire_rested":1,"playtime":18301,"current_hp_per_floor":[57,57,55,55,55,55,60,60,60,48,55,47,47,39,39,32,55,47,47,47,59,59,50,50,54,54,54,53,53,51,51,51,45,58,60,60,62,62,54,40,40,51,51,51,51,41,36,21,54,34],"items_purged":["Parasite","Defend_G"],"gold":110,"score":1273,"play_id":"37d0e625-6ef1-4fba-8bf2-ff479e62fba4","local_time":"20180310221626","is_prod":false,"is_daily":false,"is_ascension_mode":true,"campfire_upgraded":7,"timestamp":1520738186,"path_taken":["M","?","M","$","M","R","?","R","T","M","M","E","R","E","R","BOSS","M","?","?","M","$","E","R","E","T","R","M","R","E","?","R","BOSS","M","?","M","$","?","E","R","M","T","R","$","?","M","E","R","BOSS"],"build_version":"2018-03-09","purchased_purges":4,"victory":true,"master_deck":["Defend_G","Defend_G","Survivor","Neutralize+1","Cloak And Dagger","Acrobatics","Sucker Punch+1","Venomology","Dash","PiercingWail","Malaise+1","After Image","Backstab+1","Bouncing Flask+1","After Image+1","Backflip","Bite","Bite","Bite","Bite","Bite","Malaise+1","Noxious Fumes+1","Concentrate+1","J.A.X.+1","Bullet Time","Catalyst+1","Riddle With Holes+1","Mind Blast+1","Madness","Madness","Deflect","Outmaneuver+1","Prepared","Terror","Concentrate","Acrobatics+1","Escape Plan"],"max_hp_per_floor":[60,60,60,57,57,57,62,62,62,62,62,62,62,62,62,62,62,62,62,62,62,62,62,62,62,62,62,62,62,62,62,62,62,62,62,62,62,62,62,62,62,62,62,62,62,62,62,62,62,62],"relics":["Ring of the Snake","Girya","Sundial","Kunai","Astrolabe","Oddly Smooth Stone","Dream Catcher","Calipers","Bronze Scales","Sozu","Centennial Puzzle","Regal Pillow","Ice Cream","Bag of Preparation"],"card_choices":[{"not_picked":["Endless Agony","Crippling Poison"],"picked":"Cloak And Dagger"},{"not_picked":["Riddle With Holes","Masterful Stab"],"picked":"Sucker Punch"},{"not_picked":["Deflect","Underhanded Strike"],"picked":"Venomology"},{"not_picked":["Backflip","Outmaneuver"],"picked":"Dash"},{"not_picked":["Deadly Poison","Phantasmal Killer"],"picked":"PiercingWail"},{"not_picked":["Tactician","Bouncing Flask"],"picked":"Malaise"},{"not_picked":["Adrenaline","Die Die Die"],"picked":"After Image"},{"not_picked":["Underhanded Strike","Poisoned Stab"],"picked":"Backflip"},{"not_picked":["Skewer","Predator"],"picked":"Malaise"},{"not_picked":["PiercingWail","Masterful Stab"],"picked":"Concentrate"},{"not_picked":["After Image","Tactician"],"picked":"Bullet Time"},{"not_picked":["Choke","Backflip"],"picked":"Catalyst"},{"not_picked":["Calculated Gamble","Catalyst"],"picked":"Deflect"},{"not_picked":["Bane","Dagger Spray"],"picked":"Outmaneuver"},{"not_picked":["Catalyst","Bane"],"picked":"Terror"},{"not_picked":["Dagger Throw","Flechettes"],"picked":"Concentrate"},{"not_picked":["Flying Knee","Finisher"],"picked":"Acrobatics"},{"not_picked":["Calculated Gamble","Finisher"],"picked":"Escape Plan"}],"player_experience":967349,"potions_floor_usage":[10,11,12,12,12,14,14,14,16,18,23,23,25,30,33,33,48],"damage_taken":[{"damage":2,"enemies":"2 Louse","floor":1,"turns":3},{"damage":2,"enemies":"Cultist","floor":3,"turns":4},{"damage":0,"enemies":"Small Slimes","floor":5,"turns":4},{"damage":12,"enemies":"Exordium Wildlife","floor":10,"turns":5},{"damage":2,"enemies":"Blue Slaver","floor":11,"turns":4},{"damage":8,"enemies":"Gremlin Nob","floor":12,"turns":5},{"damage":8,"enemies":"Lagavulin","floor":14,"turns":6},{"damage":9,"enemies":"Hexaghost","floor":16,"turns":15},{"damage":10,"enemies":"Chosen","floor":18,"turns":7},{"damage":0,"enemies":"Shell Parasite","floor":21,"turns":5},{"damage":25,"enemies":"Slavers","floor":23,"turns":10},{"damage":12,"enemies":"Gremlin Leader","floor":25,"turns":8},{"damage":9,"enemies":"Snecko","floor":28,"turns":5},{"damage":10,"enemies":"Book of Stabbing","floor":30,"turns":7},{"damage":38,"enemies":"Automaton","floor":33,"turns":12},{"damage":4,"enemies":"Orb Walker","floor":35,"turns":4},{"damage":3,"enemies":"3 Darklings","floor":37,"turns":5},{"damage":33,"enemies":"Giant Head","floor":40,"turns":10},{"damage":3,"enemies":"Maw","floor":42,"turns":8},{"damage":20,"enemies":"Mysterious Sphere","floor":46,"turns":6},{"damage":13,"enemies":"4 Shapes","floor":47,"turns":6},{"damage":23,"enemies":"2 Orb Walkers","floor":48,"turns":5},{"damage":34,"enemies":"Time Eater","floor":50,"turns":12}],"event_choices":[{"event_name":"Living Wall","player_choice":"Change","floor":2,"damage_taken":0},{"event_name":"Big Fish","player_choice":"Donut","floor":7,"damage_taken":0},{"event_name":"Vampires","player_choice":"Became a vampire (Vial)","floor":19,"damage_taken":0},{"event_name":"Beggar","player_choice":"Gave Gold","floor":20,"damage_taken":0},{"event_name":"Drug Dealer","player_choice":"Got JAXXED","floor":31,"damage_taken":0},{"event_name":"Transmorgrifier","player_choice":"Transform","floor":36,"damage_taken":0},{"event_name":"Winding Halls","player_choice":"Embrace Madness","floor":39,"damage_taken":0},{"event_name":"Mysterious Sphere","player_choice":"Fight","floor":46,"damage_taken":0}],"boss_relics":[{"not_picked":["White Beast Statue","The Specimen"],"picked":"Astrolabe"},{"not_picked":["Cursed Key","Pandora\u0027s Box"],"picked":"Sozu"}],"potions_floor_spawned":[1,5,10,12,18,21,30,35,40,46,47,48],"seed_played":"-9093605673079915143","ascension_level":14,"is_trial":false}