{"gold_per_floor":[119,119,294,22,22,22,61,61,61,11,11,44,18,71,83,214,226,221,158,184,1,1,1,16,34,59,59,76,76,94,111,111,212,212,231,243,243,263,163,163,175,175,175,190,203,4,22,39,39,39],"floor_reached":50,"playtime":2429,"items_purged":["Doubt","Strike_G"],"score":442,"play_id":"233ebad5-86d5-4cf1-ac86-06c6b97dee9f","local_time":"20190419011920","is_ascension_mode":false,"campfire_choices":[{"data":"Neutralize","floor":6,"key":"SMITH"},{"floor":8,"key":"REST"},{"data":"Cloak And Dagger","floor":15,"key":"SMITH"},{"data":"Bane","floor":23,"key":"SMITH"},{"data":"Dodge and Roll","floor":27,"key":"SMITH"},{"data":"Sucker Punch","floor":29,"key":"SMITH"},{"data":"Outmaneuver","floor":32,"key":"SMITH"},{"data":"Defend_G","floor":40,"key":"SMITH"},{"data":"Defend_G","floor":42,"key":"SMITH"},{"data":"Bane","floor":49,"key":"SMITH"}],"neow_cost":"NONE","seed_source_timestamp":797567268759998,"circlet_count":0,"master_deck":["Defend_G+1","Defend_G+1","Defend_G+1","Defend_G","Defend_G","Survivor+1","Neutralize+1","Deadly Poison+1","Sucker Punch+1","Cloak And Dagger+1","Dodge and Roll+1","Deadly Poison+1","Bane+1","Outmaneuver+1","Dagger Spray+1","Dodge and Roll+1","Cloak And Dagger+1","Bane+1","Acrobatics+1","Outmaneuver+1"],"relics":["Ring of the Snake","Bloody Idol","Snake Skull","Bronze Scales","Pantograph","Odd Mushroom","MawBank","Empty Cage","TwistedFunnel","War Paint","Cursed Key","CultistMask","TheAbacus"],"potions_floor_usage":[7,7,12,16,33,33,50,50,50],"damage_taken":[{"damage":0,"enemies":"Jaw Worm","floor":1,"turns":5},{"damage":5,"enemies":"3 Sentries","floor":7,"turns":7},{"damage":14,"enemies":"The Mushroom Lair","floor":12,"turns":4},{"damage":7,"enemies":"The Guardian","floor":16,"turns":13},{"damage":15,"enemies":"2 Thieves","floor":18,"turns":4},{"damage":2,"enemies":"Shell Parasite","floor":20,"turns":4},{"damage":2,"enemies":"Snecko","floor":24,"turns":4},{"damage":9,"enemies":"Centurion and Healer","floor":25,"turns":5},{"damage":8,"enemies":"3 Cultists","floor":28,"turns":4},{"damage":6,"enemies":"Snake Plant","floor":30,"turns":3},{"damage":11,"enemies":"Sentry and Sphere","floor":31,"turns":5},{"damage":66,"enemies":"Automaton","floor":33,"turns":11},{"damage":0,"enemies":"Orb Walker","floor":35,"turns":3},{"damage":4,"enemies":"3 Shapes","floor":36,"turns":5},{"damage":9,"enemies":"Spire Growth","floor":38,"turns":5},{"damage":8,"enemies":"Maw","floor":41,"turns":8},{"damage":1,"enemies":"Sphere and 2 Shapes","floor":44,"turns":5},{"damage":6,"enemies":"Spire Growth","floor":45,"turns":4},{"damage":5,"enemies":"Writhing Mass","floor":47,"turns":6},{"damage":1,"enemies":"Maw","floor":48,"turns":7},{"damage":76,"enemies":"Time Eater","floor":50,"turns":14}],"seed_played":"-3563132133789388577","potions_obtained":[{"floor":0,"key":"Poison Potion"},{"floor":0,"key":"SteroidPotion"},{"floor":0,"key":"Explosive Potion"},{"floor":16,"key":"Fruit Juice"},{"floor":25,"key":"Energy Potion"},{"floor":30,"key":"AttackPotion"},{"floor":33,"key":"GamblersBrew"},{"floor":36,"key":"Block Potion"},{"floor":44,"key":"GhostInAJar"}],"is_trial":false,"path_per_floor":["M","?","?","$","?","R","E","R","T","?","$","?","$","T","R","B",null,"M","?","M","$","?","R","M","M","T","R","M","R","M","M","R","B",null,"M","M","?","M","$","R","M","R","T","M","M","$","M","M","R","B"],"character_chosen":"THE_SILENT","items_purchased":["Sucker Punch","Snake Skull","Dodge and Roll","TwistedFunnel","TheAbacus"],"campfire_rested":1,"item_purchase_floors":[4,4,13,21,46],"current_hp_per_floor":[70,53,53,53,53,53,48,69,69,69,69,55,55,55,55,68,75,60,60,58,58,58,58,61,57,62,62,59,59,58,52,52,14,75,75,75,75,71,71,71,68,68,68,72,71,71,71,75,75,0],"gold":39,"neow_bonus":"THREE_SMALL_POTIONS","is_prod":false,"is_daily":false,"chose_seed":false,"campfire_upgraded":9,"win_rate":0,"timestamp":1555651160,"path_taken":["M","?","?","$","?","R","E","R","T","?","$","?","?","?","R","BOSS","M","?","M","$","?","R","M","M","T","R","M","R","M","M","R","BOSS","M","M","?","?","$","R","M","R","T","M","?","$","M","M","R","BOSS"],"build_version":"2019-01-23","purchased_purges":2,"victory":false,"max_hp_per_floor":[70,70,70,70,70,70,70,70,70,70,70,70,70,70,70,75,75,75,75,75,75,75,75,75,75,75,75,75,75,75,75,75,75,75,75,75,75,75,75,75,75,75,75,75,75,75,75,75,75,75],"card_choices":[{"not_picked":["All Out Attack","Noxious Fumes"],"picked":"Deadly Poison","floor":1},{"not_picked":["Setup","Terror","Blur"],"picked":"SKIP","floor":7},{"not_picked":["PiercingWail","Escape Plan"],"picked":"Cloak And Dagger","floor":12},{"not_picked":["Dodge and Roll","Prepared"],"picked":"Deadly Poison+1","floor":18},{"not_picked":["Dagger Spray+1","Terror"],"picked":"Bane","floor":20},{"not_picked":["Poisoned Stab","Quick Slash+1","Deflect"],"picked":"SKIP","floor":24},{"not_picked":["All Out Attack+1","Riddle With Holes+1","Heel Hook"],"picked":"SKIP","floor":25},{"not_picked":["All Out Attack","Accuracy","Sucker Punch"],"picked":"SKIP","floor":28},{"not_picked":["All Out Attack","Accuracy","Sucker Punch"],"picked":"SKIP","floor":28},{"not_picked":["Slice","Quick Slash"],"picked":"Outmaneuver","floor":30},{"not_picked":["Night Terror","All Out Attack"],"picked":"Dagger Spray+1","floor":31},{"not_picked":["Outmaneuver","Prepared"],"picked":"Dodge and Roll+1","floor":35},{"not_picked":["Underhanded Strike","Endless Agony","Dagger Spray"],"picked":"SKIP","floor":36},{"not_picked":["Endless Agony","Poisoned Stab","Dagger Spray"],"picked":"SKIP","floor":38},{"not_picked":["Slice+1","Deadly Poison"],"picked":"Cloak And Dagger+1","floor":41},{"not_picked":["Quick Slash","Cloak And Dagger","Prepared+1"],"picked":"SKIP","floor":44},{"not_picked":["Envenom","Quick Slash+1"],"picked":"Bane","floor":45},{"not_picked":["Dagger Throw","Dash"],"picked":"Acrobatics+1","floor":47},{"not_picked":["Poisoned Stab","Blur"],"picked":"Outmaneuver+1","floor":48}],"player_experience":3409504,"relics_obtained":[{"floor":7,"key":"Bronze Scales"},{"floor":9,"key":"Pantograph"},{"floor":12,"key":"Odd Mushroom"},{"floor":14,"key":"MawBank"},{"floor":26,"key":"War Paint"}],"event_choices":[{"damage_healed":0,"gold_gain":0,"player_choice":"Take Damage","damage_taken":17,"relics_obtained":["Golden Idol"],"max_hp_gain":0,"max_hp_loss":0,"event_name":"Golden Idol","floor":2,"gold_loss":0},{"damage_healed":0,"gold_gain":175,"player_choice":"AGREE","damage_taken":0,"max_hp_gain":0,"max_hp_loss":0,"event_name":"Liars Game","floor":3,"gold_loss":0,"cards_obtained":["Doubt"]},{"damage_healed":0,"gold_gain":0,"player_choice":"Grow","damage_taken":0,"max_hp_gain":0,"max_hp_loss":0,"event_name":"Living Wall","floor":5,"gold_loss":0,"cards_upgraded":["Deadly Poison"]},{"cards_removed":["Strike_G"],"damage_healed":0,"gold_gain":0,"player_choice":"Card Removal","damage_taken":0,"max_hp_gain":0,"max_hp_loss":0,"event_name":"The Cleric","floor":10,"gold_loss":50},{"damage_healed":0,"gold_gain":0,"player_choice":"Fought Mushrooms","damage_taken":0,"max_hp_gain":0,"max_hp_loss":0,"event_name":"Mushrooms","floor":12,"gold_loss":0},{"cards_removed":["Strike_G"],"damage_healed":0,"gold_gain":0,"player_choice":"Gave Gold","damage_taken":0,"max_hp_gain":0,"max_hp_loss":0,"event_name":"Beggar","floor":19,"gold_loss":75},{"damage_healed":0,"gold_gain":0,"player_choice":"Gave Idol","damage_taken":0,"relics_obtained":["Bloody Idol"],"max_hp_gain":0,"max_hp_loss":0,"event_name":"Forgotten Altar","floor":22,"relics_lost":["Golden Idol"],"gold_loss":0},{"damage_healed":0,"gold_gain":0,"player_choice":"Trade","damage_taken":0,"relics_obtained":["CultistMask"],"max_hp_gain":0,"max_hp_loss":0,"event_name":"FaceTrader","floor":37,"gold_loss":0}],"is_beta":false,"boss_relics":[{"not_picked":["Tiny House","Ring of the Serpent"],"picked":"Empty Cage"},{"not_picked":["Black Star","Pandora\u0027s Box"],"picked":"Cursed Key"}],"items_purged_floors":[4,39],"is_endless":false,"potions_floor_spawned":[16,25,30,33,36,44,47],"killed_by":"Time Eater","ascension_level":0}