{"gold_per_floor":[214,7,7,22,33,33,68,80,80,80,96,96],"floor_reached":12,"playtime":691,"items_purged":["Strike_B"],"score":152,"play_id":"d869c7e0-46d3-4e32-b869-4133d80253a6","local_time":"20190410164246","is_ascension_mode":true,"campfire_choices":[{"data":"Defragment","floor":6,"key":"SMITH"},{"floor":10,"key":"REST"}],"neow_cost":"NONE","seed_source_timestamp":77112734963683,"circlet_count":0,"master_deck":["AscendersBane","Strike_B","Strike_B","Strike_B","Defend_B","Defend_B","Defend_B","Defend_B","Zap","Dualcast","Defragment+1","Loop","Turbo","Steam","Reinforced Body","Doom and Gloom","Capacitor","Stack"],"relics":["Cracked Core","Dead Branch","Turnip"],"potions_floor_usage":[8,12,12],"damage_taken":[{"damage":7,"enemies":"Jaw Worm","floor":1,"turns":3},{"damage":4,"enemies":"Small Slimes","floor":4,"turns":4},{"damage":2,"enemies":"Cultist","floor":5,"turns":4},{"damage":20,"enemies":"Lagavulin","floor":7,"turns":6},{"damage":14,"enemies":"Lots of Slimes","floor":8,"turns":3},{"damage":33,"enemies":"Exordium Thugs","floor":11,"turns":5},{"damage":11,"enemies":"3 Sentries","floor":12,"turns":4}],"seed_played":"8257838649881447304","potions_obtained":[{"floor":1,"key":"Dexterity Potion"},{"floor":7,"key":"LiquidBronze"},{"floor":11,"key":"SkillPotion"}],"is_trial":false,"path_per_floor":["M","$","?","M","M","R","E","M","T","R","M","E"],"character_chosen":"DEFECT","items_purchased":["Loop","Turbo"],"campfire_rested":1,"item_purchase_floors":[2,2],"current_hp_per_floor":[57,57,62,58,56,56,36,22,22,44,11,0],"gold":96,"neow_bonus":"HUNDRED_GOLD","is_prod":false,"is_daily":false,"chose_seed":false,"campfire_upgraded":1,"win_rate":0,"timestamp":1554928966,"path_taken":["M","$","?","M","M","R","E","M","T","R","M","E"],"build_version":"2019-01-23","purchased_purges":1,"victory":false,"max_hp_per_floor":[71,71,76,76,76,76,76,76,76,76,76,76],"card_choices":[{"not_picked":["Fusion","Consume"],"picked":"Defragment","floor":1},{"not_picked":["Undo","Leap"],"picked":"Steam","floor":4},{"not_picked":["Lockon","Rip and Tear"],"picked":"Reinforced Body","floor":5},{"not_picked":["Reinforced Body","Skim"],"picked":"Doom and Gloom","floor":7},{"not_picked":["Streamline","Scrape"],"picked":"Capacitor","floor":8},{"not_picked":["Sweeping Beam","Conserve Battery"],"picked":"Stack","floor":11}],"player_experience":3335452,"relics_obtained":[{"floor":7,"key":"Dead Branch"},{"floor":9,"key":"Turnip"}],"event_choices":[{"damage_healed":0,"gold_gain":0,"player_choice":"Donut","damage_taken":0,"max_hp_gain":5,"max_hp_loss":0,"event_name":"Big Fish","floor":3,"gold_loss":0}],"is_beta":false,"boss_relics":[],"items_purged_floors":[2],"is_endless":false,"potions_floor_spawned":[1,7,11],"killed_by":"3 Sentries","ascension_level":18}