{"gold_per_floor":[117,31,50,64,64,64,124,124,148,148,159,159,179,194,194,269,269,280,280],"floor_reached":19,"playtime":948,"items_purged":[],"score":338,"play_id":"7b94904f-82c0-4947-b5d2-1e8bbc47ef05","local_time":"20190508104158","is_ascension_mode":true,"campfire_choices":[{"data":"Zap","floor":6,"key":"SMITH"},{"floor":10,"key":"REST"},{"data":"White Noise","floor":15,"key":"SMITH"}],"neow_cost":"NONE","seed_source_timestamp":2474409205778866,"circlet_count":0,"master_deck":["AscendersBane","Zap+1","Dualcast","All For One","Rebound","Go for the Eyes","BootSequence","White Noise+1","Steam Power","Leap","Undo","Reprogram","Echo Form","Rip and Tear","Amplify","Stack","Creative AI","Hello World","Sweeping Beam","Amplify","Turbo"],"relics":["Cracked Core","Tiny Chest","Omamori","Pandora\u0027s Box"],"potions_floor_usage":[7,16,16],"damage_taken":[{"damage":7,"enemies":"Jaw Worm","floor":1,"turns":3},{"damage":7,"enemies":"Small Slimes","floor":3,"turns":4},{"damage":0,"enemies":"Cultist","floor":4,"turns":4},{"damage":9,"enemies":"Lagavulin","floor":7,"turns":8},{"damage":1,"enemies":"Looter","floor":11,"turns":3},{"damage":0,"enemies":"Blue Slaver","floor":13,"turns":3},{"damage":31,"enemies":"Exordium Thugs","floor":14,"turns":5},{"damage":10,"enemies":"Hexaghost","floor":16,"turns":11},{"damage":51,"enemies":"3 Byrds","floor":18,"turns":4},{"damage":11,"enemies":"Shell Parasite","floor":19,"turns":1}],"seed_played":"-5456630018549316997","potions_obtained":[{"floor":3,"key":"FocusPotion"},{"floor":14,"key":"Block Potion"},{"floor":16,"key":"SteroidPotion"}],"is_trial":false,"path_per_floor":["M","$","M","M","?","R","E","?","T","R","M","?","M","M","R","B",null,"M","M"],"character_chosen":"DEFECT","items_purchased":["Go for the Eyes","PowerPotion"],"campfire_rested":1,"item_purchase_floors":[2,2],"current_hp_per_floor":[57,57,50,50,50,50,41,34,34,55,54,71,71,40,40,30,61,10,0],"gold":280,"neow_bonus":"ONE_RANDOM_RARE_CARD","is_prod":false,"is_daily":false,"chose_seed":false,"campfire_upgraded":2,"win_rate":0,"timestamp":1557326518,"path_taken":["M","$","M","M","?","R","E","?","T","R","M","?","M","M","R","BOSS","M","M"],"build_version":"2019-01-23","purchased_purges":0,"victory":false,"max_hp_per_floor":[71,71,71,71,71,71,71,71,71,71,71,71,71,71,71,71,71,71,71],"card_choices":[{"not_picked":["Storm","Stack"],"picked":"Rebound","floor":1},{"not_picked":["Tempest","Hello World"],"picked":"BootSequence","floor":3},{"not_picked":["Conserve Battery","Tempest"],"picked":"White Noise","floor":4},{"not_picked":["All For One","Heatsinks"],"picked":"Steam Power","floor":7},{"not_picked":["Stack","Skim"],"picked":"Leap","floor":11},{"not_picked":["Steam","Gash"],"picked":"Undo","floor":13},{"not_picked":["Sweeping Beam","Conserve Battery"],"picked":"Reprogram","floor":14},{"not_picked":["Biased Cognition","Thunder Strike"],"picked":"Echo Form","floor":16},{"not_picked":["Doom and Gloom","Coolheaded"],"picked":"Turbo","floor":18}],"player_experience":3626785,"relics_obtained":[{"floor":7,"key":"Tiny Chest"},{"floor":9,"key":"Omamori"}],"event_choices":[{"damage_healed":0,"gold_gain":0,"player_choice":"Ignored","damage_taken":0,"max_hp_gain":0,"max_hp_loss":0,"event_name":"Liars Game","floor":5,"gold_loss":0},{"cards_removed":["Strike_B"],"damage_healed":0,"gold_gain":0,"player_choice":"Card Removal","damage_taken":7,"max_hp_gain":0,"max_hp_loss":0,"event_name":"Golden Wing","floor":8,"gold_loss":0},{"damage_healed":17,"gold_gain":0,"player_choice":"Full Heal","damage_taken":0,"max_hp_gain":0,"max_hp_loss":0,"event_name":"Wheel of Change","floor":12,"gold_loss":0}],"is_beta":false,"boss_relics":[{"not_picked":["Lizard Tail","Runic Dome"],"picked":"Pandora\u0027s Box"}],"items_purged_floors":[],"is_endless":false,"potions_floor_spawned":[3,14,16],"killed_by":"Shell Parasite","ascension_level":20}