{"gold_per_floor":[209,224,224,32,32,32,65,140,140,140,140,166,166,183,183,183],"floor_reached":16,"playtime":675,"items_purged":[],"score":201,"play_id":"5e735128-95c0-440b-a0f6-958d60220974","local_time":"20190409102740","is_ascension_mode":true,"campfire_choices":[{"data":"Sweeping Beam","floor":6,"key":"SMITH"},{"floor":11,"key":"REST"},{"floor":15,"key":"REST"}],"neow_cost":"NONE","seed_source_timestamp":378775497154780,"circlet_count":0,"master_deck":["AscendersBane","Strike_B","Strike_B","Strike_B","Defend_B","Defend_B","Defend_B","Defend_B","Zap","Dualcast","Rip and Tear","Sweeping Beam+1","Gash","Static Discharge","Fusion","Cold Snap","Gash"],"relics":["Cracked Core","Juzu Bracelet","Boot","Gambling Chip","Shuriken"],"potions_floor_usage":[16],"damage_taken":[{"damage":1,"enemies":"Small Slimes","floor":1,"turns":4},{"damage":1,"enemies":"Cultist","floor":2,"turns":3},{"damage":13,"enemies":"Gremlin Nob","floor":7,"turns":3},{"damage":30,"enemies":"3 Sentries","floor":12,"turns":5},{"damage":6,"enemies":"2 Louse","floor":14,"turns":2},{"damage":35,"enemies":"The Guardian","floor":16,"turns":9}],"seed_played":"-2373894091150627416","potions_obtained":[{"floor":1,"key":"EssenceOfSteel"}],"is_trial":false,"path_per_floor":["M","M","?","$","?","R","E","?","T","?","R","E","?","M","R","B"],"character_chosen":"DEFECT","items_purchased":["Gash","Juzu Bracelet"],"campfire_rested":2,"item_purchase_floors":[4,4],"current_hp_per_floor":[63,62,52,52,52,52,39,28,28,28,49,19,19,13,34,0],"gold":183,"neow_bonus":"HUNDRED_GOLD","is_prod":false,"is_daily":false,"chose_seed":false,"campfire_upgraded":1,"win_rate":0,"timestamp":1554820060,"path_taken":["M","M","?","$","?","R","E","?","T","?","R","E","?","M","R","BOSS"],"build_version":"2019-01-23","purchased_purges":0,"victory":false,"max_hp_per_floor":[71,71,71,71,71,71,71,71,71,71,71,71,71,71,71,71],"card_choices":[{"not_picked":["White Noise","Beam Cell"],"picked":"Rip and Tear","floor":1},{"not_picked":["Redo","Conserve Battery"],"picked":"Sweeping Beam","floor":2},{"not_picked":["Stack","Turbo"],"picked":"Static Discharge","floor":7},{"not_picked":["Recycle","Blizzard"],"picked":"Cold Snap","floor":12},{"not_picked":["Hologram","Reprogram"],"picked":"Gash","floor":14}],"player_experience":3315925,"relics_obtained":[{"floor":7,"key":"Boot"},{"floor":9,"key":"Gambling Chip"},{"floor":12,"key":"Shuriken"}],"event_choices":[{"damage_healed":0,"gold_gain":0,"player_choice":"Damaged","damage_taken":10,"max_hp_gain":0,"max_hp_loss":0,"event_name":"Wheel of Change","floor":3,"gold_loss":0},{"damage_healed":0,"gold_gain":0,"player_choice":"Ignored","damage_taken":0,"max_hp_gain":0,"max_hp_loss":0,"event_name":"Liars Game","floor":5,"gold_loss":0},{"damage_healed":0,"gold_gain":75,"player_choice":"Gather Gold","damage_taken":11,"max_hp_gain":0,"max_hp_loss":0,"event_name":"World of Goop","floor":8,"gold_loss":0},{"damage_healed":0,"gold_gain":0,"cards_transformed":["Strike_B"],"player_choice":"Change","damage_taken":0,"max_hp_gain":0,"max_hp_loss":0,"event_name":"Living Wall","floor":10,"gold_loss":0,"cards_obtained":["Fusion"]},{"damage_healed":0,"gold_gain":0,"player_choice":"Ignored","damage_taken":0,"max_hp_gain":0,"max_hp_loss":0,"event_name":"Golden Wing","floor":13,"gold_loss":0}],"is_beta":false,"boss_relics":[],"items_purged_floors":[],"is_endless":false,"potions_floor_spawned":[1],"killed_by":"The Guardian","ascension_level":18}