{"path_per_floor":["M","?","M","$","M","R","?","M","T","M","M","R","?","M","R","B",null,"M","M","$","?","?","E","M","M","T","$","?","M","R","M","R"],"character_chosen":"IRONCLAD","items_purchased":["Flex","Flash of Steel","Secret Technique","Madness","Flex","Feel No Pain","Purity"],"gold_per_floor":[115,115,125,5,18,18,193,210,210,222,235,235,235,255,255,353,353,363,376,71,71,71,106,124,142,196,29,29,45,45,63,63],"floor_reached":33,"campfire_rested":3,"playtime":4155,"current_hp_per_floor":[71,71,65,65,59,59,59,49,63,62,62,62,62,54,82,41,94,74,86,86,86,86,19,38,26,26,26,26,19,47,33,61],"items_purged":[],"gold":63,"play_id":"53502108-6d24-4d35-9205-bb7d19bf76cb","is_prod":false,"is_daily":false,"campfire_rituals":0,"campfire_upgraded":2,"is_hardmode":false,"path_taken":["M","?","M","$","M","R","?","M","T","M","M","R","?","M","R","BOSS","M","M","$","?","?","E","M","M","T","$","?","?","R","M","R","BOSS"],"build_version":"2018-01-11-PROD2","purchased_purges":0,"victory":false,"master_deck":["Strike_R","Strike_R","Strike_R","Strike_R","Strike_R","Defend_R","Defend_R","Defend_R","Bash","Battle Trance","Bludgeon","Flex","Flash of Steel","Dual Wield","Doubt","Anger","Iron Wave","Armaments","Reaper","Iron Wave","Anger","Secret Technique","Madness","Flex","Double Tap","Pommel Strike","Uppercut","Twin Strike","Feel No Pain","Purity","Swift Strike","Feed","Seeing Red","Intimidate","Cleave"],"max_hp_per_floor":[80,80,80,80,80,80,80,80,94,94,94,94,94,94,94,94,94,94,94,94,94,94,94,94,94,94,94,94,94,94,94,94],"relics":["Velvet Choker","Mango","Lizard Tail","Pantograph","Bronze Scales"],"campfire_meditates":0,"card_choices":[{"not_picked":["Flex","Twin Strike"],"picked":"Battle Trance"},{"not_picked":["Rage","Infernal Blade"],"picked":"Bludgeon"},{"not_picked":["Flex","Cleave"],"picked":"Dual Wield"},{"not_picked":["Pommel Strike","Blood for Blood"],"picked":"Anger"},{"not_picked":["Feed","Cleave"],"picked":"Iron Wave"},{"not_picked":["Inflame","True Grit"],"picked":"Armaments"},{"not_picked":["Demon Form","Brutality"],"picked":"Reaper"},{"not_picked":["Shrug It Off","Clothesline"],"picked":"Iron Wave"},{"not_picked":["Dual Wield","Body Slam"],"picked":"Anger"},{"not_picked":["Battle Trance","Pummel"],"picked":"Pommel Strike"},{"not_picked":["Perfected Strike","Metallicize"],"picked":"Uppercut"},{"not_picked":["Sword Boomerang","Anger"],"picked":"Twin Strike"},{"not_picked":["Shrug It Off","Clothesline"],"picked":"Intimidate"},{"not_picked":["Fiend Fire","Bloodletting"],"picked":"Cleave"}],"player_experience":3257,"potions_floor_usage":[23,25,25,33],"damage_taken":[{"damage":9.0,"enemies":"Small Slimes","floor":1.0,"turns":4.0},{"damage":6.0,"enemies":"Blue Slaver","floor":3.0,"turns":4.0},{"damage":6.0,"enemies":"Jaw Worm","floor":5.0,"turns":2.0},{"damage":10.0,"enemies":"Looter","floor":8.0,"turns":2.0},{"damage":1.0,"enemies":"Exordium Wildlife","floor":10.0,"turns":2.0},{"damage":0.0,"enemies":"3 Louse","floor":11.0,"turns":3.0},{"damage":8.0,"enemies":"Lots of Slimes","floor":14.0,"turns":2.0},{"damage":62.0,"enemies":"Hexaghost","floor":16.0,"turns":9.0},{"damage":26,"enemies":"2 Thieves","floor":18,"turns":4},{"damage":1,"enemies":"3 Byrds","floor":19,"turns":6},{"damage":67,"enemies":"Book of Stabbing","floor":23,"turns":6},{"damage":37,"enemies":"Centurion and Healer","floor":24,"turns":5},{"damage":25,"enemies":"3 Cultists","floor":25,"turns":5},{"damage":17,"enemies":"Snecko","floor":29,"turns":5},{"damage":22,"enemies":"Sentry and Sphere","floor":31,"turns":4},{"damage":102,"enemies":"Automaton","floor":33,"turns":6}],"event_choices":[{"event_name":"Purifier","player_choice":"One Purge","floor":2.0,"damage_taken":0.0},{"event_name":"Liars Game","player_choice":"agreed","floor":7.0,"damage_taken":0.0},{"event_name":"The Lab","player_choice":"Got Potions","floor":13.0,"damage_taken":0.0},{"event_name":"Back to Basics","player_choice":"Simplicity","floor":21,"damage_taken":0},{"event_name":"The Library","player_choice":"Read","floor":22,"damage_taken":0},{"event_name":"Match and Keep!","player_choice":"3 cards matched","floor":28,"damage_taken":0}],"boss_relics":[{"not_picked":["Philosopher\u0027s Stone","Eternal Feather"],"picked":"Lizard Tail"}],"potions_floor_spawned":[5,8,10,14,19,24,29],"seed_played":"4693381442035143228","killed_by":"Automaton","is_trial":false}