{"gold_per_floor":[117,137,12,31,31,57,57,74,126,126,145,180,180,130,130,230,230,249,116,131,131,150,150,163,133,159,159,187,198,198,210,210,308,308,328,346,19,33,52,52,100,100,124,124,143,163,263,263,263,263],"floor_reached":51,"playtime":17314,"items_purged":["Strike_B","Strike_B","Strike_B","Defend_B"],"score":654,"play_id":"4b641509-61c5-47b7-b09d-3c1e21944fc6","local_time":"20190627173858","is_ascension_mode":false,"campfire_choices":[{"data":"Zap","floor":7.0,"key":"SMITH"},{"data":"Dualcast","floor":10.0,"key":"SMITH"},{"data":"Streamline","floor":13.0,"key":"SMITH"},{"data":"Thunder Strike","floor":15.0,"key":"SMITH"},{"data":"Double Energy","floor":23.0,"key":"SMITH"},{"data":"Defragment","floor":27.0,"key":"SMITH"},{"data":"Seek","floor":30.0,"key":"SMITH"},{"data":"White Noise","floor":32.0,"key":"SMITH"},{"data":"Apotheosis","floor":40,"key":"SMITH"},{"data":"Seek","floor":42,"key":"SMITH"},{"data":"Storm","floor":44,"key":"SMITH"},{"data":"Static Discharge","floor":49,"key":"SMITH"}],"neow_cost":"NONE","seed_source_timestamp":0,"circlet_count":0,"master_deck":["Defend_B","Defend_B","Defend_B","Zap+1","Dualcast+1","Genetic Algorithm","BootSequence","Streamline+1","Double Energy+1","Ball Lightning","Storm+1","Melter","Thunder Strike+1","Seek+1","Defragment+1","Self Repair","Leap","Tempest","White Noise+1","Machine Learning","Seek+1","Apotheosis+1","Static Discharge+1"],"special_seed":0,"relics":["Cracked Core","Matryoshka","Orichalcum","Strawberry","Smiling Mask","Bottled Flame","Runic Pyramid","Centennial Puzzle","Bag of Marbles","Kunai","Busted Crown","Bird Faced Urn","Potion Belt","Thread and Needle"],"potions_floor_usage":[41,50,50],"damage_taken":[{"damage":0.0,"enemies":"2 Louse","floor":1.0,"turns":2.0},{"damage":6.0,"enemies":"Cultist","floor":2.0,"turns":3.0},{"damage":1.0,"enemies":"Jaw Worm","floor":4.0,"turns":2.0},{"damage":44.0,"enemies":"Gremlin Nob","floor":6.0,"turns":5.0},{"damage":0.0,"enemies":"2 Fungi Beasts","floor":8.0,"turns":3.0},{"damage":2.0,"enemies":"Large Slime","floor":11.0,"turns":5.0},{"damage":0.0,"enemies":"3 Sentries","floor":12.0,"turns":4.0},{"damage":14.0,"enemies":"The Guardian","floor":16.0,"turns":8.0},{"damage":0.0,"enemies":"Spheric Guardian","floor":18.0,"turns":2.0},{"damage":0.0,"enemies":"Shell Parasite","floor":20.0,"turns":4.0},{"damage":0.0,"enemies":"Snake Plant","floor":22.0,"turns":3.0},{"damage":8.0,"enemies":"Snecko","floor":24.0,"turns":6.0},{"damage":9.0,"enemies":"Gremlin Leader","floor":28.0,"turns":4.0},{"damage":0.0,"enemies":"Sentry and Sphere","floor":29.0,"turns":3.0},{"damage":2.0,"enemies":"3 Cultists","floor":31.0,"turns":3.0},{"damage":34.0,"enemies":"Collector","floor":33.0,"turns":5.0},{"damage":2.0,"enemies":"3 Darklings","floor":35.0,"turns":3.0},{"damage":0.0,"enemies":"3 Shapes","floor":36.0,"turns":3.0},{"damage":0.0,"enemies":"Maw","floor":38.0,"turns":5.0},{"damage":1,"enemies":"Sphere and 2 Shapes","floor":39,"turns":3},{"damage":29,"enemies":"2 Orb Walkers","floor":41,"turns":4},{"damage":6,"enemies":"Spire Growth","floor":45,"turns":3},{"damage":0,"enemies":"Transient","floor":46,"turns":5},{"damage":1,"enemies":"Mind Bloom Boss Battle","floor":47,"turns":4},{"damage":21,"enemies":"Time Eater","floor":50,"turns":4}],"seed_played":"-184243517115889541","potions_obtained":[{"floor":1.0,"key":"SteroidPotion"},{"floor":4.0,"key":"Block Potion"},{"floor":11.0,"key":"Explosive Potion"},{"floor":12.0,"key":"SpeedPotion"},{"floor":18.0,"key":"Weak Potion"},{"floor":24.0,"key":"LiquidBronze"},{"floor":25.0,"key":"Swift Potion"},{"floor":29.0,"key":"Strength Potion"},{"floor":33.0,"key":"FairyPotion"},{"floor":39,"key":"FocusPotion"},{"floor":41,"key":"SteroidPotion"},{"floor":46,"key":"Dexterity Potion"}],"is_trial":false,"path_per_floor":["M","M","$","M","?","E","R","M","T","R","M","E","R","$","R","B",null,"M","$","M","?","M","R","M","?","T","R","E","M","R","M","R","B",null,"M","M","$","M","M","R","?","R","T","R","M","M","?","?","R","B",null],"character_chosen":"DEFECT","items_purchased":["Streamline","Ball Lightning","Self Repair","Apotheosis","Static Discharge"],"campfire_rested":0,"item_purchase_floors":[3,19,19,37,37],"current_hp_per_floor":[82,76,76,75,68,24,24,24,31,31,29,29,29,29,29,15,89,89,89,89,89,89,89,88,88,88,88,86,86,86,89,89,62,89,87,89,89,89,88,88,66,66,66,66,82,89,89,89,89,87],"gold":263,"neow_bonus":"TEN_PERCENT_HP_BONUS","is_prod":false,"is_daily":false,"chose_seed":false,"campfire_upgraded":12,"win_rate":0.0,"timestamp":1561682338,"path_taken":["M","M","$","M","?","E","R","M","T","R","M","E","R","$","R","BOSS","M","$","M","?","M","R","?","?","T","R","E","M","R","M","R","BOSS","M","?","$","M","M","R","?","R","T","R","M","M","?","?","R","BOSS"],"build_version":"2019-01-23","purchased_purges":4,"victory":true,"max_hp_per_floor":[82,82,82,82,82,82,82,82,89,89,89,89,89,89,89,89,89,89,89,89,89,89,89,89,89,89,89,89,89,89,89,89,89,89,89,89,89,89,89,89,89,89,89,89,89,89,89,89,89,89],"card_choices":[{"not_picked":["Melter","Lockon"],"picked":"Genetic Algorithm","floor":1.0},{"not_picked":["Chaos","Steam Power"],"picked":"BootSequence","floor":2.0},{"not_picked":["Beam Cell","Cold Snap"],"picked":"Double Energy","floor":4.0},{"not_picked":["Melter","Loop"],"picked":"Ball Lightning","floor":6.0},{"not_picked":["Hologram","Beam Cell"],"picked":"Storm","floor":8.0},{"not_picked":["Compile Driver","Aggregate"],"picked":"Melter","floor":11.0},{"not_picked":["White Noise","Leap"],"picked":"Thunder Strike","floor":12.0},{"not_picked":["Multi-Cast","Reboot"],"picked":"Seek","floor":16.0},{"not_picked":["Compile Driver","Barrage+1"],"picked":"Defragment","floor":18.0},{"not_picked":["Cold Snap","Steam Power","Loop"],"picked":"SKIP","floor":20.0},{"not_picked":["Cold Snap","Steam Power","Loop"],"picked":"SKIP","floor":20.0},{"not_picked":["Steam","Steam Power+1"],"picked":"Leap","floor":22.0},{"not_picked":["Ball Lightning","Redo"],"picked":"Tempest","floor":24.0},{"not_picked":["Melter","Chaos"],"picked":"White Noise","floor":28.0},{"not_picked":["Tempest","Heatsinks"],"picked":"Machine Learning","floor":29.0},{"not_picked":["Stack+1","Tempest","Ball Lightning"],"picked":"SKIP","floor":31.0},{"not_picked":["Thunder Strike","Rainbow"],"picked":"Seek","floor":33.0},{"not_picked":["Doom and Gloom"],"picked":"SKIP","floor":35.0},{"not_picked":["Ball Lightning"],"picked":"SKIP","floor":36.0},{"not_picked":["Steam"],"picked":"SKIP","floor":38},{"not_picked":["Steam+1"],"picked":"SKIP","floor":39},{"not_picked":["Streamline+1"],"picked":"SKIP","floor":45},{"not_picked":["Conserve Battery"],"picked":"SKIP","floor":46}],"player_experience":50299,"relics_obtained":[{"floor":6.0,"key":"Orichalcum"},{"floor":9.0,"key":"Strawberry"},{"floor":9.0,"key":"Smiling Mask"},{"floor":12.0,"key":"Bottled Flame"},{"floor":26.0,"key":"Centennial Puzzle"},{"floor":26.0,"key":"Bag of Marbles"},{"floor":28.0,"key":"Kunai"},{"floor":41,"key":"Bird Faced Urn"},{"floor":43,"key":"Potion Belt"},{"floor":47,"key":"Thread and Needle"}],"event_choices":[{"damage_healed":0.0,"max_hp_gain":0.0,"max_hp_loss":0.0,"gold_gain":0.0,"event_name":"Scrap Ooze","player_choice":"Success","floor":5.0,"gold_loss":0.0,"damage_taken":7.0,"relics_obtained":["Matryoshka"]},{"cards_removed":["Strike_B"],"damage_healed":0.0,"max_hp_gain":0.0,"max_hp_loss":0.0,"gold_gain":0.0,"event_name":"Purifier","player_choice":"Purged","floor":21.0,"gold_loss":0.0,"damage_taken":0.0},{"damage_healed":0.0,"max_hp_gain":0.0,"max_hp_loss":0.0,"gold_gain":0.0,"event_name":"The Woman in Blue","player_choice":"Bought 2 Potions","floor":25.0,"gold_loss":0.0,"damage_taken":0.0},{"damage_healed":0,"gold_gain":0,"player_choice":"Fight","damage_taken":0,"max_hp_gain":0,"max_hp_loss":0,"event_name":"Mysterious Sphere","floor":41,"gold_loss":0},{"damage_healed":0,"gold_gain":0,"player_choice":"Fight","damage_taken":0,"max_hp_gain":0,"max_hp_loss":0,"event_name":"MindBloom","floor":47,"gold_loss":0},{"cards_removed":["Ball Lightning"],"damage_healed":0,"gold_gain":0,"player_choice":"Removed Attack","damage_taken":0,"max_hp_gain":0,"max_hp_loss":0,"event_name":"Falling","floor":48,"gold_loss":0}],"is_beta":false,"boss_relics":[{"not_picked":["White Beast Statue","Orrery"],"picked":"Runic Pyramid"},{"not_picked":["Inserter","Eternal Feather"],"picked":"Busted Crown"}],"items_purged_floors":[3,14,19,37],"is_endless":false,"potions_floor_spawned":[1,4,11,12,18,24,29,33,39,41,46],"ascension_level":0}