{"gold_per_floor":[109,10,27,202,35,35,66,66,66,99,118,118,118,133,133,232,232,216,234,245,15,32,32,32,32,32,32,58,58,77,92,92,196,196,207,223,323,323,323],"floor_reached":39,"playtime":2562,"items_purged":["Strike_R"],"score":568,"play_id":"431ebf24-ad92-4570-9c2e-512a32da912e","local_time":"20181129155138","is_ascension_mode":true,"campfire_choices":[{"data":"True Grit","floor":6,"key":"SMITH"},{"data":"Body Slam","floor":12,"key":"SMITH"},{"data":"Cleave","floor":15,"key":"SMITH"},{"data":"Discovery","floor":23,"key":"SMITH"},{"floor":25,"key":"REST"},{"data":"Spot Weakness","floor":32,"key":"SMITH"}],"neow_cost":"NONE","seed_source_timestamp":1356855251437517,"circlet_count":0,"master_deck":["Strike_R","Strike_R","Strike_R","Defend_R","Defend_R","Defend_R","Defend_R","Bash","Shrug It Off","Rampage","Cleave+1","Body Slam+1","Feel No Pain","True Grit+1","Battle Trance","Sentinel","Sever Soul","Disarm","Shrug It Off","Fiend Fire","Armaments","Iron Wave+1","Inflame","Discovery+1","Disarm","Shame","Evolve+1","Body Slam+1","Spot Weakness+1","Barricade","Infernal Blade+1","Havoc+1","Disarm","Rage+1","Body Slam","Shrug It Off+1","Entrench+1","Trip"],"relics":["Burning Blood","NeowsBlessing","Bag of Marbles","Blue Candle","Sundial","Philosopher\u0027s Stone","Meat on the Bone","Darkstone Periapt","Bag of Preparation","Orrery","Shovel"],"potions_floor_usage":[16,16,16,20,28,28,39],"damage_taken":[{"damage":0,"enemies":"Jaw Worm","floor":1,"turns":1},{"damage":0,"enemies":"2 Louse","floor":3,"turns":1},{"damage":0,"enemies":"3 Sentries","floor":7,"turns":2},{"damage":17,"enemies":"Lagavulin","floor":10,"turns":8},{"damage":1,"enemies":"Cultist","floor":11,"turns":3},{"damage":0,"enemies":"Blue Slaver","floor":14,"turns":4},{"damage":39,"enemies":"Slime Boss","floor":16,"turns":9},{"damage":8,"enemies":"2 Thieves","floor":18,"turns":4},{"damage":8,"enemies":"Shell Parasite","floor":19,"turns":7},{"damage":7,"enemies":"Snecko","floor":20,"turns":5},{"damage":36,"enemies":"Chosen and Byrds","floor":22,"turns":8},{"damage":36,"enemies":"Book of Stabbing","floor":28,"turns":7},{"damage":0,"enemies":"Snake Plant","floor":30,"turns":1},{"damage":7,"enemies":"Snecko","floor":31,"turns":5},{"damage":32,"enemies":"Champ","floor":33,"turns":12},{"damage":38,"enemies":"3 Darklings","floor":35,"turns":7},{"damage":8,"enemies":"Orb Walker","floor":36,"turns":5},{"damage":23,"enemies":"Mind Bloom Boss Battle","floor":37,"turns":7},{"damage":76,"enemies":"Transient","floor":39,"turns":3}],"seed_played":"3713783631402477564","potions_obtained":[{"floor":7,"key":"LiquidBronze"},{"floor":10,"key":"Fruit Juice"},{"floor":14,"key":"Weak Potion"},{"floor":16,"key":"Ancient Potion"},{"floor":20,"key":"SpeedPotion"},{"floor":22,"key":"EssenceOfSteel"},{"floor":36,"key":"FairyPotion"},{"floor":37,"key":"SpeedPotion"}],"is_trial":false,"path_per_floor":["M","$","M","?","$","R","E","?","T","E","M","R","?","M","R","B",null,"M","M","M","$","M","R","?","R","T","?","E","?","M","M","R","B",null,"M","M","?","?","M"],"character_chosen":"IRONCLAD","items_purchased":["Rampage","Cleave","Feel No Pain","True Grit","Battle Trance","Inflame","Discovery"],"campfire_rested":1,"item_purchase_floors":[2,2,5,5,5,21,21],"current_hp_per_floor":[80,80,80,80,80,80,80,73,73,62,67,67,67,73,73,45,75,73,71,70,70,40,40,40,65,65,71,53,53,59,58,58,44,79,59,57,52,52,0],"gold":323,"neow_bonus":"THREE_ENEMY_KILL","is_prod":false,"is_daily":false,"chose_seed":false,"campfire_upgraded":5,"win_rate":0,"timestamp":1543524698,"path_taken":["M","$","M","?","$","R","E","?","T","E","M","R","?","M","R","BOSS","M","M","M","$","?","R","?","R","T","?","E","?","?","M","R","BOSS","M","M","?","?","?"],"build_version":"2018-11-15","purchased_purges":1,"victory":false,"max_hp_per_floor":[80,80,80,80,80,80,80,80,80,80,80,80,80,80,80,85,85,85,85,85,85,85,85,85,85,85,91,91,91,91,91,91,91,91,91,91,91,91,91],"card_choices":[{"not_picked":["Havoc","Body Slam"],"picked":"Shrug It Off","floor":1},{"not_picked":["Wild Strike","Reckless Charge"],"picked":"Body Slam","floor":3},{"not_picked":["Sever Soul","Anger"],"picked":"Sentinel","floor":7},{"not_picked":["Pummel","Perfected Strike"],"picked":"Sever Soul","floor":10},{"not_picked":["Battle Trance","Carnage"],"picked":"Disarm","floor":11},{"not_picked":["Warcry","Bloodletting"],"picked":"Shrug It Off","floor":14},{"not_picked":["Limit Break","Immolate"],"picked":"Fiend Fire","floor":16},{"not_picked":["Thunderclap","Wild Strike"],"picked":"Armaments","floor":18},{"not_picked":["Bloodletting","Armaments+1"],"picked":"Iron Wave+1","floor":19},{"not_picked":["Hemokinesis","Clash","Iron Wave+1"],"picked":"SKIP","floor":20},{"not_picked":["Reckless Charge","Perfected Strike+1"],"picked":"Disarm","floor":22},{"not_picked":["Fiend Fire","Rage"],"picked":"Evolve+1","floor":28},{"not_picked":["Flex+1","Thunderclap+1"],"picked":"Spot Weakness","floor":30},{"not_picked":["Cleave+1","Blood for Blood","Sever Soul+1"],"picked":"SKIP","floor":31},{"not_picked":["Dark Embrace","Fiend Fire"],"picked":"Barricade","floor":33},{"not_picked":["Body Slam","Twin Strike"],"picked":"Infernal Blade+1","floor":34},{"not_picked":["Clash","Infernal Blade+1"],"picked":"Havoc+1","floor":34},{"not_picked":["Pummel","Evolve"],"picked":"Disarm","floor":34},{"not_picked":["Wild Strike","Havoc"],"picked":"Rage+1","floor":34},{"not_picked":["Armaments","Cleave"],"picked":"Body Slam","floor":34},{"not_picked":["Warcry+1","Iron Wave+1"],"picked":"Shrug It Off+1","floor":35},{"not_picked":["Rupture+1","Reaper"],"picked":"Entrench+1","floor":36},{"not_picked":["Mayhem","Panacea"],"picked":"Trip","floor":38}],"player_experience":2561887,"relics_obtained":[{"floor":7,"key":"Bag of Marbles"},{"floor":9,"key":"Blue Candle"},{"floor":10,"key":"Sundial"},{"floor":26,"key":"Meat on the Bone"},{"floor":28,"key":"Bag of Preparation"},{"floor":37,"key":"Shovel"}],"event_choices":[{"damage_healed":0,"gold_gain":175,"player_choice":"AGREE","damage_taken":0,"max_hp_gain":0,"max_hp_loss":0,"event_name":"Liars Game","floor":4,"gold_loss":0,"cards_obtained":["Doubt"]},{"cards_removed":["Doubt"],"damage_healed":0,"gold_gain":0,"player_choice":"Card Removal","damage_taken":7,"max_hp_gain":0,"max_hp_loss":0,"event_name":"Golden Wing","floor":8,"gold_loss":0},{"cards_removed":["Strike_R"],"damage_healed":0,"gold_gain":0,"player_choice":"Offered Basic","damage_taken":0,"max_hp_gain":0,"max_hp_loss":0,"event_name":"Bonfire Elementals","floor":13,"gold_loss":0},{"damage_healed":0,"gold_gain":0,"player_choice":"Ignored","damage_taken":0,"max_hp_gain":0,"max_hp_loss":0,"event_name":"Beggar","floor":24,"gold_loss":0},{"damage_healed":0,"gold_gain":0,"player_choice":"Stole Relic","damage_taken":0,"relics_obtained":["Darkstone Periapt"],"max_hp_gain":0,"max_hp_loss":0,"event_name":"Addict","floor":27,"gold_loss":0,"cards_obtained":["Shame"]},{"damage_healed":0,"gold_gain":0,"player_choice":"Copied","damage_taken":0,"max_hp_gain":0,"max_hp_loss":0,"event_name":"Duplicator","floor":29,"gold_loss":0,"cards_obtained":["Body Slam"]},{"damage_healed":0,"gold_gain":0,"player_choice":"Fight","damage_taken":0,"max_hp_gain":0,"max_hp_loss":0,"event_name":"MindBloom","floor":37,"gold_loss":0},{"damage_healed":0,"gold_gain":0,"player_choice":"Memory 1","damage_taken":0,"max_hp_gain":0,"max_hp_loss":0,"event_name":"SensoryStone","floor":38,"gold_loss":0}],"is_beta":false,"boss_relics":[{"not_picked":["Black Blood","Ectoplasm"],"picked":"Philosopher\u0027s Stone"},{"not_picked":["White Beast Statue","Runic Cube"],"picked":"Orrery"}],"items_purged_floors":[21],"is_endless":false,"potions_floor_spawned":[7,10,14,16,20,22,36,37],"killed_by":"Transient","ascension_level":5}