{"gold_per_floor":[114,114,30,45,60,90,90,120,120,120,22,22,52,67,67,167,167,182,197,212,12,27,27,42,72,72,72,102,114,126,153,165,277,289,316,343,355,3,18,48,63,93,93,123,138,153,153,153,153,153],"floor_reached":51,"playtime":4758,"items_purged":["Normality"],"score":972,"play_id":"916ea7d9-d541-434d-91f5-b0568a29175d","local_time":"20190223164010","daily_mods":["Cursed Run","Vintage","Lethality"],"is_ascension_mode":false,"campfire_choices":[{"data":"Noxious Fumes","floor":7,"key":"SMITH"},{"data":"Neutralize","floor":10,"key":"SMITH"},{"data":"Dash","floor":15,"key":"SMITH"},{"data":"Backflip","floor":23,"key":"SMITH"},{"data":"Survivor","floor":27,"key":"SMITH"},{"data":"Burst","floor":29,"key":"SMITH"},{"data":"Poisoned Stab","floor":32,"key":"SMITH"},{"floor":47,"key":"REST"},{"floor":49,"key":"REST"}],"neow_cost":"","seed_source_timestamp":0,"circlet_count":0,"master_deck":["Defend_G","Defend_G","Defend_G+1","Defend_G","Defend_G+1","Strike_G","Strike_G","Strike_G+1","Strike_G","Survivor+1","Neutralize+1","Noxious Fumes+1","Deadly Poison","Poisoned Stab+1","Backflip+1","Dash+1","Corpse Explosion","Prepared","Burst+1","Die Die Die+1","Dramatic Entrance","Calculated Gamble+1","PiercingWail+1","Deflect+1","Deflect+1","Deflect+1"],"special_seed":17950,"relics":["Cursed Key","Darkstone Periapt","Du-Vu Doll","FossilizedHelix","Orichalcum","Shuriken","Regal Pillow","Smiling Mask","Kunai","Torii","Boot","Velvet Choker","Pen Nib","Dream Catcher","Thread and Needle","TwistedFunnel","Ancient Tea Set","Gremlin Horn","Dead Branch","MawBank","Incense Burner","Empty Cage","Toxic Egg 2","PreservedInsect","Potion Belt","Whetstone","Bag of Marbles","Letter Opener","War Paint","Omamori","Singing Bowl","The Courier","Anchor"],"potions_floor_usage":[13,19,20,22,22,41,42,50,50,50,50,50],"damage_taken":[{"damage":0,"enemies":"Jaw Worm","floor":1,"turns":3},{"damage":0,"enemies":"2 Louse","floor":4,"turns":2},{"damage":0,"enemies":"Cultist","floor":5,"turns":3},{"damage":11,"enemies":"Lagavulin","floor":6,"turns":6},{"damage":13,"enemies":"3 Sentries","floor":8,"turns":6},{"damage":0,"enemies":"Lagavulin","floor":13,"turns":5},{"damage":0,"enemies":"Blue Slaver","floor":14,"turns":3},{"damage":13,"enemies":"Hexaghost","floor":16,"turns":8},{"damage":0,"enemies":"Spheric Guardian","floor":18,"turns":3},{"damage":0,"enemies":"2 Thieves","floor":19,"turns":4},{"damage":0,"enemies":"Snecko","floor":20,"turns":5},{"damage":13,"enemies":"Sentry and Sphere","floor":22,"turns":4},{"damage":0,"enemies":"Chosen and Byrds","floor":24,"turns":4},{"damage":0,"enemies":"Gremlin Leader","floor":25,"turns":5},{"damage":14,"enemies":"Book of Stabbing","floor":28,"turns":4},{"damage":0,"enemies":"Snake Plant","floor":31,"turns":3},{"damage":0,"enemies":"Automaton","floor":33,"turns":8},{"damage":0,"enemies":"Orb Walker","floor":35,"turns":3},{"damage":0,"enemies":"3 Shapes","floor":36,"turns":4},{"damage":13,"enemies":"Jaw Worm Horde","floor":39,"turns":2},{"damage":17,"enemies":"Giant Head","floor":40,"turns":7},{"damage":1,"enemies":"Maw","floor":41,"turns":6},{"damage":24,"enemies":"Nemesis","floor":42,"turns":5},{"damage":0,"enemies":"Giant Head","floor":44,"turns":7},{"damage":0,"enemies":"Spire Growth","floor":45,"turns":4},{"damage":0,"enemies":"Jaw Worm Horde","floor":46,"turns":1},{"damage":16,"enemies":"Donu and Deca","floor":50,"turns":5}],"seed_played":"7047609916602226335","potions_obtained":[{"floor":4,"key":"Weak Potion"},{"floor":8,"key":"GamblersBrew"},{"floor":12,"key":"GamblersBrew"},{"floor":12,"key":"Ancient Potion"},{"floor":16,"key":"GhostInAJar"},{"floor":20,"key":"SneckoOil"},{"floor":22,"key":"Poison Potion"},{"floor":31,"key":"LiquidBronze"},{"floor":33,"key":"SteroidPotion"},{"floor":36,"key":"PowerPotion"},{"floor":39,"key":"Weak Potion"},{"floor":41,"key":"PowerPotion"},{"floor":44,"key":"LiquidBronze"},{"floor":46,"key":"PowerPotion"}],"is_trial":false,"path_per_floor":["M","?","$","M","M","E","R","E","T","R","$","?","E","M","R","B",null,"M","M","M","$","M","R","M","E","T","R","E","R","?","M","R","B",null,"M","M","?","$","M","E","M","E","T","E","M","M","R","T","R","B",null],"character_chosen":"THE_SILENT","items_purchased":["Noxious Fumes","Deadly Poison","Backflip","TwistedFunnel","Dramatic Entrance","Potion Belt","Fire Potion","Calculated Gamble+1"],"campfire_rested":2,"item_purchase_floors":[3,3,11,21,38,38,38,38],"current_hp_per_floor":[70,70,70,70,70,59,59,46,52,52,52,52,52,52,52,45,82,82,82,82,82,69,69,69,69,69,69,55,55,55,55,55,61,88,88,88,88,88,75,58,57,33,33,33,33,33,74,74,90,74],"gold":153,"neow_bonus":"","is_prod":false,"is_daily":true,"chose_seed":false,"campfire_upgraded":7,"win_rate":0,"timestamp":1550958010,"path_taken":["M","?","$","M","M","E","R","E","T","R","$","?","E","M","R","BOSS","M","M","M","?","M","R","M","E","T","R","E","R","?","M","R","BOSS","M","M","?","$","M","E","M","E","T","E","M","M","R","?","R","BOSS"],"build_version":"2019-01-23","purchased_purges":1,"victory":true,"max_hp_per_floor":[70,70,70,70,70,70,70,70,76,76,76,76,76,76,76,82,82,82,82,82,82,82,82,82,82,82,82,82,82,82,82,82,88,88,88,88,88,88,88,88,88,88,88,88,88,88,88,88,90,90],"card_choices":[{"not_picked":["Expertise","Sucker Punch"],"picked":"Poisoned Stab","floor":6},{"not_picked":["All Out Attack","Distraction","Finisher"],"picked":"SKIP","floor":8},{"not_picked":["Slice","Skewer"],"picked":"Dash","floor":13},{"not_picked":["Envenom","Unload"],"picked":"Corpse Explosion","floor":16},{"not_picked":["Deflect","Poisoned Stab"],"picked":"Prepared","floor":25},{"not_picked":["Slice","Prepared+1"],"picked":"Burst","floor":28},{"not_picked":["Tools of the Trade","Burst"],"picked":"Die Die Die","floor":33},{"not_picked":["Deadly Poison+1","Adrenaline+1"],"picked":"PiercingWail+1","floor":40},{"not_picked":["Underhanded Strike+1","Dagger Throw"],"picked":"Deflect+1","floor":42},{"not_picked":["Dagger Spray+1","Caltrops"],"picked":"Deflect+1","floor":44},{"not_picked":["Sucker Punch","Eviscerate+1"],"picked":"Deflect+1","floor":47},{"not_picked":["Storm of Steel+1","Calculated Gamble+1","Slice+1"],"picked":"Singing Bowl","floor":49}],"player_experience":3055877,"relics_obtained":[{"floor":1,"key":"FossilizedHelix"},{"floor":4,"key":"Orichalcum"},{"floor":5,"key":"Shuriken"},{"floor":6,"key":"Regal Pillow"},{"floor":8,"key":"Smiling Mask"},{"floor":9,"key":"Kunai"},{"floor":13,"key":"Torii"},{"floor":14,"key":"Boot"},{"floor":18,"key":"Pen Nib"},{"floor":19,"key":"Dream Catcher"},{"floor":20,"key":"Thread and Needle"},{"floor":22,"key":"Ancient Tea Set"},{"floor":24,"key":"Gremlin Horn"},{"floor":25,"key":"Dead Branch"},{"floor":28,"key":"MawBank"},{"floor":31,"key":"Incense Burner"},{"floor":35,"key":"Toxic Egg 2"},{"floor":36,"key":"PreservedInsect"},{"floor":39,"key":"Whetstone"},{"floor":40,"key":"Bag of Marbles"},{"floor":41,"key":"Letter Opener"},{"floor":42,"key":"War Paint"},{"floor":44,"key":"Omamori"},{"floor":45,"key":"Singing Bowl"},{"floor":46,"key":"The Courier"},{"floor":48,"key":"Anchor"}],"event_choices":[{"damage_healed":0,"gold_gain":0,"player_choice":"Ignored","damage_taken":0,"max_hp_gain":0,"max_hp_loss":0,"event_name":"Shining Light","floor":2,"gold_loss":0},{"damage_healed":0,"gold_gain":0,"player_choice":"Got Potions","damage_taken":0,"max_hp_gain":0,"max_hp_loss":0,"event_name":"Lab","floor":12,"gold_loss":0},{"cards_removed":["Injury"],"damage_healed":0,"gold_gain":0,"player_choice":"Purged","damage_taken":0,"max_hp_gain":0,"max_hp_loss":0,"event_name":"Purifier","floor":30,"gold_loss":0},{"damage_healed":0,"gold_gain":0,"player_choice":"Ignored","damage_taken":0,"max_hp_gain":0,"max_hp_loss":0,"event_name":"Tomb of Lord Red Mask","floor":37,"gold_loss":0}],"is_beta":false,"boss_relics":[{"not_picked":["Fusion Hammer","Orrery"],"picked":"Velvet Choker"},{"not_picked":["Busted Crown","Lizard Tail"],"picked":"Empty Cage"}],"items_purged_floors":[11],"is_endless":false,"potions_floor_spawned":[4,8,16,20,22,31,33,36,39,41,44,46],"ascension_level":0}