{"gold_per_floor":[109,125,23,41,53,88,88,88,114,114,114,180,180,230,230,355,355,349,369,382,357,407,407,431,454,477,477,491,491],"floor_reached":29,"playtime":1509,"items_purged":[],"score":272,"play_id":"81e78af0-ddb8-464f-a692-7af8a2d1f3bb","local_time":"20181201113244","is_ascension_mode":true,"campfire_choices":[{"floor":7,"key":"REST"},{"data":"Defragment","floor":11,"key":"SMITH"},{"data":"Stack","floor":13,"key":"SMITH"},{"data":"Capacitor","floor":15,"key":"SMITH"},{"floor":23,"key":"REST"},{"floor":27,"key":"REST"}],"neow_cost":"NONE","seed_source_timestamp":1515176341611258,"circlet_count":0,"master_deck":["Strike_B","Strike_B+1","Strike_B","Strike_B+1","Defend_B","Defend_B","Defend_B","Defend_B","Zap","Dualcast+1","Streamline","Coolheaded","Tempest+1","Capacitor+1","Hologram","Stack+1","Defragment+1","Auto Shields","Redo","Electrodynamics","Doom and Gloom","Compile Driver+1","Loop","Writhe","Stack","Redo+1"],"relics":["Cracked Core","War Paint","Orichalcum","SsserpentHead","Golden Idol","Nuclear Battery","Potion Belt","Whetstone"],"potions_floor_usage":[16,16,25,25,29,29],"damage_taken":[{"damage":2,"enemies":"2 Louse","floor":1,"turns":2},{"damage":7,"enemies":"Jaw Worm","floor":2,"turns":3},{"damage":1,"enemies":"Cultist","floor":4,"turns":3},{"damage":6,"enemies":"Looter","floor":5,"turns":4},{"damage":41,"enemies":"Lagavulin","floor":6,"turns":10},{"damage":2,"enemies":"2 Fungi Beasts","floor":12,"turns":4},{"damage":15,"enemies":"Hexaghost","floor":16,"turns":13},{"damage":19,"enemies":"2 Thieves","floor":18,"turns":4},{"damage":16,"enemies":"Shell Parasite","floor":19,"turns":6},{"damage":16,"enemies":"3 Cultists","floor":20,"turns":4},{"damage":6,"enemies":"Cultist and Chosen","floor":24,"turns":6},{"damage":18,"enemies":"Snake Plant","floor":25,"turns":2},{"damage":14,"enemies":"Sentry and Sphere","floor":28,"turns":4},{"damage":18,"enemies":"Book of Stabbing","floor":29,"turns":5}],"seed_played":"8833828276143333102","potions_obtained":[{"floor":1,"key":"FocusPotion"},{"floor":4,"key":"SpeedPotion"},{"floor":12,"key":"Weak Potion"},{"floor":20,"key":"LiquidBronze"},{"floor":25,"key":"SpeedPotion"},{"floor":28,"key":"EssenceOfSteel"}],"is_trial":false,"path_per_floor":["M","M","$","M","M","E","R","?","T","?","R","M","R","?","R","B",null,"M","M","M","?","?","R","M","M","T","R","M","E"],"character_chosen":"DEFECT","items_purchased":["Capacitor","Hologram"],"campfire_rested":3,"item_purchase_floors":[3,3],"current_hp_per_floor":[73,66,66,65,59,18,40,58,58,58,58,56,56,56,56,41,69,50,34,18,18,18,37,31,13,13,32,18,0],"gold":491,"neow_bonus":"THREE_CARDS","is_prod":false,"is_daily":false,"chose_seed":false,"campfire_upgraded":3,"win_rate":0,"timestamp":1543681964,"path_taken":["M","M","$","M","M","E","R","?","T","?","R","?","R","?","R","BOSS","M","M","M","?","?","R","M","M","T","R","M","E"],"build_version":"2018-11-15","purchased_purges":0,"victory":false,"max_hp_per_floor":[75,75,75,75,75,75,75,75,75,75,75,75,75,69,69,69,69,69,69,69,66,66,66,66,66,66,66,66,66],"card_choices":[{"not_picked":["Go for the Eyes","Barrage"],"picked":"Streamline","floor":0},{"not_picked":["Force Field","Steam"],"picked":"Coolheaded","floor":1},{"not_picked":["Barrage","Gash"],"picked":"Tempest","floor":2},{"not_picked":["Steam","Compile Driver"],"picked":"Stack","floor":4},{"not_picked":["Ball Lightning","Hologram"],"picked":"Defragment","floor":5},{"not_picked":["Compile Driver","Heatsinks"],"picked":"Auto Shields","floor":6},{"not_picked":["Turbo","Stack"],"picked":"Redo","floor":12},{"not_picked":["Hyperbeam","Machine Learning"],"picked":"Electrodynamics","floor":16},{"not_picked":["Hologram","FTL"],"picked":"Doom and Gloom","floor":18},{"not_picked":["Go for the Eyes","Coolheaded"],"picked":"Compile Driver+1","floor":19},{"not_picked":["Hello World","Steam Power"],"picked":"Loop","floor":20},{"not_picked":["Sweeping Beam","Heatsinks+1"],"picked":"Stack","floor":24},{"not_picked":["Reinforced Body","Conserve Battery"],"picked":"Redo+1","floor":25},{"not_picked":["Meteor Strike","Rebound","Barrage"],"picked":"SKIP","floor":28}],"player_experience":2595520,"relics_obtained":[{"floor":6,"key":"War Paint"},{"floor":9,"key":"Orichalcum"},{"floor":26,"key":"Whetstone"}],"event_choices":[{"damage_healed":18,"gold_gain":0,"player_choice":"Healed and dodged fight","damage_taken":0,"max_hp_gain":0,"max_hp_loss":0,"event_name":"Mushrooms","floor":8,"gold_loss":0,"cards_obtained":["Parasite"]},{"damage_healed":0,"gold_gain":0,"player_choice":"Trade","damage_taken":0,"relics_obtained":["SsserpentHead"],"max_hp_gain":0,"max_hp_loss":0,"event_name":"FaceTrader","floor":10,"gold_loss":0},{"damage_healed":0,"gold_gain":0,"player_choice":"Lose Max HP","damage_taken":0,"relics_obtained":["Golden Idol"],"max_hp_gain":0,"max_hp_loss":6,"event_name":"Golden Idol","floor":14,"gold_loss":0},{"cards_removed":["Parasite"],"damage_healed":0,"gold_gain":0,"player_choice":"Gave Gold","damage_taken":0,"max_hp_gain":0,"max_hp_loss":0,"event_name":"Beggar","floor":21,"gold_loss":75},{"damage_healed":0,"gold_gain":0,"player_choice":"Opened","damage_taken":0,"relics_obtained":["Potion Belt"],"max_hp_gain":0,"max_hp_loss":0,"event_name":"The Mausoleum","floor":22,"gold_loss":0,"cards_obtained":["Writhe"]}],"is_beta":false,"boss_relics":[{"not_picked":["Snecko Eye","Calling Bell"],"picked":"Nuclear Battery"}],"items_purged_floors":[],"is_endless":false,"potions_floor_spawned":[1,4,12,20,25,28],"killed_by":"Book of Stabbing","ascension_level":4}