{"gold_per_floor":[110,130,55,70,70,70,102,115,190,22,172,172],"floor_reached":12,"playtime":505,"items_purged":[],"score":156,"play_id":"85cb4360-7e6a-4387-ace5-1dede4a6c85d","local_time":"20190425094629","is_ascension_mode":true,"campfire_choices":[{"data":"Bash","floor":6,"key":"SMITH"}],"neow_cost":"NONE","seed_source_timestamp":1348323357123653,"circlet_count":0,"master_deck":["AscendersBane","Strike_R","Strike_R","Strike_R","Defend_R","Defend_R","Defend_R","Defend_R","Bash+1","Twin Strike","Clothesline","Shrug It Off","Ghostly Armor","Madness","Evolve","Doubt"],"relics":["Burning Blood","Happy Flower","Magic Flower","Dodecahedron"],"potions_floor_usage":[7,8],"damage_taken":[{"damage":4,"enemies":"2 Louse","floor":1,"turns":4},{"damage":9,"enemies":"Jaw Worm","floor":2,"turns":3},{"damage":1,"enemies":"Cultist","floor":4,"turns":3},{"damage":37,"enemies":"3 Sentries","floor":7,"turns":9},{"damage":24,"enemies":"Exordium Thugs","floor":8,"turns":5},{"damage":28,"enemies":"Large Slime","floor":12,"turns":6}],"seed_played":"3163561396670239338","potions_obtained":[{"floor":2,"key":"Explosive Potion"},{"floor":8,"key":"Fruit Juice"}],"is_trial":false,"path_per_floor":["M","M","?","M","?","R","E","M","T","$","?","M"],"character_chosen":"IRONCLAD","items_purchased":["Madness","Evolve"],"campfire_rested":0,"item_purchase_floors":[10,10],"current_hp_per_floor":[70,67,67,72,65,65,34,24,24,24,24,0],"gold":172,"neow_bonus":"RANDOM_COMMON_RELIC","is_prod":false,"is_daily":false,"chose_seed":false,"campfire_upgraded":1,"win_rate":0,"timestamp":1556199989,"path_taken":["M","M","?","M","?","R","E","M","T","$","?","?"],"build_version":"2019-01-23","purchased_purges":0,"victory":false,"max_hp_per_floor":[75,75,75,75,75,75,75,80,80,80,80,80],"card_choices":[{"not_picked":["Cleave","Havoc"],"picked":"Twin Strike","floor":1},{"not_picked":["Shrug It Off","Heavy Blade"],"picked":"Clothesline","floor":2},{"not_picked":["Power Through","Perfected Strike"],"picked":"Shrug It Off","floor":4},{"not_picked":["Flex","Brutality"],"picked":"Ghostly Armor","floor":7},{"not_picked":["Flex","Pommel Strike","Wild Strike"],"picked":"SKIP","floor":8}],"player_experience":3495416,"relics_obtained":[{"floor":7,"key":"Magic Flower"},{"floor":9,"key":"Dodecahedron"}],"event_choices":[{"cards_removed":["Strike_R"],"damage_healed":0,"gold_gain":0,"player_choice":"Card Removal","damage_taken":0,"max_hp_gain":0,"max_hp_loss":0,"event_name":"The Cleric","floor":3,"gold_loss":75},{"cards_removed":["Strike_R"],"damage_healed":0,"gold_gain":0,"player_choice":"Card Removal","damage_taken":7,"max_hp_gain":0,"max_hp_loss":0,"event_name":"Golden Wing","floor":5,"gold_loss":0},{"damage_healed":0,"gold_gain":150,"player_choice":"AGREE","damage_taken":0,"max_hp_gain":0,"max_hp_loss":0,"event_name":"Liars Game","floor":11,"gold_loss":0,"cards_obtained":["Doubt"]}],"is_beta":false,"boss_relics":[],"items_purged_floors":[],"is_endless":false,"potions_floor_spawned":[2,8],"killed_by":"Large Slime","ascension_level":20}