{"gold_per_floor":[112,112,112,130,148,148,184,203,228,240,252,189,235,263,275,386,398,431,57,73,73,73,73,98,98,122,122,122,122,37,54,54,128,128,146,146,146,164,164,198,198,210,287,287,23,323,41,41,41,41,41],"floor_reached":52,"playtime":4574,"items_purged":["Strike_B","Zap"],"score":1864,"play_id":"85a202a9-044e-4c4d-b902-566334f417c3","local_time":"20190510094711","is_ascension_mode":true,"campfire_choices":[{"floor":6,"key":"REST"},{"floor":10,"key":"REST"},{"floor":15,"key":"REST"},{"floor":23,"key":"REST"},{"floor":25,"key":"REST"},{"floor":32,"key":"REST"},{"floor":41,"key":"REST"},{"floor":44,"key":"RECALL"},{"floor":49,"key":"REST"}],"neow_cost":"NONE","seed_source_timestamp":2640285662675393,"circlet_count":0,"master_deck":["AscendersBane","Defend_B","Dualcast","Streamline+1","Capacitor","Steam Power","Consume","Glacier","Capacitor","Coolheaded","Doom and Gloom","Chill","RitualDagger","Reboot","Chill","Defragment","Coolheaded+1","Core Surge","Chaos+1","Machine Learning+1","Reboot+1","Barrage","Blind","Dark Shackles","Finesse","Cold Snap+1","Go for the Eyes+1","Conserve Battery","Turbo"],"relics":["Fusion Hammer","Bloody Idol","Smiling Mask","MawBank","Happy Flower","Inserter","Juzu Bracelet","Ancient Tea Set","Boot","Orichalcum","Astrolabe","Turnip","Kunai","Symbiotic Virus","Strawberry","DataDisk"],"potions_floor_usage":[7,16,16,33,38,42,50,50],"damage_taken":[{"damage":2,"enemies":"2 Louse","floor":1,"turns":3},{"damage":7,"enemies":"Jaw Worm","floor":4,"turns":3},{"damage":9,"enemies":"Small Slimes","floor":5,"turns":4},{"damage":15,"enemies":"3 Sentries","floor":7,"turns":8},{"damage":5,"enemies":"3 Louse","floor":8,"turns":3},{"damage":10,"enemies":"Lagavulin","floor":13,"turns":7},{"damage":16,"enemies":"Exordium Thugs","floor":14,"turns":6},{"damage":13,"enemies":"Hexaghost","floor":16,"turns":13},{"damage":12,"enemies":"3 Byrds","floor":18,"turns":7},{"damage":14,"enemies":"Spheric Guardian","floor":20,"turns":7},{"damage":8,"enemies":"Snake Plant","floor":31,"turns":7},{"damage":0,"enemies":"Champ","floor":33,"turns":16},{"damage":0,"enemies":"3 Shapes","floor":35,"turns":7},{"damage":3,"enemies":"Orb Walker","floor":38,"turns":5},{"damage":12,"enemies":"Nemesis","floor":40,"turns":9},{"damage":1,"enemies":"Spire Growth","floor":42,"turns":7},{"damage":2,"enemies":"Donu and Deca","floor":50,"turns":17},{"damage":30,"enemies":"Awakened One","floor":51,"turns":28}],"seed_played":"-4417665518951673442","potions_obtained":[{"floor":4,"key":"Swift Potion"},{"floor":5,"key":"Strength Potion"},{"floor":8,"key":"FocusPotion"},{"floor":31,"key":"Energy Potion"},{"floor":35,"key":"Block Potion"},{"floor":40,"key":"Energy Potion"},{"floor":42,"key":"Explosive Potion"}],"is_trial":false,"path_per_floor":["M","?","?","M","M","R","E","M","T","R","?","?","E","M","R","B",null,"M","$","M","?","?","R","T","R","T","?","?","?","?","M","R","B",null,"M","?","?","M","T","E","R","M","T","R","$","?","$","?","R","B","B",null],"character_chosen":"DEFECT","items_purchased":["Doom and Gloom","Juzu Bracelet","FocusPotion","Strawberry","Conserve Battery","DataDisk","LiquidBronze","Turbo"],"campfire_rested":8,"item_purchase_floors":[19,19,19,45,45,47,47,47],"current_hp_per_floor":[62,62,62,55,46,64,49,44,44,63,68,68,58,42,62,49,64,52,52,38,38,38,58,63,69,69,63,63,63,63,60,69,69,69,69,59,59,61,61,54,66,66,66,66,73,73,73,73,73,71,41],"gold":41,"neow_bonus":"BOSS_RELIC","is_prod":false,"is_daily":false,"chose_seed":false,"campfire_upgraded":0,"win_rate":0,"timestamp":1557496031,"path_taken":["M","?","?","?","M","R","E","M","T","R","?","?","E","M","R","BOSS","M","$","M","?","?","R","?","R","T","?","?","?","?","M","R","BOSS","M","?","?","M","?","E","R","M","T","R","$","?","?","?","R","BOSS","BOSS"],"build_version":"2019-01-23","purchased_purges":2,"victory":true,"max_hp_per_floor":[71,71,64,64,64,64,64,64,64,64,69,69,69,69,69,69,69,69,69,69,69,69,69,69,69,69,69,69,69,69,69,69,69,69,69,69,66,66,66,66,66,66,66,66,73,73,73,73,73,73,73],"card_choices":[{"not_picked":["Tempest","Go for the Eyes"],"picked":"Streamline","floor":1},{"not_picked":["Lockon","Stack"],"picked":"Capacitor","floor":4},{"not_picked":["Aggregate","Turbo"],"picked":"Steam Power","floor":5},{"not_picked":["Gash","Lockon"],"picked":"Consume","floor":7},{"not_picked":["Skim","Beam Cell"],"picked":"Glacier","floor":8},{"not_picked":["Scrape","Storm","Hello World"],"picked":"SKIP","floor":13},{"not_picked":["Consume","Go for the Eyes"],"picked":"Capacitor","floor":14},{"not_picked":["Fission","Rainbow"],"picked":"Meteor Strike","floor":16},{"not_picked":["Stack","Redo+1"],"picked":"Coolheaded","floor":18},{"not_picked":["Leap","Doom and Gloom+1"],"picked":"Chill","floor":20},{"not_picked":["Darkness","Sweeping Beam"],"picked":"Coolheaded+1","floor":31},{"not_picked":["Meteor Strike","Electrodynamics"],"picked":"Core Surge","floor":33},{"not_picked":["Steam","Darkness"],"picked":"Barrage","floor":35},{"not_picked":["Good Instincts","Discovery"],"picked":"Blind","floor":36},{"not_picked":["PanicButton","Panache"],"picked":"Dark Shackles","floor":36},{"not_picked":["Magnetism","HandOfGreed"],"picked":"Finesse","floor":36},{"not_picked":["Static Discharge","Blizzard+1","Consume"],"picked":"SKIP","floor":38},{"not_picked":["Barrage","Redo"],"picked":"Cold Snap+1","floor":40},{"not_picked":["Steam Power","Rebound"],"picked":"Go for the Eyes+1","floor":42}],"player_experience":3644506,"relics_obtained":[{"floor":7,"key":"Smiling Mask"},{"floor":9,"key":"MawBank"},{"floor":13,"key":"Happy Flower"},{"floor":24,"key":"Ancient Tea Set"},{"floor":26,"key":"Boot"},{"floor":39,"key":"Turnip"},{"floor":40,"key":"Kunai"},{"floor":43,"key":"Symbiotic Virus"}],"event_choices":[{"damage_healed":0,"gold_gain":0,"player_choice":"Grow","damage_taken":0,"max_hp_gain":0,"max_hp_loss":0,"event_name":"Living Wall","floor":2,"gold_loss":0,"cards_upgraded":["Streamline"]},{"damage_healed":0,"gold_gain":0,"player_choice":"Lose Max HP","damage_taken":0,"relics_obtained":["Golden Idol"],"max_hp_gain":0,"max_hp_loss":7,"event_name":"Golden Idol","floor":3,"gold_loss":0},{"damage_healed":0,"gold_gain":0,"player_choice":"Donut","damage_taken":0,"max_hp_gain":5,"max_hp_loss":0,"event_name":"Big Fish","floor":11,"gold_loss":0},{"cards_removed":["Strike_B"],"damage_healed":0,"gold_gain":0,"player_choice":"Card Removal","damage_taken":0,"max_hp_gain":0,"max_hp_loss":0,"event_name":"The Cleric","floor":12,"gold_loss":75},{"damage_healed":0,"gold_gain":0,"player_choice":"Gave Idol","damage_taken":0,"relics_obtained":["Bloody Idol"],"max_hp_gain":0,"max_hp_loss":0,"event_name":"Forgotten Altar","floor":21,"relics_lost":["Golden Idol"],"gold_loss":0},{"damage_healed":0,"gold_gain":0,"player_choice":"Ignored","damage_taken":0,"max_hp_gain":0,"max_hp_loss":0,"event_name":"Beggar","floor":22,"gold_loss":0},{"damage_healed":0,"gold_gain":0,"player_choice":"Joined the Cult","damage_taken":6,"max_hp_gain":0,"max_hp_loss":0,"event_name":"Nest","floor":27,"gold_loss":0,"cards_obtained":["RitualDagger"]},{"damage_healed":0,"gold_gain":0,"cards_transformed":["Strike_B","Strike_B"],"player_choice":"Became Test Subject","damage_taken":0,"max_hp_gain":0,"max_hp_loss":0,"event_name":"Drug Dealer","floor":28,"gold_loss":0,"cards_obtained":["Reboot","Chill"]},{"damage_healed":0,"gold_gain":0,"player_choice":"Read","damage_taken":0,"max_hp_gain":0,"max_hp_loss":0,"event_name":"The Library","floor":29,"gold_loss":0,"cards_obtained":["Defragment"]},{"damage_healed":0,"gold_gain":0,"player_choice":"Obtained Relic","damage_taken":0,"relics_obtained":["Orichalcum"],"max_hp_gain":0,"max_hp_loss":0,"event_name":"Addict","floor":30,"gold_loss":85},{"damage_healed":0,"gold_gain":0,"player_choice":"Memory 3","damage_taken":10,"max_hp_gain":0,"max_hp_loss":0,"event_name":"SensoryStone","floor":36,"gold_loss":0},{"damage_healed":0,"gold_gain":0,"player_choice":"Max HP","damage_taken":0,"max_hp_gain":0,"max_hp_loss":3,"event_name":"Winding Halls","floor":37,"gold_loss":0},{"damage_healed":0,"gold_gain":300,"player_choice":"Gold","damage_taken":0,"max_hp_gain":0,"max_hp_loss":0,"event_name":"Wheel of Change","floor":46,"gold_loss":0},{"cards_removed":["Meteor Strike"],"damage_healed":0,"gold_gain":0,"player_choice":"Removed Attack","damage_taken":0,"max_hp_gain":0,"max_hp_loss":0,"event_name":"Falling","floor":48,"gold_loss":0}],"is_beta":false,"boss_relics":[{"not_picked":["Nuclear Battery","Orrery"],"picked":"Inserter"},{"not_picked":["Coffee Dripper","Snecko Eye"],"picked":"Astrolabe"}],"items_purged_floors":[19,45],"is_endless":false,"potions_floor_spawned":[4,5,8,31,35,40,42],"ascension_level":20}