{"gold_per_floor":[360,9,29,49,60,60,80,110,184,184,109,128,128,145,145,219,219,219],"floor_reached":18,"playtime":1047,"items_purged":["Pain"],"score":320,"play_id":"0167f89b-e09b-4b77-b6b6-3b749db82d43","local_time":"20190412100651","is_ascension_mode":true,"campfire_choices":[{"data":"Chaos","floor":6,"key":"SMITH"},{"floor":10,"key":"REST"},{"data":"Defragment","floor":13,"key":"SMITH"},{"data":"Go for the Eyes","floor":15,"key":"SMITH"}],"neow_cost":"CURSE","seed_source_timestamp":225801055274845,"circlet_count":0,"master_deck":["AscendersBane","Strike_B","Strike_B","Strike_B","Defend_B","Defend_B","Defend_B","Defend_B","Zap","Dualcast","Steam","Sweeping Beam","Chaos+1","Self Repair","Reprogram","Core Surge","Go for the Eyes+1","Defragment+1","BootSequence","Creative AI"],"relics":["Cracked Core","Runic Capacitor","Blood Vial","Singing Bowl","Fusion Hammer"],"potions_floor_usage":[12,16],"damage_taken":[{"damage":3,"enemies":"Cultist","floor":1,"turns":3},{"damage":2,"enemies":"2 Louse","floor":3,"turns":3},{"damage":12,"enemies":"Jaw Worm","floor":4,"turns":4},{"damage":2,"enemies":"3 Louse","floor":5,"turns":5},{"damage":9,"enemies":"Looter","floor":7,"turns":3},{"damage":21,"enemies":"3 Sentries","floor":8,"turns":7},{"damage":5,"enemies":"2 Fungi Beasts","floor":12,"turns":3},{"damage":4,"enemies":"Large Slime","floor":14,"turns":7},{"damage":51,"enemies":"The Guardian","floor":16,"turns":7},{"damage":61,"enemies":"3 Byrds","floor":18,"turns":4}],"seed_played":"-4024190725872870324","potions_obtained":[{"floor":3,"key":"Poison Potion"},{"floor":5,"key":"SteroidPotion"},{"floor":12,"key":"LiquidBronze"},{"floor":14,"key":"FearPotion"},{"floor":16,"key":"Strength Potion"}],"is_trial":false,"path_per_floor":["M","$","M","M","M","R","M","E","T","R","?","M","R","M","R","B",null,"M"],"character_chosen":"DEFECT","items_purchased":["Runic Capacitor","Sweeping Beam"],"campfire_rested":1,"item_purchase_floors":[2,2],"current_hp_per_floor":[61,61,59,47,52,52,50,36,36,57,57,61,61,66,66,24,59,0],"gold":219,"neow_bonus":"TWO_FIFTY_GOLD","is_prod":false,"is_daily":false,"chose_seed":false,"campfire_upgraded":3,"win_rate":0,"timestamp":1555078011,"path_taken":["M","$","M","?","M","R","M","E","T","R","?","M","R","M","R","BOSS","M"],"build_version":"2019-01-23","purchased_purges":1,"victory":false,"max_hp_per_floor":[71,71,71,71,71,71,71,71,71,71,71,71,71,71,71,71,71,71],"card_choices":[{"not_picked":["Conserve Battery","Go for the Eyes"],"picked":"Steam","floor":1},{"not_picked":["Steam","Barrage"],"picked":"Chaos","floor":3},{"not_picked":["White Noise","Storm"],"picked":"Self Repair","floor":4},{"not_picked":["Recycle","Go for the Eyes"],"picked":"Reprogram","floor":5},{"not_picked":["Sweeping Beam","Barrage"],"picked":"Core Surge","floor":7},{"not_picked":["Force Field","Tempest"],"picked":"Go for the Eyes","floor":8},{"not_picked":["Gash","Sweeping Beam"],"picked":"Defragment","floor":12},{"not_picked":["Chaos","Redo"],"picked":"BootSequence","floor":14},{"not_picked":["Fission","All For One"],"picked":"Creative AI","floor":16}],"player_experience":3367383,"relics_obtained":[{"floor":8,"key":"Blood Vial"},{"floor":9,"key":"Singing Bowl"}],"event_choices":[{"cards_removed":["Strike_B"],"damage_healed":0,"gold_gain":0,"player_choice":"Card Removal","damage_taken":0,"max_hp_gain":0,"max_hp_loss":0,"event_name":"The Cleric","floor":11,"gold_loss":75}],"is_beta":false,"boss_relics":[{"not_picked":["White Beast Statue","Coffee Dripper"],"picked":"Fusion Hammer"}],"items_purged_floors":[2],"is_endless":false,"potions_floor_spawned":[3,5,12,14,16],"killed_by":"3 Byrds","ascension_level":19}