{"gold_per_floor":[113,130,6,6,23,23,58,68,68,95,95,111,111,111,111,208,208,221,234,234,204,222,222,222,222,275,275,275],"floor_reached":28,"playtime":1346,"items_purged":["Strike_B"],"score":249,"play_id":"c5bfa291-8e14-4441-9780-8626599fb145","local_time":"20181127174014","is_ascension_mode":true,"campfire_choices":[{"data":"Cold Snap","floor":6,"key":"SMITH"},{"data":"Doom and Gloom","floor":13,"key":"SMITH"},{"floor":15,"key":"REST"},{"floor":23,"key":"REST"},{"data":"Go for the Eyes","floor":25,"key":"SMITH"}],"neow_cost":"NONE","seed_source_timestamp":1191787584883069,"circlet_count":0,"master_deck":["Strike_B","Strike_B","Defend_B+1","Defend_B","Defend_B+1","Defend_B","Zap+1","Dualcast","Cold Snap+1","Conserve Battery","Barrage","Capacitor","Rebound","Chill","Doom and Gloom+1","Seek","Go for the Eyes+1","Capacitor"],"relics":["Cracked Core","Pen Nib","Juzu Bracelet","Gremlin Horn","War Paint","Nuclear Battery","Regal Pillow"],"potions_floor_usage":[10,10,16,22,22,22],"damage_taken":[{"damage":5,"enemies":"2 Louse","floor":1,"turns":2},{"damage":1,"enemies":"Cultist","floor":2,"turns":4},{"damage":0,"enemies":"Small Slimes","floor":5,"turns":3},{"damage":4,"enemies":"3 Sentries","floor":7,"turns":8},{"damage":0,"enemies":"Red Slaver","floor":8,"turns":3},{"damage":16,"enemies":"Gremlin Nob","floor":10,"turns":4},{"damage":9,"enemies":"Looter","floor":12,"turns":3},{"damage":11,"enemies":"Slime Boss","floor":16,"turns":8},{"damage":6,"enemies":"Shell Parasite","floor":18,"turns":5},{"damage":5,"enemies":"Chosen","floor":19,"turns":4},{"damage":32,"enemies":"Snecko","floor":22,"turns":6},{"damage":21,"enemies":"Colosseum Slavers","floor":27,"turns":4},{"damage":43,"enemies":"Slavers","floor":28,"turns":3}],"seed_played":"4098070906117512599","potions_obtained":[{"floor":5,"key":"Weak Potion"},{"floor":10,"key":"AttackPotion"},{"floor":19,"key":"Poison Potion"},{"floor":21,"key":"SkillPotion"},{"floor":21,"key":"SneckoOil"}],"is_trial":false,"path_per_floor":["M","M","$","?","M","R","E","M","T","E","?","M","R","?","R","B",null,"M","M","?","?","M","R","?","R","T","?","E"],"character_chosen":"DEFECT","items_purchased":["Poison Potion"],"campfire_rested":2,"item_purchase_floors":[3],"current_hp_per_floor":[70,69,69,69,69,69,65,65,65,49,49,40,40,40,62,51,75,69,64,64,64,32,54,54,54,54,33,0],"gold":275,"neow_bonus":"UPGRADE_CARD","is_prod":false,"is_daily":false,"chose_seed":false,"campfire_upgraded":3,"win_rate":0,"timestamp":1543358414,"path_taken":["M","M","$","?","M","R","E","?","T","E","?","M","R","?","R","BOSS","M","M","?","?","M","R","?","R","T","?","E"],"build_version":"2018-11-15","purchased_purges":1,"victory":false,"max_hp_per_floor":[75,75,75,75,75,75,75,75,75,75,75,75,75,75,75,75,75,75,75,75,75,75,75,75,75,75,75,75],"card_choices":[{"not_picked":["Turbo","Gash","Stack"],"picked":"SKIP","floor":1},{"not_picked":["Hologram","Consume"],"picked":"Cold Snap","floor":2},{"not_picked":["Stack","Cold Snap"],"picked":"Conserve Battery","floor":5},{"not_picked":["Undo","Steam"],"picked":"Barrage","floor":7},{"not_picked":["Core Surge","Steam"],"picked":"Capacitor","floor":8},{"not_picked":["Streamline","Heatsinks"],"picked":"Rebound","floor":10},{"not_picked":["Self Repair","Turbo"],"picked":"Doom and Gloom","floor":12},{"not_picked":["Fission","Thunder Strike"],"picked":"Seek","floor":16},{"not_picked":["Gash+1","Turbo","Force Field"],"picked":"SKIP","floor":18},{"not_picked":["Gash","Coolheaded","Cold Snap"],"picked":"SKIP","floor":19},{"not_picked":["Meteor Strike","Beam Cell+1"],"picked":"Capacitor","floor":22}],"player_experience":2531530,"relics_obtained":[{"floor":7,"key":"Pen Nib"},{"floor":9,"key":"Juzu Bracelet"},{"floor":10,"key":"Gremlin Horn"},{"floor":26,"key":"Regal Pillow"}],"event_choices":[{"cards_removed":["Strike_B"],"damage_healed":0,"gold_gain":0,"player_choice":"Offered Basic","damage_taken":0,"max_hp_gain":0,"max_hp_loss":0,"event_name":"Bonfire Elementals","floor":4,"gold_loss":0},{"damage_healed":0,"gold_gain":0,"player_choice":"2 cards matched","damage_taken":0,"max_hp_gain":0,"max_hp_loss":0,"event_name":"Match and Keep!","floor":11,"gold_loss":0,"cards_obtained":["Regret","Chill"]},{"damage_healed":0,"gold_gain":0,"player_choice":"2 cards matched","damage_taken":0,"max_hp_gain":0,"max_hp_loss":0,"event_name":"Match and Keep!","floor":11,"gold_loss":0,"cards_obtained":["Regret","Chill"]},{"damage_healed":0,"gold_gain":0,"player_choice":"Searched \u00271\u0027 times","damage_taken":0,"relics_obtained":["War Paint"],"max_hp_gain":0,"max_hp_loss":0,"event_name":"Dead Adventurer","floor":14,"gold_loss":0},{"damage_healed":0,"gold_gain":0,"player_choice":"Read","damage_taken":0,"max_hp_gain":0,"max_hp_loss":0,"event_name":"The Library","floor":20,"gold_loss":0,"cards_obtained":["Go for the Eyes"]},{"damage_healed":0,"gold_gain":0,"player_choice":"Bought 2 Potions","damage_taken":0,"max_hp_gain":0,"max_hp_loss":0,"event_name":"The Woman in Blue","floor":21,"gold_loss":0},{"cards_removed":["Regret"],"damage_healed":0,"gold_gain":0,"player_choice":"Purged","damage_taken":0,"max_hp_gain":0,"max_hp_loss":0,"event_name":"Purifier","floor":24,"gold_loss":0},{"damage_healed":0,"gold_gain":0,"player_choice":"Fight","damage_taken":0,"max_hp_gain":0,"max_hp_loss":0,"event_name":"Colosseum","floor":27,"gold_loss":0},{"damage_healed":0,"gold_gain":0,"player_choice":"Fled From Nobs","damage_taken":0,"max_hp_gain":0,"max_hp_loss":0,"event_name":"Colosseum","floor":27,"gold_loss":0}],"is_beta":false,"boss_relics":[{"not_picked":["Busted Crown","Empty Cage"],"picked":"Nuclear Battery"}],"items_purged_floors":[3],"is_endless":false,"potions_floor_spawned":[5,10,19],"killed_by":"Slavers","ascension_level":2}