{"gold_per_floor":[114,114,189,204,219,219,249,249,249,264,168,183,213,228,228,328,328,343,18,18,33,48,78,78,78,103,133,133,148,148,153,153,153],"floor_reached":33,"playtime":1387,"items_purged":["Writhe"],"score":520,"play_id":"80ddc447-d780-41a9-8715-0f7d5f3d6bb5","local_time":"20190605144307","daily_mods":["Insanity","Colorless Cards","Lethality"],"is_ascension_mode":false,"campfire_choices":[{"data":"Heavy Blade","floor":6,"key":"SMITH"},{"data":"Limit Break","floor":8,"key":"SMITH"},{"data":"Inflame","floor":15,"key":"SMITH"},{"floor":24,"key":"REST"},{"data":"Mind Blast","floor":28,"key":"SMITH"},{"data":"Apotheosis","floor":30,"key":"SMITH"},{"data":"Disarm","floor":32,"key":"SMITH"}],"neow_cost":"","seed_source_timestamp":0,"circlet_count":0,"master_deck":["Cleave","Sword Boomerang","Flame Barrier","Madness","Warcry","Perfected Strike","Flex","Pummel","Reckless Charge","Searing Blow","Flex","Twin Strike","Shrug It Off","Body Slam","Sword Boomerang","Purity","Headbutt","Sword Boomerang","Reckless Charge","Flex","Twin Strike","Warcry","Warcry","Reckless Charge","Impatience","Trip","Cleave","Reckless Charge","Armaments","Body Slam","Sword Boomerang","Anger","Twin Strike","Second Wind+1","Finesse","Iron Wave","Clash","Headbutt","Twin Strike","Heavy Blade+1","Pommel Strike","Pommel Strike","Headbutt","Iron Wave","Iron Wave","Purity","Dropkick","Shrug It Off","Shrug It Off","Shrug It Off","Power Through","Sword Boomerang","Limit Break+1","Heavy Blade","Disarm+1","Inflame+1","Apotheosis+1","Clumsy","Parasite","Trip","Shrug It Off","Sword Boomerang+1","Thunderclap+1","Shame","Mind Blast+1","Dramatic Entrance+1","Ghostly Armor"],"special_seed":18052,"relics":["Burning Blood","Letter Opener","Mercury Hourglass","Ginger","Calling Bell","Happy Flower","Mummified Hand","Prayer Wheel","Pear","Juzu Bracelet","Dream Catcher","Blood Vial","Pen Nib","Red Mask"],"potions_floor_usage":[7,21,23,29,33,33],"damage_taken":[{"damage":0,"enemies":"Cultist","floor":1,"turns":1},{"damage":0,"enemies":"2 Louse","floor":4,"turns":1},{"damage":0,"enemies":"Jaw Worm","floor":5,"turns":1},{"damage":16,"enemies":"Lagavulin","floor":7,"turns":3},{"damage":0,"enemies":"2 Fungi Beasts","floor":10,"turns":1},{"damage":0,"enemies":"Exordium Wildlife","floor":12,"turns":1},{"damage":12,"enemies":"3 Sentries","floor":13,"turns":3},{"damage":0,"enemies":"3 Louse","floor":14,"turns":1},{"damage":0,"enemies":"Slime Boss","floor":16,"turns":3},{"damage":5,"enemies":"Spheric Guardian","floor":18,"turns":3},{"damage":40,"enemies":"3 Byrds","floor":21,"turns":2},{"damage":0,"enemies":"3 Cultists","floor":22,"turns":3},{"damage":19,"enemies":"Book of Stabbing","floor":23,"turns":2},{"damage":20,"enemies":"Gremlin Leader","floor":27,"turns":4},{"damage":0,"enemies":"Snake Plant","floor":29,"turns":1},{"damage":16,"enemies":"Masked Bandits","floor":31,"turns":2},{"damage":55,"enemies":"Collector","floor":33,"turns":3}],"seed_played":"-9095787550937989564","potions_obtained":[{"floor":4,"key":"AttackPotion"},{"floor":12,"key":"LiquidBronze"},{"floor":13,"key":"Dexterity Potion"},{"floor":21,"key":"SkillPotion"},{"floor":23,"key":"FearPotion"},{"floor":27,"key":"GamblersBrew"}],"is_trial":false,"path_per_floor":["M","?","?","M","M","R","E","R","T","M","$","M","E","M","R","B",null,"M","$","?","M","M","E","R","?","T","E","R","M","R","?","R","B"],"character_chosen":"IRONCLAD","items_purchased":["Strength Potion","Heavy Blade","Pear"],"campfire_rested":1,"item_purchase_floors":[11,11,19],"current_hp_per_floor":[80,80,69,75,80,80,70,70,70,76,76,80,74,80,80,80,80,80,90,72,38,44,31,59,59,59,47,47,55,55,47,47,0],"gold":153,"neow_bonus":"","is_prod":false,"is_daily":true,"chose_seed":false,"campfire_upgraded":6,"win_rate":0,"timestamp":1559760187,"path_taken":["M","?","?","M","M","R","E","R","T","M","?","M","E","M","R","BOSS","M","$","?","M","M","E","R","?","T","E","R","M","R","?","R","BOSS"],"build_version":"2019-01-23","purchased_purges":1,"victory":false,"max_hp_per_floor":[80,80,80,80,80,80,80,80,80,80,80,80,80,80,80,80,80,80,90,95,95,95,95,95,95,95,95,95,95,95,95,95,95],"card_choices":[{"not_picked":["Dropkick","Sword Boomerang","Blood for Blood"],"picked":"SKIP","floor":1},{"not_picked":["Clothesline","Deep Breath"],"picked":"Power Through","floor":4},{"not_picked":["Impatience","Anger"],"picked":"Sword Boomerang","floor":5},{"not_picked":["Anger","Body Slam"],"picked":"Limit Break","floor":7},{"not_picked":["Entrench","Havoc","Sever Soul"],"picked":"SKIP","floor":10},{"not_picked":["True Grit","Clothesline"],"picked":"Disarm","floor":12},{"not_picked":["Armaments","Clothesline","Wild Strike"],"picked":"SKIP","floor":13},{"not_picked":["Havoc","Rampage"],"picked":"Inflame","floor":14},{"not_picked":["Dark Embrace","Mayhem"],"picked":"Apotheosis","floor":16},{"not_picked":["Armaments","Clothesline"],"picked":"Trip","floor":18},{"not_picked":["Deep Breath","Pommel Strike"],"picked":"Shrug It Off","floor":18},{"not_picked":["Power Through","Warcry+1"],"picked":"Sword Boomerang+1","floor":21},{"not_picked":["Body Slam","Rupture","Whirlwind"],"picked":"SKIP","floor":21},{"not_picked":["Anger","Wild Strike+1"],"picked":"Thunderclap+1","floor":22},{"not_picked":["Cleave","Hemokinesis+1","Carnage"],"picked":"SKIP","floor":22},{"not_picked":["Flex","Dropkick","Armaments"],"picked":"SKIP","floor":23},{"not_picked":["Warcry+1","Clothesline"],"picked":"Mind Blast","floor":27},{"not_picked":["Hemokinesis+1","Second Wind"],"picked":"Dramatic Entrance+1","floor":29},{"not_picked":["Rampage","Bloodletting","Thunderclap"],"picked":"SKIP","floor":29},{"not_picked":["Heavy Blade","Entrench+1"],"picked":"Ghostly Armor","floor":31}],"player_experience":3725063,"relics_obtained":[{"floor":7,"key":"Letter Opener"},{"floor":9,"key":"Mercury Hourglass"},{"floor":13,"key":"Ginger"},{"floor":17,"key":"Happy Flower"},{"floor":17,"key":"Mummified Hand"},{"floor":17,"key":"Prayer Wheel"},{"floor":23,"key":"Juzu Bracelet"},{"floor":26,"key":"Blood Vial"},{"floor":27,"key":"Pen Nib"},{"floor":31,"key":"Red Mask"}],"event_choices":[{"damage_healed":0,"gold_gain":0,"player_choice":"Grow","damage_taken":0,"max_hp_gain":0,"max_hp_loss":0,"event_name":"Living Wall","floor":2,"gold_loss":0,"cards_upgraded":["Second Wind"]},{"damage_healed":0,"gold_gain":75,"player_choice":"Gather Gold","damage_taken":11,"max_hp_gain":0,"max_hp_loss":0,"event_name":"World of Goop","floor":3,"gold_loss":0},{"damage_healed":0,"gold_gain":0,"player_choice":"Shed Blood","damage_taken":23,"max_hp_gain":5,"max_hp_loss":0,"event_name":"Forgotten Altar","floor":20,"gold_loss":0},{"damage_healed":0,"gold_gain":0,"player_choice":"Stole Relic","damage_taken":0,"relics_obtained":["Dream Catcher"],"max_hp_gain":0,"max_hp_loss":0,"event_name":"Addict","floor":25,"gold_loss":0,"cards_obtained":["Shame"]},{"damage_healed":0,"gold_gain":0,"player_choice":"Fought Bandits","damage_taken":0,"max_hp_gain":0,"max_hp_loss":0,"event_name":"Masked Bandits","floor":31,"gold_loss":0}],"is_beta":false,"boss_relics":[{"not_picked":["Black Blood","Velvet Choker"],"picked":"Calling Bell"}],"items_purged_floors":[19],"is_endless":false,"potions_floor_spawned":[4,12,13,14,21,23,27],"killed_by":"Collector","ascension_level":0}