{"gold_per_floor":[116,127,127,46,46,46,60,131,131,131],"floor_reached":10,"playtime":255,"items_purged":[],"score":112,"play_id":"ebf52eda-50ba-42b5-b53f-7f0f043adba9","local_time":"20190610171058","daily_mods":["Heirloom","Green Cards","Binary"],"is_ascension_mode":true,"campfire_choices":[{"data":"Armaments","floor":6,"key":"SMITH"}],"neow_cost":"","seed_source_timestamp":0,"circlet_count":0,"master_deck":["AscendersBane","Strike_R","Strike_R","Strike_R","Strike_R","Strike_R","Defend_R","Defend_R","Defend_R","Defend_R","Bash","Poisoned Stab","Armaments+1","Uppercut"],"relics":["Burning Blood","Gambling Chip","Golden Idol","Blue Candle","Letter Opener"],"potions_floor_usage":[10],"damage_taken":[{"damage":11,"enemies":"Jaw Worm","floor":1,"turns":5},{"damage":1,"enemies":"Small Slimes","floor":2,"turns":4},{"damage":6,"enemies":"2 Louse","floor":7,"turns":4},{"damage":30,"enemies":"Gremlin Nob","floor":8,"turns":4},{"damage":25,"enemies":"Exordium Thugs","floor":10,"turns":4}],"seed_played":"-7044458792944299586","potions_obtained":[{"floor":2,"key":"FearPotion"}],"is_trial":true,"path_per_floor":["M","M","?","$","?","R","M","?","T","M"],"character_chosen":"IRONCLAD","items_purchased":["Uppercut"],"campfire_rested":0,"item_purchase_floors":[4],"current_hp_per_floor":[63,68,68,68,42,42,42,18,18,0],"gold":131,"neow_bonus":"","is_prod":false,"is_daily":false,"chose_seed":false,"campfire_upgraded":1,"win_rate":0,"timestamp":1560183058,"path_taken":["M","M","?","$","?","R","M","?","T","?"],"build_version":"2019-01-23","purchased_purges":0,"victory":false,"max_hp_per_floor":[75,75,75,75,75,75,75,75,75,75],"card_choices":[{"not_picked":["Bloodletting"],"picked":"Poisoned Stab","floor":1},{"not_picked":["Metallicize"],"picked":"Armaments","floor":2},{"not_picked":["Clothesline","Sucker Punch"],"picked":"SKIP","floor":7}],"player_experience":881943,"relics_obtained":[{"floor":8,"key":"Blue Candle"},{"floor":9,"key":"Letter Opener"}],"event_choices":[{"damage_healed":0,"gold_gain":0,"player_choice":"Leave","damage_taken":0,"max_hp_gain":0,"max_hp_loss":0,"event_name":"The Cleric","floor":3,"gold_loss":0},{"damage_healed":0,"gold_gain":0,"player_choice":"Take Damage","damage_taken":26,"relics_obtained":["Golden Idol"],"max_hp_gain":0,"max_hp_loss":0,"event_name":"Golden Idol","floor":5,"gold_loss":0},{"damage_healed":0,"gold_gain":0,"player_choice":"Searched \u00272\u0027 times","damage_taken":0,"max_hp_gain":0,"max_hp_loss":0,"event_name":"Dead Adventurer","floor":8,"gold_loss":0}],"is_beta":false,"boss_relics":[],"items_purged_floors":[],"is_endless":false,"potions_floor_spawned":[2],"killed_by":"Exordium Thugs","ascension_level":20}