{"gold_per_floor":[112,126,33,33,51,69,94,19,43,55,55,90,90,109,109,210,210,229,5,5,16,16,16,51,51,78,95,109,9,9,20,20,121,121,131,34,45,58,58,58,75,75,75,7,21,21,39,65,65,65],"floor_reached":51,"playtime":3050,"items_purged":["Strike_B","Strike_R"],"score":809,"play_id":"dbef940b-a334-41f7-9dd2-0990454cbe5c","local_time":"20190621113711","is_ascension_mode":false,"campfire_choices":[{"data":"Spot Weakness","floor":11,"key":"SMITH"},{"data":"Bash","floor":15,"key":"SMITH"},{"data":"Metallicize","floor":23,"key":"SMITH"},{"data":"Double Tap","floor":25,"key":"SMITH"},{"data":"Battle Trance","floor":30,"key":"SMITH"},{"data":"Impervious","floor":32,"key":"SMITH"},{"data":"Juggernaut","floor":40,"key":"SMITH"},{"data":"Impervious","floor":42,"key":"SMITH"},{"data":"Heavy Blade","floor":49,"key":"SMITH"}],"neow_cost":"NONE","seed_source_timestamp":729645378265574,"circlet_count":0,"master_deck":["Strike_R","Defend_R","Defend_R","Defend_R","Defend_R","Bash+1","Juggernaut+1","Spot Weakness+1","Twin Strike","Heavy Blade+1","Shrug It Off","Cleave","Carnage","Sword Boomerang","Shrug It Off","Barricade","Hemokinesis","Impervious+1","Metallicize+1","Battle Trance+1","Uppercut+1","Double Tap+1","Entrench","Impervious+1","Shrug It Off","Shrug It Off","Ghostly Armor","Headbutt+1","Iron Wave+1"],"relics":["Burning Blood","Happy Flower","Juzu Bracelet","Centennial Puzzle","FaceOfCleric","Snecko Eye","Gremlin Horn","Strawberry","Empty Cage","Frozen Egg 2","Vajra"],"potions_floor_usage":[6,16,16,16,33,38,48,50,50,50],"damage_taken":[{"damage":5,"enemies":"Small Slimes","floor":1,"turns":4},{"damage":1,"enemies":"Cultist","floor":2,"turns":3},{"damage":4,"enemies":"Jaw Worm","floor":5,"turns":4},{"damage":4,"enemies":"Lots of Slimes","floor":6,"turns":4},{"damage":28,"enemies":"Lagavulin","floor":7,"turns":7},{"damage":4,"enemies":"2 Fungi Beasts","floor":10,"turns":3},{"damage":26,"enemies":"Gremlin Nob","floor":12,"turns":4},{"damage":5,"enemies":"Large Slime","floor":14,"turns":5},{"damage":2,"enemies":"Hexaghost","floor":16,"turns":7},{"damage":7,"enemies":"Shell Parasite","floor":18,"turns":3},{"damage":3,"enemies":"Spheric Guardian","floor":21,"turns":5},{"damage":6,"enemies":"Book of Stabbing","floor":24,"turns":3},{"damage":2,"enemies":"Centurion and Healer","floor":27,"turns":5},{"damage":0,"enemies":"3 Cultists","floor":28,"turns":5},{"damage":12,"enemies":"Sentry and Sphere","floor":31,"turns":4},{"damage":13,"enemies":"Champ","floor":33,"turns":9},{"damage":6,"enemies":"3 Darklings","floor":35,"turns":5},{"damage":10,"enemies":"Orb Walker","floor":37,"turns":4},{"damage":4,"enemies":"Spire Growth","floor":38,"turns":8},{"damage":15,"enemies":"Maw","floor":41,"turns":7},{"damage":0,"enemies":"Transient","floor":45,"turns":5},{"damage":0,"enemies":"Jaw Worm Horde","floor":47,"turns":5},{"damage":3,"enemies":"Reptomancer","floor":48,"turns":7},{"damage":0,"enemies":"Donu and Deca","floor":50,"turns":11}],"seed_played":"1105856404924168675","potions_obtained":[{"floor":5,"key":"SpeedPotion"},{"floor":6,"key":"SpeedPotion"},{"floor":12,"key":"Block Potion"},{"floor":14,"key":"EssenceOfSteel"},{"floor":24,"key":"Ancient Potion"},{"floor":28,"key":"PowerPotion"},{"floor":33,"key":"Regen Potion"},{"floor":38,"key":"SkillPotion"},{"floor":39,"key":"Weak Potion"},{"floor":41,"key":"Ancient Potion"},{"floor":48,"key":"Weak Potion"}],"is_trial":false,"path_per_floor":["M","M","$","?","M","M","E","$","T","M","R","E","?","M","R","B",null,"M","$","?","M","?","R","E","R","T","M","M","$","R","M","R","B",null,"M","$","M","M","?","R","M","R","T","$","M","$","M","E","R","B",null],"character_chosen":"IRONCLAD","items_purchased":["Heavy Blade","Shrug It Off","Impervious","Metallicize","Battle Trance","Shrug It Off","Dexterity Potion","Ghostly Armor"],"campfire_rested":0,"item_purchase_floors":[3,3,19,19,19,36,36,44],"current_hp_per_floor":[80,80,80,80,80,80,58,58,58,60,60,40,40,42,42,47,82,82,82,66,70,70,70,71,71,78,83,90,90,90,85,85,79,101,102,102,99,102,102,102,94,94,94,94,101,101,107,108,108,109],"gold":65,"neow_bonus":"ONE_RANDOM_RARE_CARD","is_prod":false,"is_daily":false,"chose_seed":false,"campfire_upgraded":9,"win_rate":0,"timestamp":1561131431,"path_taken":["M","M","$","?","M","M","E","?","T","M","R","E","?","M","R","BOSS","M","?","?","M","?","R","E","R","T","M","M","$","R","M","R","BOSS","M","$","M","M","?","R","M","R","T","$","M","?","M","E","R","BOSS"],"build_version":"2019-01-23","purchased_purges":2,"victory":true,"max_hp_per_floor":[80,80,80,80,80,80,80,80,80,80,80,80,80,81,81,82,82,83,83,88,89,89,89,90,90,97,98,99,99,99,100,100,101,101,102,102,103,104,104,104,105,105,105,105,106,106,107,108,108,109],"card_choices":[{"not_picked":["Pommel Strike","Thunderclap"],"picked":"Spot Weakness","floor":1},{"not_picked":["Thunderclap","Dropkick"],"picked":"Twin Strike","floor":2},{"not_picked":["Power Through","Pommel Strike"],"picked":"Cleave","floor":5},{"not_picked":["Searing Blow","Body Slam"],"picked":"Carnage","floor":6},{"not_picked":["Heavy Blade","Havoc"],"picked":"Sword Boomerang","floor":7},{"not_picked":["Wild Strike","Uppercut","Heavy Blade"],"picked":"SKIP","floor":10},{"not_picked":["Thunderclap","Berserk","Clash"],"picked":"SKIP","floor":12},{"not_picked":["Blood for Blood","Pommel Strike"],"picked":"Shrug It Off","floor":14},{"not_picked":["Berserk","Impervious"],"picked":"Barricade","floor":16},{"not_picked":["Rupture","Intimidate"],"picked":"Hemokinesis","floor":18},{"not_picked":["Thunderclap","Iron Wave"],"picked":"Uppercut+1","floor":21},{"not_picked":["Evolve","Clothesline"],"picked":"Double Tap","floor":24},{"not_picked":["Hemokinesis+1","Perfected Strike","Clothesline"],"picked":"SKIP","floor":27},{"not_picked":["Clothesline","Shockwave","Fire Breathing"],"picked":"SKIP","floor":28},{"not_picked":["Armaments+1","Power Through"],"picked":"Entrench","floor":31},{"not_picked":["Demon Form","Brutality"],"picked":"Impervious","floor":33},{"not_picked":["True Grit","Havoc+1","Cleave"],"picked":"SKIP","floor":35},{"not_picked":["Iron Wave","Armaments"],"picked":"Shrug It Off","floor":37},{"not_picked":["Reckless Charge+1","Perfected Strike+1","Carnage"],"picked":"SKIP","floor":38},{"not_picked":["Flex","Uppercut+1","Thunderclap"],"picked":"SKIP","floor":41},{"not_picked":["Searing Blow+1","Havoc","Iron Wave"],"picked":"SKIP","floor":45},{"not_picked":["Infernal Blade+1","Dropkick+1"],"picked":"Headbutt+1","floor":47},{"not_picked":["Power Through+1","Pummel"],"picked":"Iron Wave+1","floor":48}],"player_experience":3800853,"relics_obtained":[{"floor":7,"key":"Happy Flower"},{"floor":9,"key":"Juzu Bracelet"},{"floor":12,"key":"Centennial Puzzle"},{"floor":24,"key":"Gremlin Horn"},{"floor":26,"key":"Strawberry"},{"floor":43,"key":"Frozen Egg 2"},{"floor":48,"key":"Vajra"}],"event_choices":[{"cards_removed":["Strike_R"],"damage_healed":0,"gold_gain":0,"player_choice":"Took Card","damage_taken":0,"max_hp_gain":0,"max_hp_loss":0,"event_name":"NoteForYourself","floor":4,"gold_loss":0,"cards_obtained":["Strike_B"]},{"damage_healed":0,"gold_gain":0,"player_choice":"Trade","damage_taken":0,"relics_obtained":["FaceOfCleric"],"max_hp_gain":0,"max_hp_loss":0,"event_name":"FaceTrader","floor":13,"gold_loss":0},{"damage_healed":0,"gold_gain":0,"player_choice":"Shed Blood","damage_taken":21,"max_hp_gain":5,"max_hp_loss":0,"event_name":"Forgotten Altar","floor":20,"gold_loss":0},{"damage_healed":0,"gold_gain":0,"player_choice":"Got Potions","damage_taken":0,"max_hp_gain":0,"max_hp_loss":0,"event_name":"Lab","floor":39,"gold_loss":0}],"is_beta":false,"boss_relics":[{"not_picked":["Philosopher\u0027s Stone","Runic Dome"],"picked":"Snecko Eye"},{"not_picked":["White Beast Statue","Cursed Key"],"picked":"Empty Cage"}],"items_purged_floors":[8,29],"is_endless":false,"potions_floor_spawned":[5,6,12,14,24,28,33,38,41,48],"ascension_level":0}