{"gold_per_floor":[210,221,3,3,13,13,48,48,48,64,10,10,10,23,23,119,119,133,153,168,183,98,98,133,133,133,133,33,52,52,17,17,118,118,138,149,249,267,267,267,282,282,309,309,309,329,329,349,349,349],"floor_reached":51,"playtime":2512,"items_purged":["Strike_R","Strike_R"],"score":747,"play_id":"d435a305-ebee-4fee-9350-c3dc039f9a43","local_time":"20190715191341","is_ascension_mode":false,"campfire_choices":[{"data":"Armaments","floor":6,"key":"SMITH"},{"data":"Barricade","floor":8,"key":"SMITH"},{"data":"Bash","floor":13,"key":"SMITH"},{"data":"Inflame","floor":15,"key":"SMITH"},{"data":"Entrench","floor":23,"key":"SMITH"},{"floor":25,"key":"REST"},{"data":"Flame Barrier","floor":27,"key":"SMITH"},{"data":"Battle Trance","floor":30,"key":"SMITH"},{"data":"Clothesline","floor":32,"key":"SMITH"},{"data":"Offering","floor":40,"key":"SMITH"},{"data":"Panacea","floor":45,"key":"SMITH"},{"data":"Heavy Blade","floor":47,"key":"SMITH"},{"data":"Inflame","floor":49,"key":"SMITH"}],"neow_cost":"NONE","seed_source_timestamp":411422338539340,"circlet_count":0,"master_deck":["Defend_R","Defend_R","Defend_R","Defend_R","Bash+1","Armaments+1","Inflame+1","Whirlwind+1","Flame Barrier+1","Barricade+1","Heavy Blade+1","Feed","Flex+1","Shrug It Off+1","Entrench+1","Battle Trance+1","Clothesline+1","Burning Pact","Offering+1","Dropkick+1","Corruption+1","Bludgeon+1","Inflame+1","Inflame+1","Ghostly Armor+1","Twin Strike+1","Dark Shackles","Panacea+1","Master of Strategy","Ghostly Armor+1","Shockwave+1"],"relics":["Burning Blood","Oddly Smooth Stone","Pantograph","Kunai","Philosopher\u0027s Stone","Mercury Hourglass","Red Mask","Centennial Puzzle","Astrolabe","Torii","Vajra"],"potions_floor_usage":[7,16,19,33,33,50,50,50,50,50,50],"damage_taken":[{"damage":6,"enemies":"Cultist","floor":1,"turns":3},{"damage":4,"enemies":"Jaw Worm","floor":2,"turns":5},{"damage":2,"enemies":"Small Slimes","floor":5,"turns":2},{"damage":9,"enemies":"3 Sentries","floor":7,"turns":6},{"damage":0,"enemies":"Blue Slaver","floor":10,"turns":5},{"damage":4,"enemies":"Exordium Thugs","floor":14,"turns":5},{"damage":21,"enemies":"Hexaghost","floor":16,"turns":13},{"damage":17,"enemies":"Spheric Guardian","floor":18,"turns":7},{"damage":0,"enemies":"Chosen","floor":19,"turns":4},{"damage":25,"enemies":"Centurion and Healer","floor":20,"turns":7},{"damage":9,"enemies":"Snecko","floor":21,"turns":7},{"damage":39,"enemies":"Masked Bandits","floor":24,"turns":4},{"damage":0,"enemies":"Chosen and Byrds","floor":29,"turns":4},{"damage":0,"enemies":"Collector","floor":33,"turns":15},{"damage":21,"enemies":"Orb Walker","floor":35,"turns":3},{"damage":15,"enemies":"3 Darklings","floor":36,"turns":5},{"damage":7,"enemies":"Mind Bloom Boss Battle","floor":37,"turns":6},{"damage":7,"enemies":"Maw","floor":38,"turns":9},{"damage":7,"enemies":"4 Shapes","floor":41,"turns":6},{"damage":18,"enemies":"Sphere and 2 Shapes","floor":46,"turns":5},{"damage":1,"enemies":"Maw","floor":48,"turns":11},{"damage":41,"enemies":"Donu and Deca","floor":50,"turns":8}],"seed_played":"1210227836415695436","potions_obtained":[{"floor":1,"key":"SkillPotion"},{"floor":10,"key":"Poison Potion"},{"floor":14,"key":"LiquidBronze"},{"floor":16,"key":"Explosive Potion"},{"floor":18,"key":"Fire Potion"},{"floor":19,"key":"Ancient Potion"},{"floor":21,"key":"Dexterity Potion"},{"floor":36,"key":"BloodPotion"},{"floor":37,"key":"EntropicBrew"}],"is_trial":false,"path_per_floor":["M","M","$","?","M","R","E","R","T","M","?","$","R","M","R","B",null,"M","M","M","M","?","R","?","R","T","R","$","M","R","$","R","B",null,"M","M","?","M","?","R","M","?","T","?","R","M","R","M","R","B",null],"character_chosen":"IRONCLAD","items_purchased":["Inflame","Whirlwind","Burning Pact"],"campfire_rested":1,"item_purchase_floors":[3,3,31],"current_hp_per_floor":[80,80,80,80,80,80,77,77,77,80,80,80,80,80,80,65,80,69,75,60,57,57,57,27,53,53,53,53,59,59,59,59,91,91,76,67,90,92,92,92,94,94,94,84,84,72,72,77,77,89],"gold":349,"neow_bonus":"HUNDRED_GOLD","is_prod":false,"is_daily":false,"chose_seed":false,"campfire_upgraded":12,"win_rate":0,"timestamp":1563232421,"path_taken":["M","M","$","?","M","R","E","R","T","M","?","$","R","M","R","BOSS","M","M","M","?","?","R","?","R","T","R","?","?","R","$","R","BOSS","M","?","?","M","?","R","?","?","T","?","R","M","R","M","R","BOSS"],"build_version":"2019-07-05","purchased_purges":2,"victory":true,"max_hp_per_floor":[80,80,80,80,80,80,80,80,80,80,80,80,80,80,80,80,80,80,80,84,84,84,84,87,87,87,87,87,87,87,87,87,91,91,91,91,91,94,94,94,97,97,97,97,97,97,97,97,97,100],"card_choices":[{"not_picked":["Corruption","Clash"],"picked":"Armaments","floor":1},{"not_picked":["Thunderclap","Body Slam","Armaments"],"picked":"SKIP","floor":2},{"not_picked":["Infernal Blade","Perfected Strike"],"picked":"Flame Barrier","floor":5},{"not_picked":["Bloodletting","Body Slam"],"picked":"Barricade","floor":7},{"not_picked":["Perfected Strike","Wild Strike"],"picked":"Heavy Blade","floor":10},{"not_picked":["Searing Blow","Havoc","Iron Wave"],"picked":"SKIP","floor":14},{"not_picked":["Reaper","Fiend Fire"],"picked":"Feed","floor":16},{"not_picked":["Armaments","Rupture"],"picked":"Flex+1","floor":18},{"not_picked":["Iron Wave","Reckless Charge+1"],"picked":"Shrug It Off+1","floor":19},{"not_picked":["Whirlwind","Wild Strike+1"],"picked":"Entrench","floor":20},{"not_picked":["Headbutt","Cleave","Whirlwind+1"],"picked":"SKIP","floor":21},{"not_picked":["Shrug It Off","Heavy Blade+1"],"picked":"Battle Trance","floor":24},{"not_picked":["Clash+1","Pummel"],"picked":"Clothesline","floor":29},{"not_picked":["Barricade","Bludgeon"],"picked":"Offering","floor":33},{"not_picked":["Anger+1","Body Slam"],"picked":"Inflame","floor":35},{"not_picked":["Battle Trance","Clash+1","Thunderclap"],"picked":"SKIP","floor":36},{"not_picked":["Twin Strike","Wild Strike+1"],"picked":"Inflame+1","floor":37},{"not_picked":["Thunderclap+1","Infernal Blade+1"],"picked":"Ghostly Armor+1","floor":38},{"not_picked":["Perfected Strike+1","Clash+1"],"picked":"Twin Strike+1","floor":41},{"not_picked":["Trip","Metamorphosis"],"picked":"Dark Shackles","floor":44},{"not_picked":["Forethought","Purity"],"picked":"Panacea","floor":44},{"not_picked":["Thinking Ahead","Chrysalis"],"picked":"Master of Strategy","floor":44},{"not_picked":["Rampage","Reckless Charge+1"],"picked":"Ghostly Armor+1","floor":46},{"not_picked":["Perfected Strike","Headbutt+1"],"picked":"Shockwave+1","floor":48}],"player_experience":3972130,"relics_obtained":[{"floor":7,"key":"Oddly Smooth Stone"},{"floor":9,"key":"Pantograph"},{"floor":24,"key":"Red Mask"},{"floor":26,"key":"Centennial Puzzle"},{"floor":37,"key":"Torii"},{"floor":43,"key":"Vajra"}],"event_choices":[{"damage_healed":0,"gold_gain":0,"player_choice":"Grow","damage_taken":0,"max_hp_gain":0,"max_hp_loss":0,"event_name":"Living Wall","floor":4,"gold_loss":0,"cards_upgraded":["Whirlwind"]},{"damage_healed":0,"gold_gain":0,"player_choice":"Paid Gold","damage_taken":0,"relics_obtained":["Kunai"],"max_hp_gain":0,"max_hp_loss":0,"event_name":"WeMeetAgain","floor":11,"gold_loss":54},{"damage_healed":0,"gold_gain":0,"player_choice":"Obtained Relic","damage_taken":0,"relics_obtained":["Mercury Hourglass"],"max_hp_gain":0,"max_hp_loss":0,"event_name":"Addict","floor":22,"gold_loss":85},{"damage_healed":0,"gold_gain":0,"player_choice":"Fought Bandits","damage_taken":0,"max_hp_gain":0,"max_hp_loss":0,"event_name":"Masked Bandits","floor":24,"gold_loss":0},{"damage_healed":0,"gold_gain":0,"player_choice":"Fight","damage_taken":0,"max_hp_gain":0,"max_hp_loss":0,"event_name":"MindBloom","floor":37,"gold_loss":0},{"damage_healed":0,"gold_gain":0,"player_choice":"Bought 0 Potions","damage_taken":0,"max_hp_gain":0,"max_hp_loss":0,"event_name":"The Woman in Blue","floor":39,"gold_loss":0},{"damage_healed":0,"gold_gain":0,"player_choice":"Ignored","damage_taken":0,"max_hp_gain":0,"max_hp_loss":0,"event_name":"Mysterious Sphere","floor":42,"gold_loss":0},{"damage_healed":0,"gold_gain":0,"player_choice":"Memory 3","damage_taken":10,"max_hp_gain":0,"max_hp_loss":0,"event_name":"SensoryStone","floor":44,"gold_loss":0}],"is_beta":false,"boss_relics":[{"not_picked":["Tiny House","Coffee Dripper"],"picked":"Philosopher\u0027s Stone"},{"not_picked":["White Beast Statue","Snecko Eye"],"picked":"Astrolabe"}],"items_purged_floors":[3,28],"is_endless":false,"potions_floor_spawned":[1,10,14,16,18,19,20,21,29,36,37],"ascension_level":0}