{"gold_per_floor":[115,190,19,33,33,33,90,90,169,194,220,258,285,330,342,450,462,487,499,524,39,54,54,65,98,98,98,112,112,126,137,137,242,242,260,278,26,37,37,37,56,56,82,0,26,44,61,95,95,95],"floor_reached":51,"playtime":3220,"items_purged":["Shame","Decay"],"score":842,"play_id":"722b6ee2-bcd4-4ae8-9334-a324d6ac8de2","local_time":"20190617121759","is_ascension_mode":false,"campfire_choices":[{"data":"Zap","floor":6,"key":"SMITH"},{"data":"Reinforced Body","floor":8,"key":"SMITH"},{"data":"Sunder","floor":15,"key":"SMITH"},{"data":"Buffer","floor":23,"key":"SMITH"},{"data":"Machine Learning","floor":27,"key":"SMITH"},{"data":"Conserve Battery","floor":32,"key":"SMITH"},{"data":"Defragment","floor":40,"key":"SMITH"},{"data":"Biased Cognition","floor":42,"key":"SMITH"},{"data":"Steam Power","floor":49,"key":"SMITH"}],"neow_cost":"NONE","seed_source_timestamp":386321352255535,"circlet_count":0,"master_deck":["Zap+1","Dualcast","Gash","Compile Driver","Chill","Reinforced Body+1","Conserve Battery+1","Sunder+1","Buffer+1","Coolheaded+1","Steam Power+1","Streamline+1","Turbo","Go for the Eyes+1","Machine Learning+1","Sweeping Beam+1","Go for the Eyes+1","Biased Cognition","Static Discharge","Recycle","Go for the Eyes","Reboot","Biased Cognition+1","Cold Snap","Machine Learning","Amplify","Double Energy+1","Defragment+1","Coolheaded+1","Undo+1","Chill+1","Leap+1"],"relics":["Calling Bell","PreservedInsect","Meat on the Bone","Unceasing Top","Tiny Chest","Symbiotic Virus","Strawberry","MawBank","Vajra","Lantern","Nuclear Battery","Mercury Hourglass","Runic Capacitor","Dodecahedron","Mummified Hand","Pandora\u0027s Box","Potion Belt","Happy Flower","Red Mask","Regal Pillow","Singing Bowl"],"potions_floor_usage":[7,7,16,24,25,33,33,35,50,50],"damage_taken":[{"damage":16,"enemies":"Jaw Worm","floor":1,"turns":5},{"damage":4,"enemies":"Small Slimes","floor":4,"turns":4},{"damage":6,"enemies":"Lagavulin","floor":7,"turns":6},{"damage":3,"enemies":"3 Sentries","floor":11,"turns":6},{"damage":0,"enemies":"2 Louse","floor":13,"turns":2},{"damage":16,"enemies":"Gremlin Nob","floor":14,"turns":4},{"damage":2,"enemies":"The Guardian","floor":16,"turns":9},{"damage":3,"enemies":"Chosen","floor":18,"turns":4},{"damage":5,"enemies":"3 Byrds","floor":20,"turns":6},{"damage":11,"enemies":"Centurion and Healer","floor":22,"turns":6},{"damage":0,"enemies":"Shelled Parasite and Fungi","floor":24,"turns":3},{"damage":3,"enemies":"Gremlin Leader","floor":25,"turns":6},{"damage":0,"enemies":"Cultist and Chosen","floor":28,"turns":3},{"damage":0,"enemies":"Snake Plant","floor":30,"turns":4},{"damage":0,"enemies":"3 Cultists","floor":31,"turns":3},{"damage":0,"enemies":"Champ","floor":33,"turns":13},{"damage":0,"enemies":"3 Darklings","floor":35,"turns":3},{"damage":0,"enemies":"Orb Walker","floor":36,"turns":2},{"damage":0,"enemies":"Maw","floor":38,"turns":6},{"damage":0,"enemies":"Transient","floor":41,"turns":5},{"damage":0,"enemies":"Spire Growth","floor":46,"turns":5},{"damage":0,"enemies":"Jaw Worm Horde","floor":47,"turns":4},{"damage":0,"enemies":"Reptomancer","floor":48,"turns":3},{"damage":0,"enemies":"Time Eater","floor":50,"turns":10}],"seed_played":"7610438273789542197","potions_obtained":[{"floor":1,"key":"Swift Potion"},{"floor":7,"key":"FocusPotion"},{"floor":13,"key":"FocusPotion"},{"floor":22,"key":"Regen Potion"},{"floor":25,"key":"AttackPotion"},{"floor":30,"key":"Strength Potion"},{"floor":31,"key":"Regen Potion"},{"floor":33,"key":"Poison Potion"},{"floor":35,"key":"Poison Potion"},{"floor":38,"key":"SpeedPotion"},{"floor":47,"key":"AttackPotion"}],"is_trial":false,"path_per_floor":["M","?","$","M","?","R","E","R","T","T","E","T","M","E","R","B",null,"M","?","M","$","M","R","M","E","T","R","M","?","M","M","R","B",null,"M","M","$","M","?","R","M","R","T","?","T","M","M","E","R","B",null],"character_chosen":"DEFECT","items_purchased":["FocusPotion","Compile Driver","Mercury Hourglass","Runic Capacitor","Turbo","Potion Belt"],"campfire_rested":0,"item_purchase_floors":[3,3,21,21,21,37],"current_hp_per_floor":[59,48,48,44,37,37,43,43,43,50,47,47,47,43,43,53,82,79,79,74,74,63,63,72,69,69,69,69,69,69,69,69,82,82,82,82,82,82,78,78,78,78,78,78,78,78,78,80,80,80],"gold":95,"neow_bonus":"BOSS_RELIC","is_prod":false,"is_daily":false,"chose_seed":false,"campfire_upgraded":9,"win_rate":0,"timestamp":1560788279,"path_taken":["M","?","$","M","?","R","E","R","T","?","E","?","M","E","R","BOSS","M","?","M","$","M","R","M","E","T","R","M","?","?","M","R","BOSS","M","M","$","M","?","R","M","R","T","?","?","?","M","E","R","BOSS"],"build_version":"2019-01-23","purchased_purges":2,"victory":true,"max_hp_per_floor":[75,75,75,75,75,75,75,75,75,82,82,82,82,82,82,82,82,82,82,82,82,82,82,82,82,82,82,82,82,82,82,82,82,82,82,82,82,82,78,78,78,78,78,78,78,78,78,80,80,80],"card_choices":[{"not_picked":["Storm","Barrage"],"picked":"Gash","floor":1},{"not_picked":["Lockon","Self Repair"],"picked":"Chill","floor":4},{"not_picked":["Storm","Amplify"],"picked":"Reinforced Body","floor":7},{"not_picked":["Aggregate","Beam Cell"],"picked":"Conserve Battery","floor":11},{"not_picked":["Ball Lightning","Turbo"],"picked":"Sunder","floor":13},{"not_picked":["Auto Shields","Blizzard","Redo"],"picked":"SKIP","floor":14},{"not_picked":["Reboot","Rainbow"],"picked":"Buffer","floor":16},{"not_picked":["Conserve Battery","Reprogram"],"picked":"Coolheaded+1","floor":18},{"not_picked":["Go for the Eyes","Leap"],"picked":"Streamline+1","floor":20},{"not_picked":["Cold Snap","Compile Driver","Streamline"],"picked":"SKIP","floor":22},{"not_picked":["Compile Driver","Skim+1"],"picked":"Go for the Eyes+1","floor":24},{"not_picked":["Doom and Gloom","Steam"],"picked":"Machine Learning","floor":25},{"not_picked":["Redo","Aggregate"],"picked":"Sweeping Beam+1","floor":28},{"not_picked":["Beam Cell","Rebound"],"picked":"Go for the Eyes+1","floor":30},{"not_picked":["Redo","Leap","Hello World"],"picked":"SKIP","floor":31},{"not_picked":["Electrodynamics","Buffer"],"picked":"Biased Cognition","floor":33},{"not_picked":["Chaos","Fusion"],"picked":"Double Energy+1","floor":35},{"not_picked":["Leap+1","Redo"],"picked":"Defragment","floor":36},{"not_picked":["Redo+1","Beam Cell"],"picked":"Coolheaded+1","floor":38},{"not_picked":["Cold Snap+1","Thunder Strike"],"picked":"Undo+1","floor":41},{"not_picked":["Blizzard+1","Sweeping Beam+1"],"picked":"Chill+1","floor":46},{"not_picked":["Heatsinks","Hologram"],"picked":"Leap+1","floor":47},{"not_picked":["Rebound","Fusion","Hologram"],"picked":"Singing Bowl","floor":48}],"player_experience":3761005,"relics_obtained":[{"floor":0,"key":"PreservedInsect"},{"floor":0,"key":"Meat on the Bone"},{"floor":0,"key":"Unceasing Top"},{"floor":7,"key":"Tiny Chest"},{"floor":9,"key":"Symbiotic Virus"},{"floor":10,"key":"Strawberry"},{"floor":11,"key":"MawBank"},{"floor":12,"key":"Vajra"},{"floor":14,"key":"Lantern"},{"floor":25,"key":"Dodecahedron"},{"floor":26,"key":"Mummified Hand"},{"floor":43,"key":"Happy Flower"},{"floor":45,"key":"Regal Pillow"},{"floor":48,"key":"Singing Bowl"}],"event_choices":[{"damage_healed":0,"gold_gain":75,"player_choice":"Gather Gold","damage_taken":11,"max_hp_gain":0,"max_hp_loss":0,"event_name":"World of Goop","floor":2,"gold_loss":0},{"cards_removed":["Writhe"],"damage_healed":0,"gold_gain":0,"player_choice":"Card Removal","damage_taken":7,"max_hp_gain":0,"max_hp_loss":0,"event_name":"Golden Wing","floor":5,"gold_loss":0},{"damage_healed":0,"gold_gain":0,"player_choice":"Read","damage_taken":0,"max_hp_gain":0,"max_hp_loss":0,"event_name":"The Library","floor":19,"gold_loss":0,"cards_obtained":["Steam Power"]},{"damage_healed":0,"gold_gain":0,"player_choice":"Simplicity","damage_taken":0,"max_hp_gain":0,"max_hp_loss":0,"event_name":"Back to Basics","floor":29,"gold_loss":0,"cards_upgraded":["Strike_B","Strike_B","Strike_B","Strike_B","Defend_B","Defend_B","Defend_B","Defend_B"]},{"damage_healed":0,"gold_gain":0,"player_choice":"Max HP","damage_taken":0,"max_hp_gain":0,"max_hp_loss":4,"event_name":"Winding Halls","floor":39,"gold_loss":0},{"damage_healed":0,"gold_gain":0,"player_choice":"Paid","damage_taken":0,"relics_obtained":["Red Mask"],"max_hp_gain":0,"max_hp_loss":0,"event_name":"Tomb of Lord Red Mask","floor":44,"gold_loss":82}],"is_beta":false,"boss_relics":[{"not_picked":["Eternal Feather","Ectoplasm"],"picked":"Nuclear Battery"},{"not_picked":["White Beast Statue","Velvet Choker"],"picked":"Pandora\u0027s Box"}],"items_purged_floors":[3,37],"is_endless":false,"potions_floor_spawned":[1,7,13,22,25,30,31,33,35,38,47],"ascension_level":0}