{"gold_per_floor":[99,114,3,82,102,133,133,144,144,144,144,144,144],"floor_reached":13,"playtime":768,"items_purged":[],"score":83,"play_id":"a3c00831-230f-47d5-a328-ef562a2486c6","local_time":"20190715205448","daily_mods":["Shiny","Uncertain Future","Binary"],"is_ascension_mode":false,"campfire_choices":[{"floor":7,"key":"REST"},{"floor":11,"key":"REST"}],"neow_cost":"","seed_source_timestamp":0,"circlet_count":0,"master_deck":["Venomology","Corpse Explosion","Malaise","Phantasmal Killer","Die Die Die","Adrenaline","Envenom","Doppelganger","Burst","Wraith Form v2","Tools of the Trade","Night Terror","Unload","After Image","Bullet Time","Storm of Steel","Glass Knife","A Thousand Cuts","Grand Finale","Flying Knee","PiercingWail","Caltrops","Expertise","Terror","Dagger Throw","Dagger Throw"],"relics":["Ring of the Snake","Bag of Preparation","Kunai","Darkstone Periapt"],"potions_floor_usage":[6],"damage_taken":[{"damage":12,"enemies":"2 Louse","floor":1,"turns":3},{"damage":10,"enemies":"Cultist","floor":2,"turns":4},{"damage":29,"enemies":"Jaw Worm","floor":5,"turns":4},{"damage":18,"enemies":"Gremlin Nob","floor":6,"turns":4},{"damage":11,"enemies":"Blue Slaver","floor":8,"turns":2},{"damage":30,"enemies":"Large Slime","floor":13,"turns":3}],"seed_played":"3678939251120607110","potions_obtained":[{"floor":6,"key":"Swift Potion"}],"is_trial":true,"path_per_floor":["M","M","$","?","M","E","R","M","T","?","R","?","M"],"character_chosen":"THE_SILENT","items_purchased":["Caltrops","Expertise"],"campfire_rested":2,"item_purchase_floors":[3,3],"current_hp_per_floor":[58,48,48,48,19,1,22,11,11,11,32,29,0],"gold":144,"neow_bonus":"","is_prod":false,"is_daily":false,"chose_seed":false,"campfire_upgraded":0,"win_rate":0.0,"timestamp":1563216888,"path_taken":["M","M","$","?","M","E","R","M","T","?","R","?","M"],"build_version":"2019-07-05","purchased_purges":0,"victory":false,"max_hp_per_floor":[70,70,70,70,70,70,70,70,70,70,70,70,70],"card_choices":[{"not_picked":["Dagger Throw"],"picked":"Flying Knee","floor":1},{"not_picked":["Outmaneuver"],"picked":"PiercingWail","floor":2},{"not_picked":["Dash"],"picked":"Terror","floor":5},{"not_picked":["Masterful Stab"],"picked":"Dagger Throw","floor":6},{"not_picked":["Grand Finale"],"picked":"Dagger Throw","floor":8}],"player_experience":130103,"relics_obtained":[{"floor":6,"key":"Bag of Preparation"},{"floor":9,"key":"Kunai"}],"event_choices":[{"damage_healed":0,"gold_gain":79,"player_choice":"Gained Gold","damage_taken":0,"max_hp_gain":0,"max_hp_loss":0,"event_name":"Golden Wing","floor":4,"gold_loss":0},{"damage_healed":0,"gold_gain":0,"player_choice":"Ignored","damage_taken":0,"max_hp_gain":0,"max_hp_loss":0,"event_name":"Shining Light","floor":10,"gold_loss":0},{"damage_healed":0,"gold_gain":0,"player_choice":"Success","damage_taken":3,"relics_obtained":["Darkstone Periapt"],"max_hp_gain":0,"max_hp_loss":0,"event_name":"Scrap Ooze","floor":12,"gold_loss":0}],"is_beta":false,"boss_relics":[],"items_purged_floors":[],"is_endless":false,"potions_floor_spawned":[6],"killed_by":"Large Slime","ascension_level":0}