{"gold_per_floor":[210,3,3,19,19,19,60,60,60,60],"floor_reached":10,"playtime":395,"items_purged":["Strike_B"],"score":128,"play_id":"86dfcd97-6441-4622-a0ed-9461b9cef59d","local_time":"20190426180957","is_ascension_mode":true,"campfire_choices":[{"data":"Static Discharge","floor":6,"key":"SMITH"},{"floor":8,"key":"REST"}],"neow_cost":"NONE","seed_source_timestamp":1465041138606766,"circlet_count":0,"master_deck":["AscendersBane","Strike_B","Strike_B","Strike_B","Defend_B","Defend_B","Defend_B","Defend_B","Zap","Dualcast","Cold Snap","Static Discharge+1","Conserve Battery","Steam","Pain","Coolheaded"],"relics":["Cracked Core","Golden Idol","WarpedTongs","Bronze Scales","Girya"],"potions_floor_usage":[],"damage_taken":[{"damage":0,"enemies":"Small Slimes","floor":1,"turns":3},{"damage":0,"enemies":"2 Louse","floor":4,"turns":2},{"damage":59,"enemies":"Gremlin Nob","floor":7,"turns":4},{"damage":24,"enemies":"Lagavulin","floor":10,"turns":6}],"seed_played":"-7966045212609028577","potions_obtained":[],"is_trial":false,"path_per_floor":["M","$","?","M","?","R","E","R","T","E"],"character_chosen":"DEFECT","items_purchased":["Static Discharge","Conserve Battery"],"campfire_rested":1,"item_purchase_floors":[2,2],"current_hp_per_floor":[64,64,64,64,64,64,5,24,24,0],"gold":60,"neow_bonus":"HUNDRED_GOLD","is_prod":false,"is_daily":false,"chose_seed":false,"campfire_upgraded":1,"win_rate":0,"timestamp":1556316597,"path_taken":["M","$","?","M","?","R","E","R","T","E"],"build_version":"2019-01-23","purchased_purges":1,"victory":false,"max_hp_per_floor":[71,71,64,64,64,64,64,64,64,64],"card_choices":[{"not_picked":["Hologram","Streamline"],"picked":"Cold Snap","floor":1},{"not_picked":["Hologram","Scrape"],"picked":"Steam","floor":4},{"not_picked":["Chaos","Doom and Gloom"],"picked":"Coolheaded","floor":7}],"player_experience":3500485,"relics_obtained":[{"floor":7,"key":"Bronze Scales"},{"floor":9,"key":"Girya"}],"event_choices":[{"damage_healed":0,"gold_gain":0,"player_choice":"Lose Max HP","damage_taken":0,"relics_obtained":["Golden Idol"],"max_hp_gain":0,"max_hp_loss":7,"event_name":"Golden Idol","floor":3,"gold_loss":0},{"damage_healed":0,"gold_gain":0,"player_choice":"Rummage","damage_taken":0,"relics_obtained":["WarpedTongs"],"max_hp_gain":0,"max_hp_loss":0,"event_name":"Accursed Blacksmith","floor":5,"gold_loss":0,"cards_obtained":["Pain"]}],"is_beta":false,"boss_relics":[],"items_purged_floors":[2],"is_endless":false,"potions_floor_spawned":[],"killed_by":"Lagavulin","ascension_level":20}