{"gold_per_floor":[366,366,35,45,59,59,93,93,93,108,108,126,166,185,185,185],"floor_reached":16,"playtime":1086,"items_purged":["Strike_R"],"score":151,"play_id":"1c111c0b-6e21-4ce4-8da5-d8f84a985c60","local_time":"20181206185858","is_ascension_mode":true,"campfire_choices":[{"data":"Bash","floor":6,"key":"SMITH"},{"data":"True Grit","floor":8,"key":"SMITH"},{"data":"Dual Wield","floor":15,"key":"SMITH"}],"neow_cost":"TEN_PERCENT_HP_LOSS","seed_source_timestamp":1974375652984682,"circlet_count":0,"master_deck":["Strike_R","Strike_R","Strike_R","Strike_R","Defend_R","Defend_R","Defend_R","Defend_R","Bash+1","True Grit+1","Shrug It Off","Seeing Red","Metallicize","Reckless Charge","Dual Wield+1","Iron Wave","Metallicize"],"relics":["Burning Blood","FaceOfCleric","Kunai","Meat on the Bone","Ornamental Fan","Golden Idol","Blood Vial"],"potions_floor_usage":[7,12,13,16],"damage_taken":[{"damage":0,"enemies":"Small Slimes","floor":1,"turns":3},{"damage":4,"enemies":"Cultist","floor":4,"turns":4},{"damage":2,"enemies":"2 Louse","floor":5,"turns":4},{"damage":32,"enemies":"Gremlin Nob","floor":7,"turns":4},{"damage":4,"enemies":"2 Fungi Beasts","floor":10,"turns":4},{"damage":8,"enemies":"Gremlin Gang","floor":12,"turns":5},{"damage":15,"enemies":"3 Sentries","floor":13,"turns":16},{"damage":0,"enemies":"Blue Slaver","floor":14,"turns":4},{"damage":66,"enemies":"Hexaghost","floor":16,"turns":14}],"seed_played":"-2057615115191015446","potions_obtained":[{"floor":4,"key":"PowerPotion"},{"floor":7,"key":"BloodPotion"},{"floor":12,"key":"SteroidPotion"},{"floor":13,"key":"Explosive Potion"}],"is_trial":false,"path_per_floor":["M","?","$","M","M","R","E","R","T","M","?","M","E","M","R","B"],"character_chosen":"IRONCLAD","items_purchased":["Kunai"],"campfire_rested":0,"item_purchase_floors":[3],"current_hp_per_floor":[72,72,72,73,74,74,49,49,49,52,52,58,50,59,59,0],"gold":185,"neow_bonus":"TWO_FIFTY_GOLD","is_prod":false,"is_daily":false,"chose_seed":false,"campfire_upgraded":3,"win_rate":0,"timestamp":1544140738,"path_taken":["M","?","$","?","M","R","E","R","T","M","?","M","E","M","R","BOSS"],"build_version":"2018-11-15","purchased_purges":1,"victory":false,"max_hp_per_floor":[72,72,72,73,74,74,75,75,75,76,70,71,72,73,73,73],"card_choices":[{"not_picked":["Anger","Dropkick"],"picked":"True Grit","floor":1},{"not_picked":["Dual Wield","Reckless Charge"],"picked":"Shrug It Off","floor":4},{"not_picked":["Limit Break","Ghostly Armor"],"picked":"Seeing Red","floor":5},{"not_picked":["Corruption","Sword Boomerang"],"picked":"Metallicize","floor":7},{"not_picked":["Headbutt","Cleave"],"picked":"Reckless Charge","floor":10},{"not_picked":["Hemokinesis","Spot Weakness"],"picked":"Dual Wield","floor":12},{"not_picked":["Sentinel","Dual Wield"],"picked":"Iron Wave","floor":13},{"not_picked":["Whirlwind","Dual Wield"],"picked":"Metallicize","floor":14}],"player_experience":2691239,"relics_obtained":[{"floor":7,"key":"Meat on the Bone"},{"floor":9,"key":"Ornamental Fan"},{"floor":13,"key":"Blood Vial"}],"event_choices":[{"damage_healed":0,"gold_gain":0,"player_choice":"Trade","damage_taken":0,"relics_obtained":["FaceOfCleric"],"max_hp_gain":0,"max_hp_loss":0,"event_name":"FaceTrader","floor":2,"gold_loss":0},{"damage_healed":0,"gold_gain":0,"player_choice":"Lose Max HP","damage_taken":0,"relics_obtained":["Golden Idol"],"max_hp_gain":0,"max_hp_loss":6,"event_name":"Golden Idol","floor":11,"gold_loss":0}],"is_beta":false,"boss_relics":[],"items_purged_floors":[3],"is_endless":false,"potions_floor_spawned":[4,7,12,13],"killed_by":"Hexaghost","ascension_level":7}