{"gold_per_floor":[114,129,144,159,174,204,204,219,219,249,264,294,309,324,324,424,424,439,364,2,17,32,62,77,77,102,117,147,162,177,192,192,192],"floor_reached":33,"playtime":2202,"items_purged":[],"score":469,"play_id":"7162143e-169e-411e-908b-0f894560f1a1","local_time":"20180906092627","daily_mods":["Specialized","Lethality","Terminal"],"is_ascension_mode":false,"campfire_choices":[{"data":"Sword Boomerang","floor":7,"key":"SMITH"},{"data":"Dark Embrace","floor":15,"key":"SMITH"},{"data":"Flame Barrier","floor":25,"key":"SMITH"},{"data":"Sentinel","floor":32,"key":"SMITH"}],"neow_cost":"","seed_source_timestamp":0,"circlet_count":0,"master_deck":["Strike_R","Strike_R","Strike_R","Strike_R","Defend_R","Defend_R","Defend_R","Defend_R","Bash","Fiend Fire","Fiend Fire","Fiend Fire","Fiend Fire","Fiend Fire","Battle Trance","Flame Barrier+1","Shrug It Off","Sword Boomerang+1","Power Through","Cleave+1","Spot Weakness","Dark Embrace+1","Impervious","Iron Wave+1","Mind Blast+1","The Bomb","HandOfGreed+1","Shrug It Off+1","Heavy Blade+1","Rage+1","True Grit+1","Body Slam+1","Feed+1","Sentinel+1","Reckless Charge+1"],"special_seed":17780,"relics":["Burning Blood","Torii","The Courier","Molten Egg 2","Letter Opener","White Beast Statue","Lantern","Happy Flower","Bottled Lightning"],"potions_floor_usage":[12,16,16,18,21,23,24,27,29,30,30,31,33,33],"damage_taken":[{"damage":0,"enemies":"Cultist","floor":1,"turns":2},{"damage":7,"enemies":"2 Louse","floor":2,"turns":2},{"damage":1,"enemies":"Small Slimes","floor":3,"turns":2},{"damage":8,"enemies":"Looter","floor":4,"turns":2},{"damage":4,"enemies":"Exordium Thugs","floor":5,"turns":3},{"damage":0,"enemies":"Gremlin Nob","floor":6,"turns":2},{"damage":0,"enemies":"Blue Slaver","floor":8,"turns":2},{"damage":1,"enemies":"3 Sentries","floor":10,"turns":5},{"damage":0,"enemies":"Red Slaver","floor":11,"turns":1},{"damage":0,"enemies":"Lagavulin","floor":12,"turns":3},{"damage":0,"enemies":"Large Slime","floor":13,"turns":2},{"damage":0,"enemies":"Exordium Wildlife","floor":14,"turns":3},{"damage":0,"enemies":"Slime Boss","floor":16,"turns":2},{"damage":12,"enemies":"2 Thieves","floor":18,"turns":3},{"damage":3,"enemies":"3 Byrds","floor":21,"turns":4},{"damage":6,"enemies":"Snecko","floor":22,"turns":4},{"damage":22,"enemies":"Book of Stabbing","floor":23,"turns":4},{"damage":0,"enemies":"Snake Plant","floor":24,"turns":2},{"damage":19,"enemies":"Chosen and Byrds","floor":27,"turns":5},{"damage":6,"enemies":"Gremlin Leader","floor":28,"turns":5},{"damage":7,"enemies":"Centurion and Healer","floor":29,"turns":4},{"damage":0,"enemies":"Shelled Parasite and Fungi","floor":30,"turns":3},{"damage":0,"enemies":"Snake Plant","floor":31,"turns":1},{"damage":74,"enemies":"Collector","floor":33,"turns":6}],"seed_played":"8761561677573513964","potions_obtained":[{"floor":3,"key":"PowerPotion"},{"floor":8,"key":"Weak Potion"},{"floor":10,"key":"Fire Potion"},{"floor":11,"key":"Strength Potion"},{"floor":12,"key":"EssenceOfSteel"},{"floor":18,"key":"PowerPotion"},{"floor":21,"key":"Explosive Potion"},{"floor":22,"key":"SkillPotion"},{"floor":23,"key":"Regen Potion"},{"floor":24,"key":"Swift Potion"},{"floor":27,"key":"Swift Potion"},{"floor":28,"key":"BloodPotion"},{"floor":29,"key":"BloodPotion"},{"floor":30,"key":"Swift Potion"},{"floor":31,"key":"Strength Potion"}],"is_trial":false,"path_per_floor":["M","M","M","M","M","E","R","M","T","E","M","E","M","M","R","B",null,"M","?","$","M","M","E","M","R","T","M","E","M","M","M","R"],"character_chosen":"IRONCLAD","items_purchased":["Mind Blast+1","The Bomb","HandOfGreed+1"],"campfire_rested":0,"item_purchase_floors":[20,20,20],"current_hp_per_floor":[78,77,76,74,74,73,72,71,70,69,68,67,66,65,64,63,62,56,56,56,58,57,41,52,52,52,39,39,43,49,48,47,0],"gold":192,"neow_bonus":"","is_prod":false,"is_daily":true,"chose_seed":false,"campfire_upgraded":4,"win_rate":0,"timestamp":1536240387,"path_taken":["M","M","M","M","M","E","R","M","T","E","M","E","?","M","R","BOSS","M","?","$","M","M","E","M","R","T","M","E","M","M","M","R","BOSS"],"build_version":"2018-08-30","purchased_purges":0,"victory":false,"max_hp_per_floor":[78,77,76,75,74,73,72,71,70,69,68,67,66,65,64,63,62,61,60,59,58,57,56,55,54,53,52,51,50,49,48,47,47],"card_choices":[{"not_picked":["Clash","Havoc"],"picked":"Battle Trance","floor":1},{"not_picked":["Armaments","Searing Blow","Wild Strike"],"picked":"SKIP","floor":2},{"not_picked":["Havoc","Blood for Blood","Corruption"],"picked":"SKIP","floor":3},{"not_picked":["Perfected Strike","Battle Trance"],"picked":"Flame Barrier","floor":4},{"not_picked":["Shockwave","Ghostly Armor"],"picked":"Shrug It Off","floor":5},{"not_picked":["Fiend Fire","Warcry"],"picked":"Sword Boomerang","floor":6},{"not_picked":["Armaments","Body Slam","Iron Wave"],"picked":"SKIP","floor":8},{"not_picked":["Sword Boomerang","Second Wind"],"picked":"Power Through","floor":10},{"not_picked":["Bloodletting","Pommel Strike+1"],"picked":"Cleave+1","floor":11},{"not_picked":["Perfected Strike+1","Rage","Disarm"],"picked":"SKIP","floor":12},{"not_picked":["True Grit","Twin Strike+1"],"picked":"Spot Weakness","floor":13},{"not_picked":["Evolve","Rupture"],"picked":"Dark Embrace","floor":14},{"not_picked":["Juggernaut","Barricade"],"picked":"Impervious","floor":16},{"not_picked":["Twin Strike+1","Clothesline+1"],"picked":"Iron Wave+1","floor":18},{"not_picked":["Dual Wield","Brutality"],"picked":"Shrug It Off+1","floor":21},{"not_picked":["Shrug It Off","Thunderclap+1"],"picked":"Heavy Blade+1","floor":22},{"not_picked":["Sever Soul+1","Sentinel"],"picked":"Rage+1","floor":23},{"not_picked":["Rupture+1","Uppercut+1"],"picked":"True Grit+1","floor":24},{"not_picked":["True Grit","Flame Barrier+1"],"picked":"Body Slam+1","floor":27},{"not_picked":["Clash+1","Metallicize"],"picked":"Feed+1","floor":28},{"not_picked":["Heavy Blade+1","Perfected Strike+1"],"picked":"Sentinel","floor":29},{"not_picked":["Hemokinesis+1","Shrug It Off"],"picked":"Reckless Charge+1","floor":30},{"not_picked":["Flex","Clash+1","Dark Embrace"],"picked":"SKIP","floor":31}],"player_experience":2061265,"relics_obtained":[{"floor":6,"key":"Torii"},{"floor":9,"key":"The Courier"},{"floor":10,"key":"Molten Egg 2"},{"floor":12,"key":"Letter Opener"},{"floor":23,"key":"Lantern"},{"floor":26,"key":"Happy Flower"},{"floor":28,"key":"Bottled Lightning"}],"event_choices":[{"event_name":"Beggar","player_choice":"Gave Gold","floor":19,"damage_taken":0}],"is_beta":false,"boss_relics":[{"not_picked":["Runic Pyramid","Runic Cube"],"picked":"White Beast Statue"}],"items_purged_floors":[],"is_endless":false,"potions_floor_spawned":[3,8,10,11,12,18,21,22,23,24,27,28,29,30,31],"killed_by":"Collector","ascension_level":0}