{"gold_per_floor":[114,129,81,81,96,126,141,171,171,186,216,101,131,146,146,246,246,261,276,2,2,17,47,47,77,77,92,122,122,152,167,167,267,267,282,42,42,42,57,87,87,117,167,197,212,242,242,272,272,272],"floor_reached":51,"playtime":6549,"items_purged":[],"score":1553,"play_id":"aaf363bb-9218-4c14-b2f8-a2c9514319b7","local_time":"20181208012215","daily_mods":["Shiny","Hoarder","Elite Swarm"],"is_ascension_mode":false,"campfire_choices":[{"data":"Buffer","floor":15,"key":"SMITH"},{"data":"Seek","floor":24,"key":"SMITH"},{"data":"Aggregate","floor":29,"key":"SMITH"},{"data":"Electrodynamics","floor":32,"key":"SMITH"},{"data":"Seek","floor":41,"key":"SMITH"},{"data":"Rainbow","floor":49,"key":"SMITH"}],"neow_cost":"","seed_source_timestamp":0,"circlet_count":0,"master_deck":["Multi-Cast","Hyperbeam","Thunder Strike","Biased Cognition","Machine Learning","Electrodynamics+1","Buffer+1","Rainbow+1","Seek+1","Meteor Strike","Echo Form","All For One","Reboot","Amplify","Creative AI","Fission","Core Surge","Recycle","Recycle","Recycle","Conserve Battery","Conserve Battery","Conserve Battery","Buffer+1","Buffer","Buffer","Aggregate+1","Aggregate+1","Aggregate","Seek","Seek+1","Seek","Seek","Seek","Seek","Defragment","Defragment","Defragment","Reboot","Reboot","Buffer","Buffer","Buffer","Hologram+1","Hologram+1","Hologram+1","Stack","Stack","Stack","Self Repair","Self Repair","Self Repair","Self Repair","Self Repair","Self Repair","Seek","Seek","Seek+1","Creative AI","Creative AI","Creative AI","Amplify","Amplify","Amplify","Reboot","Reboot","Reboot","Seek","Seek","Seek"],"special_seed":17873,"relics":["Cracked Core","Vajra","StoneCalendar","Sundial","Mango","Oddly Smooth Stone","Inserter","Membership Card","Happy Flower","Gambling Chip","Symbiotic Virus","Pocketwatch","The Courier","Busted Crown","War Paint","Pen Nib","Boot","Orichalcum","Unceasing Top","Blood Vial","Regal Pillow","Bag of Marbles","Nunchaku","Ancient Tea Set"],"potions_floor_usage":[11,13,16,16,16,23,23,25,30,30,44,44,50,50,50],"damage_taken":[{"damage":0,"enemies":"Small Slimes","floor":1,"turns":1},{"damage":0,"enemies":"Cultist","floor":2,"turns":2},{"damage":4,"enemies":"Jaw Worm","floor":5,"turns":2},{"damage":22,"enemies":"Gremlin Nob","floor":6,"turns":4},{"damage":0,"enemies":"Large Slime","floor":7,"turns":5},{"damage":9,"enemies":"3 Sentries","floor":8,"turns":4},{"damage":0,"enemies":"Looter","floor":10,"turns":1},{"damage":0,"enemies":"Gremlin Nob","floor":11,"turns":4},{"damage":0,"enemies":"Lagavulin","floor":13,"turns":6},{"damage":0,"enemies":"Blue Slaver","floor":14,"turns":4},{"damage":0,"enemies":"Hexaghost","floor":16,"turns":9},{"damage":0,"enemies":"Spheric Guardian","floor":18,"turns":4},{"damage":0,"enemies":"Chosen","floor":19,"turns":4},{"damage":0,"enemies":"Centurion and Healer","floor":22,"turns":7},{"damage":0,"enemies":"Slavers","floor":23,"turns":3},{"damage":9,"enemies":"Gremlin Leader","floor":25,"turns":7},{"damage":0,"enemies":"3 Cultists","floor":27,"turns":4},{"damage":12,"enemies":"Book of Stabbing","floor":28,"turns":7},{"damage":0,"enemies":"Gremlin Leader","floor":30,"turns":6},{"damage":0,"enemies":"Snecko","floor":31,"turns":2},{"damage":0,"enemies":"Champ","floor":33,"turns":9},{"damage":0,"enemies":"Orb Walker","floor":35,"turns":3},{"damage":20,"enemies":"3 Darklings","floor":39,"turns":4},{"damage":0,"enemies":"Reptomancer","floor":40,"turns":6},{"damage":0,"enemies":"Nemesis","floor":42,"turns":1},{"damage":0,"enemies":"Reptomancer","floor":44,"turns":5},{"damage":0,"enemies":"Spire Growth","floor":45,"turns":1},{"damage":0,"enemies":"Nemesis","floor":46,"turns":3},{"damage":0,"enemies":"Giant Head","floor":48,"turns":1},{"damage":0,"enemies":"Donu and Deca","floor":50,"turns":3}],"seed_played":"7962981595108981707","potions_obtained":[{"floor":1,"key":"FocusPotion"},{"floor":2,"key":"SkillPotion"},{"floor":11,"key":"Fruit Juice"},{"floor":13,"key":"SteroidPotion"},{"floor":14,"key":"Swift Potion"},{"floor":19,"key":"EssenceOfSteel"},{"floor":23,"key":"SpeedPotion"},{"floor":27,"key":"Explosive Potion"},{"floor":28,"key":"Explosive Potion"},{"floor":30,"key":"Strength Potion"},{"floor":39,"key":"Swift Potion"},{"floor":42,"key":"SneckoOil"},{"floor":46,"key":"Energy Potion"},{"floor":48,"key":"Block Potion"}],"is_trial":false,"path_per_floor":["M","M","$","?","M","E","M","E","T","M","E","$","E","M","R","B",null,"M","M","$","?","M","E","R","E","T","M","E","R","E","M","R","B",null,"M","$","?","?","M","E","R","E","T","E","M","E","?","E","R","B",null],"character_chosen":"DEFECT","items_purchased":["Conserve Battery","Defragment","Regen Potion","Membership Card","Self Repair","FocusPotion","War Paint","Pen Nib","Boot","Orichalcum"],"campfire_rested":0,"item_purchase_floors":[3,12,12,20,20,20,36,36,36,36],"current_hp_per_floor":[75,75,75,75,71,49,49,40,40,40,59,59,74,74,74,74,94,94,94,94,94,94,94,94,94,94,94,94,94,94,94,94,94,94,94,94,94,94,94,94,94,94,94,94,94,94,94,94,94,94],"gold":272,"neow_bonus":"","is_prod":false,"is_daily":true,"chose_seed":false,"campfire_upgraded":6,"win_rate":0,"timestamp":1544250135,"path_taken":["M","M","$","?","?","E","M","E","T","M","E","$","E","M","R","BOSS","M","M","$","?","M","E","R","E","T","M","E","R","E","M","R","BOSS","M","$","?","?","M","E","R","E","T","E","M","E","?","E","R","BOSS"],"build_version":"2018-12-06","purchased_purges":0,"victory":true,"max_hp_per_floor":[75,75,75,75,75,75,75,75,75,75,94,94,94,94,94,94,94,94,94,94,94,94,94,94,94,94,94,94,94,94,94,94,94,94,94,94,94,94,94,94,94,94,94,94,94,94,94,94,94,94],"card_choices":[{"not_picked":["Ball Lightning","Cold Snap"],"picked":"Recycle","floor":1},{"not_picked":["Melter","Cold Snap","Leap"],"picked":"SKIP","floor":2},{"not_picked":["Coolheaded","Sunder","Chill"],"picked":"SKIP","floor":5},{"not_picked":["Machine Learning","Amplify"],"picked":"Buffer","floor":6},{"not_picked":["Chill","Skim"],"picked":"Aggregate","floor":7},{"not_picked":["All For One","Multi-Cast"],"picked":"Seek","floor":8},{"not_picked":["Cold Snap","Coolheaded","Sweeping Beam"],"picked":"SKIP","floor":10},{"not_picked":["Machine Learning","Echo Form"],"picked":"Seek","floor":11},{"not_picked":["Creative AI","Electrodynamics"],"picked":"Reboot","floor":13},{"not_picked":["Hello World","Darkness","Conserve Battery"],"picked":"SKIP","floor":14},{"not_picked":["All For One","Biased Cognition"],"picked":"Buffer","floor":16},{"not_picked":["Cold Snap","Sweeping Beam"],"picked":"Hologram+1","floor":18},{"not_picked":["Streamline","Sweeping Beam"],"picked":"Stack","floor":19},{"not_picked":["Gash","Beam Cell","Chaos"],"picked":"SKIP","floor":22},{"not_picked":["Thunder Strike","Creative AI","Amplify"],"picked":"SKIP","floor":23},{"not_picked":["Amplify","Core Surge","Creative AI"],"picked":"SKIP","floor":25},{"not_picked":["Aggregate","Rebound","Steam"],"picked":"SKIP","floor":27},{"not_picked":["All For One","Amplify"],"picked":"Seek","floor":28},{"not_picked":["Meteor Strike","Core Surge"],"picked":"Creative AI","floor":30},{"not_picked":["Loop","Hologram+1","Scrape+1"],"picked":"SKIP","floor":31},{"not_picked":["Machine Learning","All For One"],"picked":"Amplify","floor":33},{"not_picked":["Redo+1"],"picked":"SKIP","floor":35},{"not_picked":["Gash"],"picked":"SKIP","floor":39},{"not_picked":["Machine Learning"],"picked":"SKIP","floor":40},{"not_picked":["Thunder Strike"],"picked":"SKIP","floor":42},{"not_picked":["Biased Cognition"],"picked":"SKIP","floor":44},{"not_picked":["Steam Power+1"],"picked":"SKIP","floor":45},{"not_picked":[],"picked":"Reboot","floor":46},{"not_picked":[],"picked":"Seek","floor":48}],"player_experience":2724396,"relics_obtained":[{"floor":6,"key":"Vajra"},{"floor":8,"key":"StoneCalendar"},{"floor":9,"key":"Sundial"},{"floor":11,"key":"Mango"},{"floor":13,"key":"Oddly Smooth Stone"},{"floor":23,"key":"Happy Flower"},{"floor":25,"key":"Gambling Chip"},{"floor":26,"key":"Symbiotic Virus"},{"floor":28,"key":"Pocketwatch"},{"floor":30,"key":"The Courier"},{"floor":40,"key":"Unceasing Top"},{"floor":42,"key":"Blood Vial"},{"floor":43,"key":"Regal Pillow"},{"floor":44,"key":"Bag of Marbles"},{"floor":46,"key":"Nunchaku"},{"floor":48,"key":"Ancient Tea Set"}],"event_choices":[{"damage_healed":0,"gold_gain":0,"player_choice":"Upgraded","damage_taken":0,"max_hp_gain":0,"max_hp_loss":0,"event_name":"Upgrade Shrine","floor":4,"gold_loss":0,"cards_upgraded":["Buffer"]},{"damage_healed":0,"gold_gain":0,"player_choice":"Read","damage_taken":0,"max_hp_gain":0,"max_hp_loss":0,"event_name":"The Library","floor":21,"gold_loss":0,"cards_obtained":["Self Repair"]},{"damage_healed":0,"gold_gain":0,"player_choice":"Ignored","damage_taken":0,"max_hp_gain":0,"max_hp_loss":0,"event_name":"Tomb of Lord Red Mask","floor":37,"gold_loss":0},{"damage_healed":0,"gold_gain":0,"player_choice":"Memory 1","damage_taken":0,"max_hp_gain":0,"max_hp_loss":0,"event_name":"SensoryStone","floor":38,"gold_loss":0},{"cards_removed":["Reboot"],"damage_healed":0,"gold_gain":0,"player_choice":"Removed Skill","damage_taken":0,"max_hp_gain":0,"max_hp_loss":0,"event_name":"Falling","floor":47,"gold_loss":0}],"is_beta":false,"boss_relics":[{"not_picked":["Fusion Hammer","Nuclear Battery"],"picked":"Inserter"},{"not_picked":["Runic Dome","Eternal Feather"],"picked":"Busted Crown"}],"items_purged_floors":[],"is_endless":false,"potions_floor_spawned":[1,2,11,13,14,19,23,27,28,30,39,42,46,48],"ascension_level":0}