{"gold_per_floor":[359,359,21,21,38,38,3,3,3,3,3,16,41,51,51,154,154,169,183,183,183,31,31,31],"floor_reached":24,"playtime":909,"items_purged":["Parasite"],"score":259,"play_id":"092390f1-4c9a-4279-9dca-012c66f80337","local_time":"20190720111710","is_ascension_mode":true,"campfire_choices":[{"data":"Searing Blow","floor":6,"key":"SMITH"},{"data":"Searing Blow+1","floor":8,"key":"SMITH"},{"data":"Searing Blow+2","floor":11,"key":"SMITH"},{"data":"Searing Blow+3","floor":15,"key":"SMITH"},{"data":"Searing Blow+4","floor":23,"key":"SMITH"}],"neow_cost":"CURSE","seed_source_timestamp":1819899089321,"circlet_count":0,"master_deck":["Strike_R+1","Strike_R","Strike_R+1","Defend_R","Defend_R+1","Defend_R+1","Feed","Searing Blow+5","Sentinel","Whirlwind","Offering","Fiend Fire+1","Pummel+1","Wild Strike+1"],"relics":["Burning Blood","Peace Pipe","TheAbacus","Ancient Tea Set","Astrolabe","Whetstone"],"potions_floor_usage":[13,16,24],"damage_taken":[{"damage":6,"enemies":"Cultist","floor":1,"turns":4},{"damage":4,"enemies":"Jaw Worm","floor":5,"turns":4},{"damage":0,"enemies":"Small Slimes","floor":12,"turns":2},{"damage":13,"enemies":"Lagavulin","floor":13,"turns":5},{"damage":0,"enemies":"3 Louse","floor":14,"turns":3},{"damage":32,"enemies":"The Guardian","floor":16,"turns":13},{"damage":6,"enemies":"3 Byrds","floor":18,"turns":3},{"damage":31,"enemies":"Shell Parasite","floor":19,"turns":3},{"damage":43,"enemies":"Book of Stabbing","floor":24,"turns":3}],"seed_played":"1188998938772351873","potions_obtained":[{"floor":5,"key":"PowerPotion"},{"floor":13,"key":"Ancient Potion"},{"floor":14,"key":"Strength Potion"}],"is_trial":false,"path_per_floor":["M","?","$","?","M","R","$","R","T","?","R","M","E","M","R","B",null,"M","M","?","?","$","R","E"],"character_chosen":"IRONCLAD","items_purchased":["Feed","TheAbacus","Sentinel","Whetstone"],"campfire_rested":0,"item_purchase_floors":[3,3,7,22],"current_hp_per_floor":[72,69,69,69,74,74,74,74,74,58,58,67,60,69,69,43,75,78,53,53,36,36,36,0],"gold":31,"neow_bonus":"TWO_FIFTY_GOLD","is_prod":false,"is_daily":false,"chose_seed":false,"campfire_upgraded":5,"win_rate":0,"timestamp":1563614230,"path_taken":["M","?","$","?","?","R","?","R","T","?","R","M","E","M","R","BOSS","M","M","?","?","$","R","E"],"build_version":"2019-07-17","purchased_purges":1,"victory":false,"max_hp_per_floor":[80,80,77,77,80,80,80,80,80,80,80,83,83,86,86,86,86,89,89,89,94,94,94,94],"card_choices":[{"not_picked":["Armaments","Sword Boomerang"],"picked":"Perfected Strike","floor":1},{"not_picked":["Perfected Strike","Body Slam"],"picked":"Searing Blow","floor":5},{"not_picked":["Power Through","Heavy Blade","Pommel Strike"],"picked":"SKIP","floor":12},{"not_picked":["Exhume","Anger"],"picked":"Whirlwind","floor":13},{"not_picked":["Reckless Charge","Pummel","Flex"],"picked":"SKIP","floor":14},{"not_picked":["Exhume","Bludgeon"],"picked":"Offering","floor":16},{"not_picked":["Thunderclap","Uppercut","Warcry"],"picked":"SKIP","floor":18},{"not_picked":["Twin Strike","Flex","Sever Soul"],"picked":"SKIP","floor":19}],"player_experience":174262,"relics_obtained":[{"floor":13,"key":"Ancient Tea Set"}],"event_choices":[{"damage_healed":0,"gold_gain":0,"player_choice":"Success","damage_taken":3,"relics_obtained":["Peace Pipe"],"max_hp_gain":0,"max_hp_loss":0,"event_name":"Scrap Ooze","floor":2,"gold_loss":0},{"cards_removed":["Bash"],"damage_healed":0,"gold_gain":0,"player_choice":"Purged","damage_taken":0,"max_hp_gain":0,"max_hp_loss":0,"event_name":"Purifier","floor":4,"gold_loss":0},{"damage_healed":0,"gold_gain":0,"player_choice":"Entered Light","damage_taken":16,"max_hp_gain":0,"max_hp_loss":0,"event_name":"Shining Light","floor":10,"gold_loss":0,"cards_upgraded":["Defend_R","Defend_R"]},{"cards_removed":["Strike_R"],"damage_healed":0,"gold_gain":0,"player_choice":"Elegance","damage_taken":0,"max_hp_gain":0,"max_hp_loss":0,"event_name":"Back to Basics","floor":20,"gold_loss":0},{"damage_healed":0,"gold_gain":0,"player_choice":"Shed Blood","damage_taken":22,"max_hp_gain":5,"max_hp_loss":0,"event_name":"Forgotten Altar","floor":21,"gold_loss":0}],"is_beta":false,"boss_relics":[{"not_picked":["Runic Cube","Ectoplasm"],"picked":"Astrolabe"}],"items_purged_floors":[3],"is_endless":false,"potions_floor_spawned":[5,13,14],"killed_by":"Book of Stabbing","ascension_level":7}