{"gold_per_floor":[359,321,340,358,43,43,71,10,10,23,23,0,0,29,29,127,127,146,77,77,77,93,93,192,192,192,192,210,125,125,137,137,236,236,256,256,256,276,149,165,165,180,203,216,216,235,235,247,247,247],"floor_reached":51,"playtime":2999,"items_purged":["Strike_G"],"score":730,"play_id":"901434f8-d129-497e-a876-f8bb42374804","local_time":"20190719235549","is_ascension_mode":false,"campfire_choices":[{"data":"Noxious Fumes","floor":6,"key":"SMITH"},{"floor":11,"key":"REST"},{"data":"Neutralize","floor":13,"key":"SMITH"},{"data":"Deadly Poison","floor":15,"key":"SMITH"},{"data":"Footwork","floor":23,"key":"SMITH"},{"data":"Outmaneuver","floor":25,"key":"SMITH"},{"data":"Survivor","floor":27,"key":"SMITH"},{"data":"Backflip","floor":30,"key":"SMITH"},{"data":"Quick Slash","floor":32,"key":"SMITH"},{"data":"Footwork","floor":41,"key":"SMITH"},{"data":"Prepared","floor":45,"key":"SMITH"},{"floor":47,"key":"REST"},{"floor":49,"key":"REST"}],"neow_cost":"PERCENT_DAMAGE","seed_source_timestamp":773463399778192,"circlet_count":0,"master_deck":["Defend_G","Defend_G+1","Defend_G","Defend_G","Survivor+1","Neutralize+1","Quick Slash+1","Deadly Poison+1","Noxious Fumes+1","Deflect+1","Dagger Spray+1","Glass Knife+1","Dodge and Roll+1","Malaise+1","Night Terror+1","Footwork+1","Outmaneuver+1","Prepared+1","Backflip+1","Malaise+1","Deadly Poison+1","Terror+1","Footwork+1","Dash+1","Parasite","Well Laid Plans+1","Bullet Time"],"relics":["Ring of the Snake","Molten Egg 2","Darkstone Periapt","Singing Bowl","War Paint","Centennial Puzzle","Astrolabe","Pear","Meat on the Bone","White Beast Statue","Whetstone"],"potions_floor_usage":[33,33,40,50,50,50],"damage_taken":[{"damage":5,"enemies":"Jaw Worm","floor":1,"turns":8},{"damage":0,"enemies":"2 Louse","floor":3,"turns":4},{"damage":0,"enemies":"Cultist","floor":4,"turns":3},{"damage":18,"enemies":"Lagavulin","floor":7,"turns":7},{"damage":3,"enemies":"Red Slaver","floor":10,"turns":4},{"damage":3,"enemies":"3 Sentries","floor":14,"turns":5},{"damage":0,"enemies":"Hexaghost","floor":16,"turns":9},{"damage":0,"enemies":"3 Byrds","floor":18,"turns":5},{"damage":2,"enemies":"Shell Parasite","floor":22,"turns":6},{"damage":7,"enemies":"Snake Plant","floor":28,"turns":5},{"damage":1,"enemies":"Snecko","floor":31,"turns":8},{"damage":28,"enemies":"Collector","floor":33,"turns":11},{"damage":9,"enemies":"Orb Walker","floor":35,"turns":6},{"damage":12,"enemies":"3 Shapes","floor":38,"turns":4},{"damage":12,"enemies":"Jaw Worm Horde","floor":40,"turns":5},{"damage":7,"enemies":"Writhing Mass","floor":42,"turns":8},{"damage":9,"enemies":"Maw","floor":44,"turns":9},{"damage":10,"enemies":"Transient","floor":46,"turns":5},{"damage":11,"enemies":"Writhing Mass","floor":48,"turns":7},{"damage":35,"enemies":"Donu and Deca","floor":50,"turns":12}],"seed_played":"5632770994866226283","potions_obtained":[{"floor":7,"key":"LiquidBronze"},{"floor":14,"key":"Explosive Potion"},{"floor":31,"key":"Regen Potion"},{"floor":33,"key":"GhostInAJar"},{"floor":35,"key":"PowerPotion"},{"floor":38,"key":"SteroidPotion"},{"floor":40,"key":"SteroidPotion"},{"floor":42,"key":"Strength Potion"},{"floor":44,"key":"GhostInAJar"}],"is_trial":false,"path_per_floor":["M","?","M","M","$","R","E","?","T","M","R","$","R","E","R","B",null,"M","$","?","?","M","R","?","R","T","R","M","?","R","M","R","B",null,"M","?","?","M","$","M","R","M","T","M","R","M","R","M","R","B",null],"character_chosen":"THE_SILENT","items_purchased":["Molten Egg 2","Dagger Spray+1","Footwork","Footwork","Poison Potion"],"campfire_rested":3,"item_purchase_floors":[5,12,19,39,39],"current_hp_per_floor":[44,44,44,44,44,44,26,26,26,25,46,46,46,45,45,45,74,76,76,76,62,62,62,62,62,72,72,65,65,65,66,66,53,95,86,86,86,74,74,62,62,63,63,54,54,56,86,77,105,70],"gold":247,"neow_bonus":"TWO_FIFTY_GOLD","is_prod":false,"is_daily":false,"chose_seed":false,"campfire_upgraded":10,"win_rate":0,"timestamp":1563594949,"path_taken":["M","?","M","M","$","R","E","?","T","?","R","?","R","E","R","BOSS","M","$","?","?","M","R","?","R","T","R","M","?","R","?","R","BOSS","M","?","?","?","$","M","R","M","T","M","R","M","R","M","R","BOSS"],"build_version":"2019-07-17","purchased_purges":1,"victory":true,"max_hp_per_floor":[70,70,70,70,70,70,70,70,70,72,72,72,72,74,74,74,74,76,76,76,81,83,83,83,83,93,93,93,93,93,95,95,95,95,95,95,95,95,95,95,95,103,103,103,103,103,103,105,105,105],"card_choices":[{"not_picked":["Backflip","Endless Agony"],"picked":"Quick Slash","floor":1},{"not_picked":["Deflect","Slice"],"picked":"Deadly Poison","floor":3},{"not_picked":["Crippling Poison","All Out Attack"],"picked":"Noxious Fumes","floor":4},{"not_picked":["Poisoned Stab+1","Dodge and Roll"],"picked":"Deflect","floor":7},{"not_picked":["Prepared","Poisoned Stab+1","Acrobatics"],"picked":"Singing Bowl","floor":10},{"not_picked":["Flying Knee+1","Prepared","Skewer+1"],"picked":"Singing Bowl","floor":14},{"not_picked":["Bullet Time","Venomology"],"picked":"Glass Knife+1","floor":16},{"not_picked":["Underhanded Strike+1","Noxious Fumes","Slice+1"],"picked":"Singing Bowl","floor":18},{"not_picked":["Bouncing Flask","Deflect","Underhanded Strike+1"],"picked":"Singing Bowl","floor":22},{"not_picked":["Predator+1","Slice+1"],"picked":"Backflip","floor":28},{"not_picked":["Dagger Throw+1","Heel Hook+1","Poisoned Stab+1"],"picked":"Singing Bowl","floor":31},{"not_picked":["Night Terror","Burst"],"picked":"Malaise","floor":33},{"not_picked":["Slice+1","Skewer+1"],"picked":"Deadly Poison+1","floor":35},{"not_picked":["Setup","Prepared+1"],"picked":"Terror+1","floor":38},{"not_picked":["Infinite Blades","Expertise+1"],"picked":"Dash+1","floor":40},{"not_picked":["Endless Agony+1","Sucker Punch+1","Setup"],"picked":"Singing Bowl","floor":42},{"not_picked":["PiercingWail+1","Sucker Punch+1"],"picked":"Well Laid Plans+1","floor":44},{"not_picked":["Outmaneuver+1","Calculated Gamble"],"picked":"Bullet Time","floor":46},{"not_picked":["Deflect+1","Deadly Poison+1","Skewer+1"],"picked":"Singing Bowl","floor":48}],"player_experience":4054618,"relics_obtained":[{"floor":7,"key":"Darkstone Periapt"},{"floor":9,"key":"War Paint"},{"floor":14,"key":"Centennial Puzzle"},{"floor":26,"key":"Pear"},{"floor":43,"key":"Whetstone"}],"event_choices":[{"damage_healed":0,"gold_gain":0,"player_choice":"Left Gold","damage_taken":0,"max_hp_gain":0,"max_hp_loss":0,"event_name":"World of Goop","floor":2,"gold_loss":38},{"damage_healed":0,"gold_gain":0,"player_choice":"Paid Gold","damage_taken":0,"relics_obtained":["Singing Bowl"],"max_hp_gain":0,"max_hp_loss":0,"event_name":"WeMeetAgain","floor":8,"gold_loss":61},{"damage_healed":0,"gold_gain":0,"cards_transformed":["Strike_G","Defend_G"],"player_choice":"Became Test Subject","damage_taken":0,"max_hp_gain":0,"max_hp_loss":0,"event_name":"Drug Dealer","floor":20,"gold_loss":0,"cards_obtained":["Outmaneuver","Prepared"]},{"damage_healed":0,"gold_gain":0,"player_choice":"Shed Blood","damage_taken":19,"max_hp_gain":5,"max_hp_loss":0,"event_name":"Forgotten Altar","floor":21,"gold_loss":0},{"damage_healed":0,"gold_gain":99,"player_choice":"Stole From Cult","damage_taken":0,"max_hp_gain":0,"max_hp_loss":0,"event_name":"Nest","floor":24,"gold_loss":0},{"damage_healed":0,"gold_gain":0,"player_choice":"Obtained Relic","damage_taken":0,"relics_obtained":["Meat on the Bone"],"max_hp_gain":0,"max_hp_loss":0,"event_name":"Addict","floor":29,"gold_loss":85},{"damage_healed":0,"gold_gain":0,"player_choice":"Ignored","damage_taken":0,"max_hp_gain":0,"max_hp_loss":0,"event_name":"Mysterious Sphere","floor":36,"gold_loss":0},{"damage_healed":0,"gold_gain":0,"player_choice":"Upgraded","damage_taken":0,"max_hp_gain":0,"max_hp_loss":0,"event_name":"Upgrade Shrine","floor":37,"gold_loss":0,"cards_upgraded":["Malaise"]}],"is_beta":false,"boss_relics":[{"not_picked":["Lizard Tail","Eternal Feather"],"picked":"Astrolabe"},{"not_picked":["Black Star","Pandora\u0027s Box"],"picked":"White Beast Statue"}],"items_purged_floors":[5],"is_endless":false,"potions_floor_spawned":[7,14,31,33,35,38,40,42,44,46,48],"ascension_level":0}