{"gold_per_floor":[112,12,26,51,1,1,29,29,29,64,64,84,84,94,94,194,194,177,177,192,24,34,34,46,46,46,65,65,94,114,114,114,114],"floor_reached":33,"playtime":1358,"items_purged":["Strike_R"],"score":325,"play_id":"1ec2ddd5-47d4-42eb-8da6-c5288390a829","local_time":"20190627104940","is_ascension_mode":false,"campfire_choices":[{"data":"Armaments","floor":6,"key":"SMITH"},{"data":"Demon Form","floor":13,"key":"SMITH"},{"data":"Limit Break","floor":15,"key":"SMITH"},{"data":"Offering","floor":23,"key":"SMITH"},{"data":"Intimidate","floor":25,"key":"SMITH"},{"data":"Shrug It Off","floor":28,"key":"SMITH"},{"data":"Pummel","floor":32,"key":"SMITH"}],"neow_cost":"NONE","seed_source_timestamp":1246897387961439,"circlet_count":0,"master_deck":["Strike_R","Strike_R","Strike_R","Defend_R","Defend_R","Defend_R","Defend_R","Bash+1","Demon Form+1","Shrug It Off+1","Armaments+1","Cleave+1","Heavy Blade","Limit Break+1","Sword Boomerang","Intimidate+1","Offering+1","True Grit+1","Warcry+1","Pummel+1","Evolve+1"],"relics":["Burning Blood","Whetstone","The Courier","Mummified Hand","Dream Catcher","Mango","Velvet Choker","Lee\u0027s Waffle","Frozen Egg 2","Darkstone Periapt"],"potions_floor_usage":[10,16,29,33,33],"damage_taken":[{"damage":1,"enemies":"Cultist","floor":1,"turns":4},{"damage":0,"enemies":"Small Slimes","floor":3,"turns":4},{"damage":31,"enemies":"3 Sentries","floor":7,"turns":8},{"damage":27,"enemies":"Gremlin Nob","floor":10,"turns":4},{"damage":0,"enemies":"2 Louse","floor":12,"turns":2},{"damage":0,"enemies":"Blue Slaver","floor":14,"turns":4},{"damage":49,"enemies":"Hexaghost","floor":16,"turns":12},{"damage":21,"enemies":"2 Thieves","floor":18,"turns":4},{"damage":6,"enemies":"Chosen","floor":20,"turns":3},{"damage":10,"enemies":"Snecko","floor":22,"turns":5},{"damage":16,"enemies":"Snake Plant","floor":24,"turns":3},{"damage":15,"enemies":"Centurion and Healer","floor":27,"turns":4},{"damage":28,"enemies":"Slavers","floor":29,"turns":7},{"damage":6,"enemies":"Shelled Parasite and Fungi","floor":30,"turns":4},{"damage":65,"enemies":"Collector","floor":33,"turns":5}],"seed_played":"-528992801125935575","potions_obtained":[{"floor":7,"key":"Regen Potion"},{"floor":12,"key":"Energy Potion"},{"floor":14,"key":"SpeedPotion"},{"floor":22,"key":"Poison Potion"},{"floor":30,"key":"LiquidBronze"}],"is_trial":false,"path_per_floor":["M","$","M","T","?","R","E","$","T","E","?","M","R","M","R","B",null,"M","?","M","$","M","R","M","R","T","M","R","E","M","?","R","B"],"character_chosen":"IRONCLAD","items_purchased":["Armaments","Lee\u0027s Waffle"],"campfire_rested":0,"item_purchase_floors":[2,21],"current_hp_per_floor":[80,80,80,80,80,80,55,55,55,46,53,59,59,65,65,22,94,79,60,60,106,102,102,92,92,92,83,83,61,61,61,61,0],"gold":114,"neow_bonus":"ONE_RANDOM_RARE_CARD","is_prod":false,"is_daily":false,"chose_seed":false,"campfire_upgraded":7,"win_rate":0,"timestamp":1561646980,"path_taken":["M","$","M","?","?","R","E","$","T","E","?","M","R","M","R","BOSS","M","?","M","$","M","R","M","R","T","M","R","E","M","?","R","BOSS"],"build_version":"2019-01-23","purchased_purges":1,"victory":false,"max_hp_per_floor":[80,80,80,80,80,80,80,80,80,80,94,94,94,94,94,94,94,94,99,99,106,106,106,106,106,106,106,106,106,106,106,106,106],"card_choices":[{"not_picked":["Rupture","Perfected Strike"],"picked":"Shrug It Off","floor":1},{"not_picked":["Clash","Flex"],"picked":"Cleave","floor":3},{"not_picked":["Brutality","Double Tap"],"picked":"Heavy Blade","floor":7},{"not_picked":["Sentinel","Havoc"],"picked":"Limit Break","floor":10},{"not_picked":["Perfected Strike","Anger"],"picked":"Sword Boomerang","floor":12},{"not_picked":["Headbutt","Rage"],"picked":"Intimidate","floor":14},{"not_picked":["Brutality","Fiend Fire"],"picked":"Offering","floor":16},{"not_picked":["Headbutt+1","Corruption+1"],"picked":"True Grit+1","floor":18},{"not_picked":["Evolve","Flex","Heavy Blade"],"picked":"SKIP","floor":20},{"not_picked":["Headbutt","Heavy Blade"],"picked":"Warcry+1","floor":22},{"not_picked":["Havoc+1","Headbutt","Sentinel"],"picked":"SKIP","floor":24},{"not_picked":["Dropkick","Iron Wave"],"picked":"Pummel","floor":27},{"not_picked":["Rampage","Clash","Wild Strike"],"picked":"SKIP","floor":29},{"not_picked":["Wild Strike","Bloodletting"],"picked":"Evolve+1","floor":30}],"player_experience":3844522,"relics_obtained":[{"floor":4,"key":"Whetstone"},{"floor":7,"key":"The Courier"},{"floor":9,"key":"Mummified Hand"},{"floor":10,"key":"Dream Catcher"},{"floor":26,"key":"Frozen Egg 2"},{"floor":29,"key":"Darkstone Periapt"}],"event_choices":[{"cards_removed":["Strike_R"],"damage_healed":0,"gold_gain":0,"player_choice":"Card Removal","damage_taken":0,"max_hp_gain":0,"max_hp_loss":0,"event_name":"The Cleric","floor":5,"gold_loss":50},{"damage_healed":0,"gold_gain":0,"player_choice":"Success","damage_taken":7,"relics_obtained":["Mango"],"max_hp_gain":0,"max_hp_loss":0,"event_name":"Scrap Ooze","floor":11,"gold_loss":0},{"damage_healed":0,"gold_gain":0,"player_choice":"Shed Blood","damage_taken":24,"max_hp_gain":5,"max_hp_loss":0,"event_name":"Forgotten Altar","floor":19,"gold_loss":0},{"damage_healed":0,"gold_gain":0,"player_choice":"Ignored","damage_taken":0,"max_hp_gain":0,"max_hp_loss":0,"event_name":"NoteForYourself","floor":31,"gold_loss":0}],"is_beta":false,"boss_relics":[{"not_picked":["Mark of Pain","Philosopher\u0027s Stone"],"picked":"Velvet Choker"}],"items_purged_floors":[2],"is_endless":false,"potions_floor_spawned":[7,12,14,22,30],"killed_by":"Collector","ascension_level":0}