{"gold_per_floor":[114,129,144,159,174,204,219,219,219,249,264,36,66,241,241,341,341,356,356,456,15,30,60,102,114,151,193,205,217,259,286,298,410,422,449,461,473,60,92,92,122,122,122,137,137,467,482,497,497,497],"floor_reached":51,"playtime":3201,"items_purged":["Strike_R","Doubt","Strike_R"],"score":903,"play_id":"7326ce86-cb4c-442b-988c-956697b1ff32","local_time":"20190612224045","daily_mods":["Heirloom","Time Dilation","Night Terrors"],"is_ascension_mode":false,"campfire_choices":[{"data":"Uppercut","floor":8,"key":"SMITH"},{"data":"Offering","floor":15,"key":"SMITH"},{"data":"Flame Barrier","floor":25,"key":"SMITH"},{"data":"Dual Wield","floor":28,"key":"SMITH"},{"data":"Inflame","floor":32,"key":"SMITH"},{"data":"Apotheosis","floor":40,"key":"SMITH"},{"data":"Mind Blast","floor":42,"key":"SMITH"},{"data":"Spot Weakness","floor":45,"key":"SMITH"},{"data":"Heavy Blade","floor":49,"key":"SMITH"}],"neow_cost":"","seed_source_timestamp":0,"circlet_count":0,"master_deck":["Strike_R","Defend_R","Defend_R","Defend_R","Defend_R","Bash","Uppercut+1","Pommel Strike","True Grit","Flex","Spot Weakness+1","Seeing Red+1","Flame Barrier+1","Heavy Blade+1","Offering+1","Dual Wield+1","Exhume","Immolate","Iron Wave+1","Cleave+1","Battle Trance+1","Ghostly Armor","Entrench+1","Inflame+1","Rage","Impervious","Apotheosis+1","Good Instincts","Mind Blast+1","Pummel+1","Power Through+1","True Grit+1","Shrug It Off+1"],"special_seed":18060,"relics":["Burning Blood","Calipers","WingedGreaves","Mercury Hourglass","Blood Vial","Gremlin Horn","Black Star","Ice Cream","Pantograph","Lee\u0027s Waffle","MawBank","War Paint","Meat on the Bone","Vajra","Regal Pillow","Orichalcum","FossilizedHelix","Boot","Nunchaku","Sozu","Turnip","Ginger","Mummified Hand","Art of War","Champion Belt","Old Coin","Potion Belt"],"potions_floor_usage":[10,20,20,20,30,33,33,50],"damage_taken":[{"damage":6,"enemies":"Cultist","floor":1,"turns":4},{"damage":0,"enemies":"Small Slimes","floor":2,"turns":3},{"damage":6,"enemies":"Jaw Worm","floor":3,"turns":2},{"damage":7,"enemies":"3 Louse","floor":4,"turns":4},{"damage":5,"enemies":"Looter","floor":5,"turns":5},{"damage":24,"enemies":"3 Sentries","floor":6,"turns":6},{"damage":14,"enemies":"Exordium Thugs","floor":7,"turns":5},{"damage":18,"enemies":"Gremlin Nob","floor":10,"turns":4},{"damage":5,"enemies":"3 Louse","floor":11,"turns":2},{"damage":8,"enemies":"Lagavulin","floor":13,"turns":5},{"damage":21,"enemies":"The Guardian","floor":16,"turns":8},{"damage":17,"enemies":"Spheric Guardian","floor":18,"turns":3},{"damage":8,"enemies":"Colosseum Slavers","floor":20,"turns":3},{"damage":35,"enemies":"Colosseum Nobs","floor":20,"turns":4},{"damage":6,"enemies":"Chosen","floor":22,"turns":3},{"damage":19,"enemies":"Gremlin Leader","floor":23,"turns":4},{"damage":18,"enemies":"Book of Stabbing","floor":24,"turns":3},{"damage":9,"enemies":"Slavers","floor":27,"turns":2},{"damage":11,"enemies":"Book of Stabbing","floor":30,"turns":4},{"damage":0,"enemies":"Centurion and Healer","floor":31,"turns":4},{"damage":14,"enemies":"Collector","floor":33,"turns":10},{"damage":0,"enemies":"3 Darklings","floor":35,"turns":1},{"damage":23,"enemies":"2 Orb Walkers","floor":39,"turns":3},{"damage":12,"enemies":"Giant Head","floor":41,"turns":8},{"damage":0,"enemies":"Orb Walker","floor":44,"turns":2},{"damage":6,"enemies":"Nemesis","floor":46,"turns":5},{"damage":0,"enemies":"Maw","floor":47,"turns":6},{"damage":0,"enemies":"Sphere and 2 Shapes","floor":48,"turns":3},{"damage":16,"enemies":"Awakened One","floor":50,"turns":11}],"seed_played":"2929705001745865417","potions_obtained":[{"floor":3,"key":"SteroidPotion"},{"floor":5,"key":"LiquidBronze"},{"floor":13,"key":"Regen Potion"},{"floor":18,"key":"AttackPotion"},{"floor":20,"key":"BloodPotion"},{"floor":22,"key":"Dexterity Potion"},{"floor":24,"key":"PowerPotion"},{"floor":30,"key":"Fire Potion"}],"is_trial":false,"path_per_floor":["M","M","M","M","M","E","M","R","T","E","M","$","E","?","R","B",null,"M","?","?","$","M","E","E","R","T","E","R","?","E","M","R","B",null,"M","?","?","$","?","R","E","R","T","M","R","E","M","M","R","B",null],"character_chosen":"IRONCLAD","items_purchased":["Offering","Dual Wield","Lee\u0027s Waffle","Battle Trance","Ghostly Armor","Turnip"],"campfire_rested":0,"item_purchase_floors":[12,12,21,21,21,38],"current_hp_per_floor":[80,80,80,79,80,62,54,54,54,42,45,45,45,45,45,32,80,69,54,36,92,92,79,69,69,69,68,68,68,74,82,82,84,92,92,92,82,82,67,67,63,63,63,71,71,73,81,89,89,82],"gold":497,"neow_bonus":"","is_prod":false,"is_daily":true,"chose_seed":false,"campfire_upgraded":9,"win_rate":0,"timestamp":1560393645,"path_taken":["M","M","?","M","M","E","M","R","T","E","M","?","E","?","R","BOSS","M","?","?","$","M","E","E","R","T","E","R","?","E","M","R","BOSS","M","?","?","$","?","R","E","R","T","?","R","E","M","M","R","BOSS"],"build_version":"2019-01-23","purchased_purges":3,"victory":true,"max_hp_per_floor":[80,80,80,80,80,80,80,80,80,80,80,80,80,80,80,80,80,80,85,85,92,92,92,92,92,92,92,92,92,92,92,92,92,92,92,92,92,92,92,92,92,92,92,92,92,92,92,92,92,92],"card_choices":[{"not_picked":["Flex","Pommel Strike"],"picked":"Uppercut","floor":1},{"not_picked":["Second Wind","Sword Boomerang"],"picked":"Pommel Strike","floor":2},{"not_picked":["Anger","Body Slam"],"picked":"True Grit","floor":3},{"not_picked":["Whirlwind","Sword Boomerang"],"picked":"Flex","floor":4},{"not_picked":["Rupture","Havoc"],"picked":"Spot Weakness","floor":5},{"not_picked":["Searing Blow","True Grit"],"picked":"Seeing Red","floor":6},{"not_picked":["Rage","Warcry"],"picked":"Flame Barrier","floor":7},{"not_picked":["Wild Strike","Flex"],"picked":"Heavy Blade","floor":10},{"not_picked":["Havoc","Wild Strike","Sever Soul"],"picked":"SKIP","floor":11},{"not_picked":["Perfected Strike","Body Slam"],"picked":"Exhume","floor":13},{"not_picked":["Impervious","Barricade"],"picked":"Immolate","floor":16},{"not_picked":["Clothesline","Heavy Blade"],"picked":"Iron Wave+1","floor":18},{"not_picked":["Bloodletting+1","Combust"],"picked":"Cleave+1","floor":20},{"not_picked":["Pommel Strike+1","Sword Boomerang","Rage"],"picked":"SKIP","floor":22},{"not_picked":["Shrug It Off","Anger"],"picked":"Entrench+1","floor":23},{"not_picked":["Pommel Strike+1","Havoc","Bloodletting"],"picked":"SKIP","floor":24},{"not_picked":["Fire Breathing","Uppercut","Heavy Blade+1"],"picked":"SKIP","floor":27},{"not_picked":["True Grit","Iron Wave","Dropkick"],"picked":"SKIP","floor":30},{"not_picked":["Offering","Wild Strike+1","Rampage"],"picked":"SKIP","floor":31},{"not_picked":["Dark Embrace","Exhume"],"picked":"Impervious","floor":33},{"not_picked":["True Grit","Infernal Blade","Wild Strike"],"picked":"SKIP","floor":35},{"not_picked":["Magnetism","Mind Blast"],"picked":"Apotheosis","floor":37},{"not_picked":["Bandage Up","Deep Breath"],"picked":"Good Instincts","floor":37},{"not_picked":["Secret Technique","Purity"],"picked":"Mind Blast","floor":37},{"not_picked":["Cleave","Anger+1"],"picked":"Pummel+1","floor":39},{"not_picked":["Feed","Ghostly Armor"],"picked":"Power Through+1","floor":41},{"not_picked":["Bloodletting+1","Body Slam+1"],"picked":"True Grit+1","floor":44},{"not_picked":["Armaments+1","Dual Wield"],"picked":"Shrug It Off+1","floor":46},{"not_picked":["Reckless Charge+1","Wild Strike","Bloodletting+1"],"picked":"SKIP","floor":47},{"not_picked":["Clash+1","Wild Strike","Hemokinesis"],"picked":"SKIP","floor":48}],"player_experience":3743943,"relics_obtained":[{"floor":6,"key":"WingedGreaves"},{"floor":9,"key":"Mercury Hourglass"},{"floor":10,"key":"Blood Vial"},{"floor":13,"key":"Gremlin Horn"},{"floor":20,"key":"Ice Cream"},{"floor":20,"key":"Pantograph"},{"floor":23,"key":"MawBank"},{"floor":23,"key":"War Paint"},{"floor":24,"key":"Meat on the Bone"},{"floor":24,"key":"Vajra"},{"floor":26,"key":"Regal Pillow"},{"floor":27,"key":"Orichalcum"},{"floor":27,"key":"FossilizedHelix"},{"floor":30,"key":"Boot"},{"floor":30,"key":"Nunchaku"},{"floor":39,"key":"Ginger"},{"floor":41,"key":"Mummified Hand"},{"floor":41,"key":"Art of War"},{"floor":43,"key":"Champion Belt"},{"floor":46,"key":"Old Coin"},{"floor":46,"key":"Potion Belt"}],"event_choices":[{"damage_healed":0,"gold_gain":175,"player_choice":"AGREE","damage_taken":0,"max_hp_gain":0,"max_hp_loss":0,"event_name":"Liars Game","floor":14,"gold_loss":0,"cards_obtained":["Doubt"]},{"damage_healed":0,"gold_gain":0,"player_choice":"Shed Blood","damage_taken":20,"max_hp_gain":5,"max_hp_loss":0,"event_name":"Forgotten Altar","floor":19,"gold_loss":0},{"damage_healed":0,"gold_gain":0,"player_choice":"Fight","damage_taken":0,"max_hp_gain":0,"max_hp_loss":0,"event_name":"Colosseum","floor":20,"gold_loss":0},{"damage_healed":0,"gold_gain":0,"player_choice":"Fought Nobs","damage_taken":0,"max_hp_gain":0,"max_hp_loss":0,"event_name":"Colosseum","floor":20,"gold_loss":0},{"damage_healed":0,"gold_gain":0,"cards_transformed":["Strike_R","Strike_R"],"player_choice":"Became Test Subject","damage_taken":0,"max_hp_gain":0,"max_hp_loss":0,"event_name":"Drug Dealer","floor":29,"gold_loss":0,"cards_obtained":["Inflame","Rage"]},{"damage_healed":0,"gold_gain":0,"player_choice":"Ignored","damage_taken":0,"max_hp_gain":0,"max_hp_loss":0,"event_name":"Tomb of Lord Red Mask","floor":36,"gold_loss":0},{"damage_healed":0,"gold_gain":0,"player_choice":"Memory 3","damage_taken":10,"max_hp_gain":0,"max_hp_loss":0,"event_name":"SensoryStone","floor":37,"gold_loss":0},{"damage_healed":0,"gold_gain":0,"player_choice":"Fight","damage_taken":0,"max_hp_gain":0,"max_hp_loss":0,"event_name":"Mysterious Sphere","floor":39,"gold_loss":0}],"is_beta":false,"boss_relics":[{"not_picked":["Lizard Tail","Tiny House"],"picked":"Black Star"},{"not_picked":["Black Blood","Runic Cube"],"picked":"Sozu"}],"items_purged_floors":[12,21,38],"is_endless":false,"potions_floor_spawned":[3,5,13,18,20,22,24,30,39,41,46],"ascension_level":0}