{"gold_per_floor":[112,112,112,125,46,76,76,76,76,88,107,107,132,147,147,225,225,242,167,167,16,0,0,18,18,318,318,233,249,249,249],"floor_reached":31,"playtime":1858,"items_purged":["Decay"],"score":505,"play_id":"21cc2980-f3fb-42bd-aa96-2e255f24e695","local_time":"20190409150111","is_ascension_mode":true,"campfire_choices":[{"data":"Rip and Tear","floor":7,"key":"SMITH"},{"floor":12,"key":"REST"},{"floor":15,"key":"REST"},{"floor":23,"key":"REST"},{"floor":25,"key":"REST"},{"data":"Creative AI","floor":27,"key":"SMITH"},{"floor":30,"key":"REST"}],"neow_cost":"NONE","seed_source_timestamp":394002815196324,"circlet_count":0,"master_deck":["AscendersBane","Strike_B","Defend_B","Defend_B","Defend_B","Defend_B","Zap","Dualcast","Undo","Hologram","Rip and Tear+1","Biased Cognition","Double Energy","Tempest","Rainbow","White Noise","Creative AI+1","BootSequence","Sunder","White Noise"],"relics":["Cracked Core","NeowsBlessing","Dead Branch","Dodecahedron","Singing Bowl","Turnip","Runic Pyramid","Old Coin","Ornamental Fan"],"potions_floor_usage":[16,18,22,31,31],"damage_taken":[{"damage":0,"enemies":"Jaw Worm","floor":1,"turns":1},{"damage":0,"enemies":"Small Slimes","floor":4,"turns":1},{"damage":0,"enemies":"Gremlin Nob","floor":6,"turns":1},{"damage":14,"enemies":"2 Louse","floor":10,"turns":3},{"damage":0,"enemies":"Looter","floor":11,"turns":1},{"damage":39,"enemies":"3 Sentries","floor":13,"turns":7},{"damage":0,"enemies":"Large Slime","floor":14,"turns":4},{"damage":19,"enemies":"The Guardian","floor":16,"turns":12},{"damage":35,"enemies":"Spheric Guardian","floor":18,"turns":8},{"damage":13,"enemies":"2 Thieves","floor":22,"turns":5},{"damage":13,"enemies":"Snake Plant","floor":24,"turns":7},{"damage":43,"enemies":"Shelled Parasite and Fungi","floor":29,"turns":9},{"damage":34,"enemies":"Book of Stabbing","floor":31,"turns":4}],"seed_played":"-6077318174646372992","potions_obtained":[{"floor":4,"key":"SpeedPotion"},{"floor":6,"key":"Ancient Potion"},{"floor":16,"key":"Block Potion"},{"floor":24,"key":"FearPotion"},{"floor":29,"key":"Dexterity Potion"}],"is_trial":false,"path_per_floor":["M","?","?","M","$","E","R","?","T","M","M","R","E","M","R","B",null,"M","?","?","$","M","R","M","R","T","R","?","M","R","E"],"character_chosen":"DEFECT","items_purchased":["Rip and Tear","BootSequence"],"campfire_rested":5,"item_purchase_floors":[5,21],"current_hp_per_floor":[64,53,46,46,46,46,46,46,46,32,34,55,16,16,37,18,59,26,26,26,26,15,38,25,48,48,48,48,5,28,0],"gold":249,"neow_bonus":"THREE_ENEMY_KILL","is_prod":false,"is_daily":false,"chose_seed":false,"campfire_upgraded":2,"win_rate":0,"timestamp":1554836471,"path_taken":["M","?","?","M","$","E","R","?","T","M","M","R","E","M","R","BOSS","M","?","?","$","M","R","M","R","T","R","?","M","R","E"],"build_version":"2019-01-23","purchased_purges":1,"victory":false,"max_hp_per_floor":[71,71,71,71,71,71,71,71,71,71,73,73,73,73,73,73,73,75,75,75,75,77,77,77,77,77,77,77,77,77,77],"card_choices":[{"not_picked":["Coolheaded","Compile Driver"],"picked":"Undo","floor":1},{"not_picked":["Gash","Leap"],"picked":"Hologram","floor":4},{"not_picked":["Darkness","Compile Driver"],"picked":"Biased Cognition","floor":6},{"not_picked":["Hologram","Conserve Battery"],"picked":"Tempest","floor":10},{"not_picked":["Sweeping Beam","Streamline","Ball Lightning"],"picked":"Singing Bowl","floor":11},{"not_picked":["Blizzard","Fission"],"picked":"Rainbow","floor":13},{"not_picked":["Force Field","Fusion"],"picked":"White Noise","floor":14},{"not_picked":["Electrodynamics","Seek"],"picked":"Creative AI","floor":16},{"not_picked":["Hologram","Go for the Eyes","Compile Driver+1"],"picked":"Singing Bowl","floor":18},{"not_picked":["Lockon","Loop","Beam Cell"],"picked":"Singing Bowl","floor":22},{"not_picked":["Compile Driver","Conserve Battery"],"picked":"Sunder","floor":24},{"not_picked":["Chaos","Hyperbeam"],"picked":"White Noise","floor":29}],"player_experience":3321592,"relics_obtained":[{"floor":6,"key":"Dodecahedron"},{"floor":9,"key":"Singing Bowl"},{"floor":13,"key":"Turnip"},{"floor":26,"key":"Old Coin"}],"event_choices":[{"damage_healed":0,"gold_gain":0,"player_choice":"Success","damage_taken":11,"relics_obtained":["Dead Branch"],"max_hp_gain":0,"max_hp_loss":0,"event_name":"Scrap Ooze","floor":2,"gold_loss":0},{"cards_removed":["Strike_B"],"damage_healed":0,"gold_gain":0,"player_choice":"Card Removal","damage_taken":7,"max_hp_gain":0,"max_hp_loss":0,"event_name":"Golden Wing","floor":3,"gold_loss":0},{"damage_healed":0,"gold_gain":0,"cards_transformed":["Strike_B"],"player_choice":"Change","damage_taken":0,"max_hp_gain":0,"max_hp_loss":0,"event_name":"Living Wall","floor":8,"gold_loss":0,"cards_obtained":["Double Energy"]},{"cards_removed":["Strike_B"],"damage_healed":0,"gold_gain":0,"player_choice":"Gave Gold","damage_taken":0,"max_hp_gain":0,"max_hp_loss":0,"event_name":"Beggar","floor":19,"gold_loss":75},{"damage_healed":0,"gold_gain":0,"player_choice":"Smashed Altar","damage_taken":0,"max_hp_gain":0,"max_hp_loss":0,"event_name":"Forgotten Altar","floor":20,"gold_loss":0,"cards_obtained":["Decay"]},{"damage_healed":0,"gold_gain":0,"player_choice":"Obtained Relic","damage_taken":0,"relics_obtained":["Ornamental Fan"],"max_hp_gain":0,"max_hp_loss":0,"event_name":"Addict","floor":28,"gold_loss":85}],"is_beta":false,"boss_relics":[{"not_picked":["Empty Cage","Lizard Tail"],"picked":"Runic Pyramid"}],"items_purged_floors":[21],"is_endless":false,"potions_floor_spawned":[4,6,16,24,29],"killed_by":"Book of Stabbing","ascension_level":18}