{"gold_per_floor":[369,388,403,403,403,403,424,121,144,144,164,164,198,213,213,339,402,425,441,441,441,26,26,56,56,56,67,67,81,94,110,110,209,209,219,219,239,91,110,110,130,140,140,150,150,163,163,176,176,176],"floor_reached":51,"playtime":2775,"items_purged":["Injury","Strike_R"],"score":750,"play_id":"2959e38c-e6f6-461f-8597-ce00be7fc8df","local_time":"20190717132523","is_ascension_mode":false,"campfire_choices":[{"data":"Bash","floor":6,"key":"SMITH"},{"data":"Sword Boomerang","floor":10,"key":"SMITH"},{"data":"Twin Strike","floor":12,"key":"SMITH"},{"data":"Uppercut","floor":15,"key":"SMITH"},{"data":"Inflame","floor":23,"key":"SMITH"},{"data":"Feed","floor":25,"key":"SMITH"},{"data":"Clothesline","floor":28,"key":"SMITH"},{"data":"Flame Barrier","floor":32,"key":"SMITH"},{"data":"Disarm","floor":40,"key":"SMITH"},{"data":"Limit Break","floor":47,"key":"SMITH"},{"floor":49,"key":"REST"}],"neow_cost":"CURSE","seed_source_timestamp":563060767361216,"circlet_count":0,"master_deck":["Strike_R","Strike_R+1","Strike_R","Defend_R","Defend_R","Defend_R","Defend_R","Bash+1","Sword Boomerang+1","Power Through","Headbutt","Burning Pact","Twin Strike+1","Flame Barrier+1","Uppercut+1","Feed+1","Clothesline+1","Warcry","Inflame+1","Spot Weakness","Entrench+1","Heavy Blade","Disarm+1","Exhume","Shockwave+1","Disarm","Limit Break+1","Intimidate","Whirlwind+1","Forethought"],"relics":["Burning Blood","Bloody Idol","Anchor","Centennial Puzzle","Red Skull","Tiny House","Happy Flower","Ornamental Fan","Bottled Tornado","Mark of Pain","Juzu Bracelet","Vajra"],"potions_floor_usage":[13,16,16,18,24,24,33,33,42,44,46,50],"damage_taken":[{"damage":8,"enemies":"Jaw Worm","floor":1,"turns":4},{"damage":9,"enemies":"2 Louse","floor":2,"turns":3},{"damage":6,"enemies":"Cultist","floor":3,"turns":3},{"damage":7,"enemies":"Blue Slaver","floor":7,"turns":4},{"damage":3,"enemies":"Red Slaver","floor":11,"turns":2},{"damage":19,"enemies":"3 Sentries","floor":13,"turns":7},{"damage":8,"enemies":"Exordium Thugs","floor":14,"turns":3},{"damage":6,"enemies":"Hexaghost","floor":16,"turns":6},{"damage":0,"enemies":"Chosen","floor":18,"turns":4},{"damage":15,"enemies":"2 Thieves","floor":19,"turns":4},{"damage":15,"enemies":"Book of Stabbing","floor":24,"turns":4},{"damage":11,"enemies":"Snake Plant","floor":27,"turns":3},{"damage":0,"enemies":"Centurion and Healer","floor":29,"turns":5},{"damage":27,"enemies":"Shelled Parasite and Fungi","floor":30,"turns":5},{"damage":10,"enemies":"Cultist and Chosen","floor":31,"turns":5},{"damage":79,"enemies":"Automaton","floor":33,"turns":12},{"damage":30,"enemies":"3 Shapes","floor":35,"turns":11},{"damage":29,"enemies":"3 Darklings","floor":37,"turns":5},{"damage":10,"enemies":"Writhing Mass","floor":39,"turns":7},{"damage":25,"enemies":"Maw","floor":41,"turns":10},{"damage":19,"enemies":"Spire Growth","floor":42,"turns":4},{"damage":0,"enemies":"4 Shapes","floor":44,"turns":5},{"damage":32,"enemies":"Transient","floor":46,"turns":5},{"damage":0,"enemies":"Spire Growth","floor":48,"turns":3},{"damage":75,"enemies":"Awakened One","floor":50,"turns":10}],"seed_played":"6613268121030540111","potions_obtained":[{"floor":1,"key":"Block Potion"},{"floor":11,"key":"Poison Potion"},{"floor":13,"key":"Dexterity Potion"},{"floor":14,"key":"Strength Potion"},{"floor":16,"key":"GamblersBrew"},{"floor":17,"key":"SkillPotion"},{"floor":18,"key":"SkillPotion"},{"floor":27,"key":"FearPotion"},{"floor":33,"key":"EssenceOfSteel"},{"floor":35,"key":"Dexterity Potion"},{"floor":42,"key":"FearPotion"},{"floor":44,"key":"Fire Potion"}],"is_trial":false,"path_per_floor":["M","M","M","?","?","R","M","$","T","R","M","R","E","M","R","B",null,"M","M","?","?","$","R","E","R","T","M","R","M","M","M","R","B",null,"M","?","M","$","M","R","M","M","T","M","?","M","R","M","R","B",null],"character_chosen":"IRONCLAD","items_purchased":["Anchor","Burning Pact","Inflame","Happy Flower","Spot Weakness","Juzu Bracelet"],"campfire_rested":1,"item_purchase_floors":[8,8,22,22,22,38],"current_hp_per_floor":[78,75,75,80,59,59,58,58,58,58,61,61,48,46,46,46,90,93,87,87,87,87,87,83,83,83,87,87,102,86,91,91,23,108,93,93,75,75,80,80,66,58,58,77,77,56,56,71,109,40],"gold":176,"neow_bonus":"TWO_FIFTY_GOLD","is_prod":false,"is_daily":false,"chose_seed":false,"campfire_upgraded":10,"win_rate":0,"timestamp":1563384323,"path_taken":["M","M","M","?","?","R","M","$","T","R","M","R","E","M","R","BOSS","M","M","?","?","$","R","E","R","T","M","R","M","?","M","R","BOSS","M","?","M","$","M","R","M","M","T","M","?","M","R","M","R","BOSS"],"build_version":"2019-07-05","purchased_purges":2,"victory":true,"max_hp_per_floor":[80,80,80,85,85,85,85,85,85,85,85,85,85,85,85,85,90,93,96,96,96,96,96,96,96,96,100,100,104,104,108,108,108,108,112,112,112,112,116,116,116,116,116,124,124,124,124,128,128,128],"card_choices":[{"not_picked":["Havoc","Combust","Thunderclap"],"picked":"SKIP","floor":1},{"not_picked":["Shrug It Off","Combust"],"picked":"Sword Boomerang","floor":2},{"not_picked":["Fire Breathing","Entrench"],"picked":"Power Through","floor":3},{"not_picked":["Ghostly Armor","Metallicize"],"picked":"Headbutt","floor":7},{"not_picked":["Seeing Red","Headbutt"],"picked":"Twin Strike","floor":11},{"not_picked":["Body Slam","Sword Boomerang"],"picked":"Flame Barrier","floor":13},{"not_picked":["Rupture","Havoc","Uppercut"],"picked":"SKIP","floor":14},{"not_picked":["Rupture","Havoc"],"picked":"Uppercut","floor":14},{"not_picked":["Reaper","Berserk"],"picked":"Feed","floor":16},{"not_picked":["Ghostly Armor","Clash"],"picked":"Clothesline","floor":17},{"not_picked":["True Grit","Sever Soul"],"picked":"Warcry","floor":18},{"not_picked":["True Grit","Havoc","Thunderclap"],"picked":"SKIP","floor":19},{"not_picked":["Spot Weakness+1","Pommel Strike"],"picked":"Entrench+1","floor":24},{"not_picked":["Twin Strike","Clothesline","Combust"],"picked":"SKIP","floor":27},{"not_picked":["Pommel Strike+1","Burning Pact"],"picked":"Heavy Blade","floor":29},{"not_picked":["Fire Breathing","Entrench"],"picked":"Disarm","floor":30},{"not_picked":["Twin Strike","Brutality","Metallicize"],"picked":"SKIP","floor":31},{"not_picked":["Juggernaut","Dark Embrace"],"picked":"Exhume","floor":33},{"not_picked":["True Grit","Reckless Charge"],"picked":"Shockwave+1","floor":35},{"not_picked":["Warcry","Anger","Perfected Strike+1"],"picked":"SKIP","floor":37},{"not_picked":["Clash","Thunderclap+1","Havoc"],"picked":"SKIP","floor":39},{"not_picked":["Battle Trance+1","Armaments"],"picked":"Limit Break","floor":41},{"not_picked":["Inflame","Searing Blow+1"],"picked":"Intimidate","floor":42},{"not_picked":["Armaments","Anger+1"],"picked":"Whirlwind+1","floor":44},{"not_picked":["Purity","Madness"],"picked":"Forethought","floor":45},{"not_picked":["Pommel Strike","Cleave","Dual Wield"],"picked":"SKIP","floor":46},{"not_picked":["Clash+1","Flex+1","Dual Wield+1"],"picked":"SKIP","floor":48}],"player_experience":4025381,"relics_obtained":[{"floor":9,"key":"Centennial Puzzle"},{"floor":13,"key":"Red Skull"},{"floor":24,"key":"Ornamental Fan"},{"floor":26,"key":"Bottled Tornado"},{"floor":43,"key":"Vajra"}],"event_choices":[{"damage_healed":0,"gold_gain":0,"player_choice":"Donut","damage_taken":0,"max_hp_gain":5,"max_hp_loss":0,"event_name":"Big Fish","floor":4,"gold_loss":0},{"damage_healed":0,"gold_gain":0,"player_choice":"Take Damage","damage_taken":21,"relics_obtained":["Golden Idol"],"max_hp_gain":0,"max_hp_loss":0,"event_name":"Golden Idol","floor":5,"gold_loss":0},{"damage_healed":0,"gold_gain":0,"player_choice":"Gave Idol","damage_taken":0,"relics_obtained":["Bloody Idol"],"max_hp_gain":0,"max_hp_loss":0,"event_name":"Forgotten Altar","floor":20,"relics_lost":["Golden Idol"],"gold_loss":0},{"cards_removed":["Strike_R"],"damage_healed":0,"gold_gain":0,"player_choice":"Card Removal","damage_taken":0,"max_hp_gain":0,"max_hp_loss":0,"event_name":"Wheel of Change","floor":21,"gold_loss":0},{"damage_healed":0,"gold_gain":0,"player_choice":"Copied","damage_taken":0,"max_hp_gain":0,"max_hp_loss":0,"event_name":"Duplicator","floor":36,"gold_loss":0,"cards_obtained":["Disarm"]},{"damage_healed":0,"gold_gain":0,"player_choice":"Memory 1","damage_taken":0,"max_hp_gain":0,"max_hp_loss":0,"event_name":"SensoryStone","floor":45,"gold_loss":0}],"is_beta":false,"boss_relics":[{"not_picked":["Fusion Hammer","Busted Crown"],"picked":"Tiny House"},{"not_picked":["Lizard Tail","Astrolabe"],"picked":"Mark of Pain"}],"items_purged_floors":[8,22],"is_endless":false,"potions_floor_spawned":[1,11,13,14,16,18,19,27,33,35,42,44],"ascension_level":0}