{"gold_per_floor":[116,116,116,8,83,108,108,134,134,152,152,15,15,15,15,92,92,105,105,2,16,16,16,51,66,93,93,110,110,110],"floor_reached":30,"playtime":1273,"items_purged":[],"score":604,"play_id":"ef4a43d8-3041-420c-8672-d927281f1de6","local_time":"20190427114808","is_ascension_mode":true,"campfire_choices":[{"data":"Zap","floor":7,"key":"SMITH"},{"data":"Consume","floor":11,"key":"SMITH"},{"data":"Conserve Battery","floor":13,"key":"SMITH"},{"data":"Leap","floor":15,"key":"SMITH"},{"floor":23,"key":"REST"},{"data":"Hologram","floor":27,"key":"SMITH"},{"floor":29,"key":"REST"}],"neow_cost":"NONE","seed_source_timestamp":1527653262962019,"circlet_count":0,"master_deck":["AscendersBane","Strike_B","Strike_B","Strike_B","Strike_B","Defend_B","Defend_B","Defend_B+1","Defend_B","Zap+1","Dualcast","Gash","Consume+1","Rebound","Leap+1","Skim","Barrage","Doom and Gloom","Conserve Battery+1","Multi-Cast","Cold Snap","Hologram+1","Meteor Strike","Steam","Coolheaded+1","Genetic Algorithm","Leap+1","Electrodynamics"],"relics":["Cracked Core","NeowsBlessing","Peace Pipe","Cables","Sundial","Meat on the Bone","The Courier","Sozu","Matryoshka","Bronze Scales","War Paint"],"potions_floor_usage":[16,24,28],"damage_taken":[{"damage":0,"enemies":"2 Louse","floor":1,"turns":1},{"damage":0,"enemies":"Gremlin Nob","floor":6,"turns":1},{"damage":0,"enemies":"Lagavulin","floor":8,"turns":1},{"damage":9,"enemies":"Small Slimes","floor":10,"turns":3},{"damage":20,"enemies":"Hexaghost","floor":16,"turns":8},{"damage":39,"enemies":"2 Thieves","floor":18,"turns":4},{"damage":22,"enemies":"Shell Parasite","floor":21,"turns":5},{"damage":34,"enemies":"Book of Stabbing","floor":24,"turns":6},{"damage":11,"enemies":"Sentry and Sphere","floor":25,"turns":4},{"damage":31,"enemies":"Shelled Parasite and Fungi","floor":28,"turns":6},{"damage":45,"enemies":"Centurion and Healer","floor":30,"turns":7}],"seed_played":"-5230602520375991206","potions_obtained":[{"floor":1,"key":"Block Potion"},{"floor":8,"key":"GamblersBrew"},{"floor":16,"key":"LiquidBronze"}],"is_trial":false,"path_per_floor":["M","?","?","$","?","E","R","E","T","M","R","$","R","T","R","B",null,"M","?","$","M","?","R","E","M","T","R","M","R","M"],"character_chosen":"DEFECT","items_purchased":["Consume","Rebound","Doom and Gloom","Conserve Battery","Meteor Strike","Steam"],"campfire_rested":2,"item_purchase_floors":[4,4,12,12,20,20],"current_hp_per_floor":[64,53,58,58,47,47,47,47,47,50,50,50,50,50,50,42,68,41,41,41,31,31,53,31,32,32,32,13,35,0],"gold":110,"neow_bonus":"THREE_ENEMY_KILL","is_prod":false,"is_daily":false,"chose_seed":false,"campfire_upgraded":5,"win_rate":0,"timestamp":1556380088,"path_taken":["M","?","?","?","?","E","R","E","T","M","R","$","R","?","R","BOSS","M","?","$","M","?","R","E","M","T","R","M","R","M"],"build_version":"2019-01-23","purchased_purges":0,"victory":false,"max_hp_per_floor":[71,71,76,76,76,76,76,76,76,76,76,76,76,76,76,76,76,76,76,76,76,76,76,76,76,76,76,76,76,76],"card_choices":[{"not_picked":["Reprogram","Stack"],"picked":"Gash","floor":1},{"not_picked":["Sweeping Beam","Undo"],"picked":"Leap","floor":6},{"not_picked":["Gash","Compile Driver"],"picked":"Skim","floor":8},{"not_picked":["Sweeping Beam","Compile Driver"],"picked":"Barrage","floor":10},{"not_picked":["Biased Cognition","Electrodynamics"],"picked":"Multi-Cast","floor":16},{"not_picked":["Steam","Barrage+1"],"picked":"Cold Snap","floor":18},{"not_picked":["Sweeping Beam","Storm"],"picked":"Coolheaded+1","floor":21},{"not_picked":["Sunder","Doom and Gloom"],"picked":"Genetic Algorithm","floor":24},{"not_picked":["FTL","Heatsinks"],"picked":"Leap","floor":25},{"not_picked":["Leap","Redo"],"picked":"Electrodynamics","floor":28}],"player_experience":3503207,"relics_obtained":[{"floor":6,"key":"Cables"},{"floor":8,"key":"Sundial"},{"floor":9,"key":"Meat on the Bone"},{"floor":14,"key":"The Courier"},{"floor":24,"key":"Matryoshka"},{"floor":26,"key":"Bronze Scales"},{"floor":26,"key":"War Paint"}],"event_choices":[{"damage_healed":0,"gold_gain":0,"player_choice":"Success","damage_taken":11,"relics_obtained":["Peace Pipe"],"max_hp_gain":0,"max_hp_loss":0,"event_name":"Scrap Ooze","floor":2,"gold_loss":0},{"damage_healed":0,"gold_gain":0,"player_choice":"Donut","damage_taken":0,"max_hp_gain":5,"max_hp_loss":0,"event_name":"Big Fish","floor":3,"gold_loss":0},{"damage_healed":0,"gold_gain":75,"player_choice":"Gather Gold","damage_taken":11,"max_hp_gain":0,"max_hp_loss":0,"event_name":"World of Goop","floor":5,"gold_loss":0},{"damage_healed":0,"gold_gain":0,"player_choice":"Read","damage_taken":0,"max_hp_gain":0,"max_hp_loss":0,"event_name":"The Library","floor":19,"gold_loss":0,"cards_obtained":["Hologram"]},{"damage_healed":0,"gold_gain":0,"player_choice":"Ignored","damage_taken":0,"max_hp_gain":0,"max_hp_loss":0,"event_name":"Beggar","floor":22,"gold_loss":0}],"is_beta":false,"boss_relics":[{"not_picked":["Coffee Dripper","Ectoplasm"],"picked":"Sozu"}],"items_purged_floors":[],"is_endless":false,"potions_floor_spawned":[1,8,16,18,21],"killed_by":"Centurion and Healer","ascension_level":20}