{"path_per_floor":["M","M","M","$","M","T","E","?","T","M","R","?","E","M","R","B",null,"M","?","M","?","M","$","T","R","T","R","?","E","M","M","R","B",null,"M","?","$","M","M","R","M","R","T","$","E","$","?","M","R","B"],"character_chosen":"THE_SILENT","items_purchased":["Oddly Smooth Stone","Vajra","Footwork","Tough Bandages","Sundial","Blur","Prepared","Swift Potion"],"gold_per_floor":[362,381,392,10,25,25,59,59,359,373,373,435,464,482,482,580,580,594,684,671,671,688,14,14,14,14,14,14,46,65,82,82,182,182,198,0,0,14,28,28,44,44,44,44,73,24,24,36,36,36],"floor_reached":51,"campfire_rested":0,"playtime":8623,"current_hp_per_floor":[63,63,63,63,61,61,52,52,52,52,52,36,6,33,33,33,63,45,17,29,29,41,41,55,55,55,55,55,64,64,64,64,77,77,77,77,77,77,68,68,68,68,68,68,68,68,58,58,58,77],"items_purged":[],"gold":36,"play_id":"7b809a23-fd3b-487d-87ac-e37c339b92b5","is_prod":false,"is_daily":false,"is_ascension_mode":false,"campfire_upgraded":7,"path_taken":["M","M","?","$","M","?","E","?","T","M","R","?","E","?","R","BOSS","M","?","M","?","M","$","?","R","T","R","?","E","M","M","R","BOSS","M","?","$","?","M","R","M","R","T","$","E","?","?","?","R","BOSS"],"build_version":"2018-01-25-PROD3","purchased_purges":0,"victory":true,"master_deck":["Defend_G+1","Defend_G+1","Defend_G+1","Defend_G+1","Defend_G+1","Strike_G+1","Strike_G+1","Strike_G+1","Strike_G+1","Strike_G+1","Survivor","Neutralize","Acrobatics+1","Footwork+1","After Image","Footwork","Backflip","After Image","Acrobatics+1","Footwork+1","Dagger Throw","Backstab","Glass Knife+1","Caltrops+1","Dramatic Entrance","Finesse","Terror","Caltrops","Blur","Prepared+1","PiercingWail+1","Concentrate+1","Tactician","Underhanded Strike+1","Well Laid Plans","Reflex+1","Acrobatics+1","Outmaneuver+1","Madness","Madness"],"max_hp_per_floor":[63,63,63,63,63,63,63,63,63,63,63,63,63,63,63,63,63,63,63,63,63,63,63,77,77,77,77,77,77,77,77,77,77,77,77,77,77,77,77,77,77,77,77,77,77,77,77,77,77,77],"relics":["Ring of the Snake","Oddly Smooth Stone","Vajra","Mummified Hand","Thread and Needle","Old Coin","Frozen Eye","Meat on the Bone","White Beast Statue","Tough Bandages","Sundial","Mango","Pantograph","Torii","Black Star","Red Mask","Girya","Ice Cream","Peace Pipe"],"card_choices":[{"not_picked":["PiercingWail","Prepared"],"picked":"Acrobatics"},{"not_picked":["Acrobatics","Bane"],"picked":"Footwork"},{"not_picked":["Bane","Quick Slash"],"picked":"After Image"},{"not_picked":["Acrobatics","Poisoned Stab"],"picked":"Backflip"},{"not_picked":["Cloak And Dagger","Heel Hook"],"picked":"After Image"},{"not_picked":["Concentrate","Deadly Poison"],"picked":"Acrobatics"},{"not_picked":["Heel Hook","Cloak And Dagger"],"picked":"Footwork"},{"not_picked":["Corpse Explosion","Outmaneuver"],"picked":"Dagger Throw"},{"not_picked":["Malaise","PiercingWail"],"picked":"Backstab"},{"not_picked":["Night Terror","Corpse Explosion"],"picked":"Glass Knife"},{"not_picked":["Quick Slash","Bane"],"picked":"Caltrops"},{"not_picked":["Accuracy","Bouncing Flask"],"picked":"Terror"},{"not_picked":["Flying Knee","Sucker Punch"],"picked":"Caltrops"},{"not_picked":["Skewer","Endless Agony"],"picked":"PiercingWail"},{"not_picked":["Cloak And Dagger","Reflex"],"picked":"Concentrate"},{"not_picked":["A Thousand Cuts","Wraith Form"],"picked":"Tactician"},{"not_picked":["Deadly Poison","Crippling Poison"],"picked":"Underhanded Strike"},{"not_picked":["Backflip","PiercingWail"],"picked":"Well Laid Plans"},{"not_picked":["Leg Sweep","Dagger Throw"],"picked":"Reflex"},{"not_picked":["Dagger Spray","Dagger Throw"],"picked":"Acrobatics"},{"not_picked":["Sucker Punch","Bane"],"picked":"Outmaneuver"}],"player_experience":221538,"potions_floor_usage":[14,16,16,18,29,29,29,33,33,39,39,45,50,50,50],"damage_taken":[{"damage":0,"enemies":"Blue Slaver","floor":1,"turns":8},{"damage":0,"enemies":"Jaw Worm","floor":2,"turns":4},{"damage":0,"enemies":"Cultist","floor":3,"turns":5},{"damage":2,"enemies":"3 Louse","floor":5,"turns":5},{"damage":9,"enemies":"Lagavulin","floor":7,"turns":18},{"damage":0,"enemies":"2 Fungi Beasts","floor":10,"turns":4},{"damage":16,"enemies":"Gremlin Nob","floor":12,"turns":7},{"damage":30,"enemies":"Gremlin Nob","floor":13,"turns":8},{"damage":0,"enemies":"Large Slime","floor":14,"turns":7},{"damage":0,"enemies":"Slime Boss","floor":16,"turns":17},{"damage":18,"enemies":"Chosen","floor":18,"turns":8},{"damage":0,"enemies":"2 Thieves","floor":20,"turns":4},{"damage":0,"enemies":"Centurion and Healer","floor":22,"turns":7},{"damage":0,"enemies":"Slavers","floor":29,"turns":4},{"damage":0,"enemies":"Sentry and Sphere","floor":30,"turns":6},{"damage":0,"enemies":"3 Cultists","floor":31,"turns":6},{"damage":0,"enemies":"Collector","floor":33,"turns":12},{"damage":0,"enemies":"3 Darklings","floor":35,"turns":7},{"damage":0,"enemies":"Orb Walker","floor":38,"turns":4},{"damage":9,"enemies":"Sphere and 2 Shapes","floor":39,"turns":6},{"damage":0,"enemies":"4 Shapes","floor":41,"turns":9},{"damage":0,"enemies":"Nemesis","floor":45,"turns":10},{"damage":0,"enemies":"Maw","floor":48,"turns":7},{"damage":0,"enemies":"Time Eater","floor":50,"turns":12}],"event_choices":[{"event_name":"Liars Game","player_choice":"disagreed","floor":8,"damage_taken":0},{"event_name":"Dead Adventurer","player_choice":"Searched \u00271\u0027 times","floor":12,"damage_taken":0},{"event_name":"Knowing Skull","player_choice":"CARD GOLD CARD ","floor":19,"damage_taken":0},{"event_name":"Vampires","player_choice":"Ignored","floor":21,"damage_taken":0},{"event_name":"Back to Basics","player_choice":"Simplicity","floor":28,"damage_taken":0},{"event_name":"Tomb of Lord Red Mask","player_choice":"Paid","floor":36,"damage_taken":0},{"event_name":"Winding Halls","player_choice":"Embrace Madness","floor":47,"damage_taken":0}],"boss_relics":[{"not_picked":["Cursed Key","Velvet Choker"],"picked":"White Beast Statue"},{"not_picked":["Snecko Eye","Runic Dome"],"picked":"Black Star"}],"potions_floor_spawned":[2,12,13,14,18,20,22,29,30,31,33,35,38,39,41,45,48],"seed_played":"3962790855971454536","ascension_level":0,"is_trial":false}