{"gold_per_floor":[219,5,5,23,39,39,50,64,64,78,78,106,126,46,46,123,123,141,157,182,197,26,26,38,66,66,66,85,85,119,119,119,119],"floor_reached":33,"playtime":2249,"items_purged":["Coolheaded"],"score":535,"play_id":"37adcb08-74dd-49b5-b210-7f9603d9ed74","local_time":"20190406182833","is_ascension_mode":true,"campfire_choices":[{"floor":6,"key":"REST"},{"floor":11,"key":"REST"},{"data":"Hologram","floor":15,"key":"SMITH"},{"floor":23,"key":"REST"},{"floor":27,"key":"REST"},{"data":"Defragment","floor":29,"key":"SMITH"},{"data":"Reinforced Body","floor":32,"key":"SMITH"}],"neow_cost":"NONE","seed_source_timestamp":146853303330040,"circlet_count":0,"master_deck":["AscendersBane","Zap","Dualcast","Reinforced Body+1","Genetic Algorithm","Fusion","Ball Lightning","Darkness","Rip and Tear","Redo","Hologram+1","Sweeping Beam","Defragment+1","Biased Cognition","Consume","Chill","Hologram","Coolheaded","Reboot","Core Surge","Biased Cognition","Doom and Gloom","Steam","Consume+1","Self Repair","Glacier","BootSequence","Genetic Algorithm"],"relics":["Cracked Core","Du-Vu Doll","Meat on the Bone","Pandora\u0027s Box","Red Mask","StoneCalendar","Bronze Scales","Regal Pillow"],"potions_floor_usage":[5,10,12,16,18,20,25,30,33],"damage_taken":[{"damage":8,"enemies":"Small Slimes","floor":1,"turns":3},{"damage":0,"enemies":"Jaw Worm","floor":4,"turns":3},{"damage":1,"enemies":"Cultist","floor":5,"turns":3},{"damage":3,"enemies":"Blue Slaver","floor":7,"turns":5},{"damage":6,"enemies":"Looter","floor":8,"turns":4},{"damage":7,"enemies":"Lots of Slimes","floor":10,"turns":4},{"damage":1,"enemies":"Gremlin Nob","floor":12,"turns":4},{"damage":1,"enemies":"2 Fungi Beasts","floor":13,"turns":4},{"damage":50,"enemies":"Hexaghost","floor":16,"turns":10},{"damage":9,"enemies":"Shell Parasite","floor":18,"turns":4},{"damage":25,"enemies":"3 Byrds","floor":19,"turns":5},{"damage":14,"enemies":"Masked Bandits","floor":20,"turns":6},{"damage":18,"enemies":"Sentry and Sphere","floor":21,"turns":6},{"damage":30,"enemies":"Shelled Parasite and Fungi","floor":24,"turns":10},{"damage":19,"enemies":"Gremlin Leader","floor":25,"turns":9},{"damage":0,"enemies":"Chosen and Byrds","floor":28,"turns":5},{"damage":19,"enemies":"Book of Stabbing","floor":30,"turns":5},{"damage":51,"enemies":"Champ","floor":33,"turns":12}],"seed_played":"4682140493612029607","potions_obtained":[{"floor":1,"key":"Poison Potion"},{"floor":4,"key":"SkillPotion"},{"floor":7,"key":"PowerPotion"},{"floor":8,"key":"LiquidBronze"},{"floor":13,"key":"EntropicBrew"},{"floor":16,"key":"Weak Potion"},{"floor":24,"key":"Explosive Potion"},{"floor":25,"key":"Energy Potion"},{"floor":30,"key":"FocusPotion"}],"is_trial":false,"path_per_floor":["M","$","?","M","M","R","M","M","T","M","R","E","M","$","R","B",null,"M","M","?","M","$","R","M","E","T","R","M","R","E","?","R","B"],"character_chosen":"DEFECT","items_purchased":["Genetic Algorithm","Fusion","Ball Lightning","Defragment","Self Repair","Fire Potion"],"campfire_rested":4,"item_purchase_floors":[2,2,2,14,22,22],"current_hp_per_floor":[56,56,35,35,34,55,52,46,46,39,60,59,58,58,58,20,58,49,36,34,28,28,49,38,31,31,52,59,59,40,40,40,0],"gold":119,"neow_bonus":"HUNDRED_GOLD","is_prod":false,"is_daily":false,"chose_seed":false,"campfire_upgraded":3,"win_rate":0,"timestamp":1554589713,"path_taken":["M","$","?","M","M","R","M","M","T","M","R","E","M","$","R","BOSS","M","M","?","M","$","R","M","E","T","R","M","R","E","?","R","BOSS"],"build_version":"2019-01-23","purchased_purges":1,"victory":false,"max_hp_per_floor":[71,71,71,71,71,71,71,71,71,71,71,71,71,71,71,71,71,71,71,71,71,71,71,71,71,71,71,71,71,71,71,71,71],"card_choices":[{"not_picked":["Compile Driver","Redo"],"picked":"Reinforced Body","floor":1},{"not_picked":["Coolheaded","Lockon"],"picked":"Darkness","floor":4},{"not_picked":["Undo","Chill"],"picked":"Rip and Tear","floor":5},{"not_picked":["Sweeping Beam","Streamline"],"picked":"Redo","floor":7},{"not_picked":["Darkness","Barrage"],"picked":"Hologram","floor":8},{"not_picked":["Beam Cell","Recycle"],"picked":"Sweeping Beam","floor":10},{"not_picked":["Compile Driver","Turbo","Reinforced Body"],"picked":"SKIP","floor":12},{"not_picked":["Turbo","Fusion","Darkness"],"picked":"SKIP","floor":13},{"not_picked":["Core Surge","All For One"],"picked":"Biased Cognition","floor":16},{"not_picked":["Sweeping Beam","Conserve Battery","Coolheaded"],"picked":"SKIP","floor":18},{"not_picked":["Beam Cell","Fusion"],"picked":"Doom and Gloom","floor":19},{"not_picked":["Gash","Redo"],"picked":"Steam","floor":20},{"not_picked":["Conserve Battery","Cold Snap+1"],"picked":"Consume+1","floor":21},{"not_picked":["Streamline","Multi-Cast"],"picked":"Glacier","floor":24},{"not_picked":["Machine Learning","Steam Power"],"picked":"BootSequence","floor":25},{"not_picked":["Compile Driver","Go for the Eyes","Ball Lightning"],"picked":"SKIP","floor":28},{"not_picked":["Barrage","Conserve Battery","Coolheaded"],"picked":"SKIP","floor":30}],"player_experience":3309552,"relics_obtained":[{"floor":9,"key":"Du-Vu Doll"},{"floor":12,"key":"Meat on the Bone"},{"floor":20,"key":"Red Mask"},{"floor":25,"key":"StoneCalendar"},{"floor":26,"key":"Bronze Scales"},{"floor":30,"key":"Regal Pillow"}],"event_choices":[{"damage_healed":0,"gold_gain":0,"player_choice":"Entered Light","damage_taken":21,"max_hp_gain":0,"max_hp_loss":0,"event_name":"Shining Light","floor":3,"gold_loss":0,"cards_upgraded":["Strike_B","Defend_B"]},{"damage_healed":0,"gold_gain":0,"player_choice":"Fought Bandits","damage_taken":0,"max_hp_gain":0,"max_hp_loss":0,"event_name":"Masked Bandits","floor":20,"gold_loss":0},{"damage_healed":0,"gold_gain":0,"player_choice":"Copied","damage_taken":0,"max_hp_gain":0,"max_hp_loss":0,"event_name":"Duplicator","floor":31,"gold_loss":0,"cards_obtained":["Genetic Algorithm"]}],"is_beta":false,"boss_relics":[{"not_picked":["Fusion Hammer","Eternal Feather"],"picked":"Pandora\u0027s Box"}],"items_purged_floors":[22],"is_endless":false,"potions_floor_spawned":[1,4,7,8,13,16,24,25,30],"killed_by":"Champ","ascension_level":17}