{"gold_per_floor":[117,134,147,167,177,207,207,207,260,276,296,311,116,140,140,268,268,286,309,309,309,110,145,145,170,170,170,170,170],"floor_reached":29,"playtime":3570,"items_purged":["Defend_G","Defend_G"],"score":249,"play_id":"afd007e6-dc55-43b2-9eb1-f05e11116968","local_time":"20190720221248","is_ascension_mode":false,"campfire_choices":[{"data":"Dodge and Roll","floor":7,"key":"SMITH"},{"floor":15,"key":"REST"},{"data":"Malaise","floor":24,"key":"SMITH"},{"data":"Catalyst","floor":28,"key":"SMITH"}],"neow_cost":"CURSE","seed_source_timestamp":27466372777700,"circlet_count":0,"master_deck":["Strike_G","Strike_G","Strike_G","Strike_G","Strike_G","Defend_G","Defend_G","Defend_G","Survivor","Neutralize","Writhe","Crippling Poison","Noxious Fumes","Deflect","Dodge and Roll+1","Underhanded Strike","Footwork","Injury","Catalyst+1","Underhanded Strike","Poisoned Stab","Deadly Poison","Venomology","Acrobatics","Dodge and Roll+1","Malaise+1"],"relics":["Ring of the Snake","Smiling Mask","Bloody Idol","Happy Flower","White Beast Statue","Nloth\u0027s Gift","Anchor","Ninja Scroll"],"potions_floor_usage":[16,16,19,23,25,29,29],"damage_taken":[{"damage":0,"enemies":"Small Slimes","floor":1,"turns":7},{"damage":3,"enemies":"2 Louse","floor":2,"turns":3},{"damage":2,"enemies":"Cultist","floor":3,"turns":5},{"damage":0,"enemies":"Blue Slaver","floor":4,"turns":6},{"damage":1,"enemies":"Exordium Wildlife","floor":5,"turns":5},{"damage":20,"enemies":"3 Sentries","floor":6,"turns":10},{"damage":0,"enemies":"2 Fungi Beasts","floor":10,"turns":5},{"damage":0,"enemies":"3 Louse","floor":11,"turns":3},{"damage":9,"enemies":"Red Slaver","floor":12,"turns":4},{"damage":13,"enemies":"Gremlin Gang","floor":14,"turns":4},{"damage":27,"enemies":"The Guardian","floor":16,"turns":8},{"damage":0,"enemies":"Chosen","floor":18,"turns":4},{"damage":2,"enemies":"3 Byrds","floor":19,"turns":3},{"damage":36,"enemies":"Book of Stabbing","floor":23,"turns":8},{"damage":12,"enemies":"Snake Plant","floor":25,"turns":4},{"damage":34,"enemies":"Cultist and Chosen","floor":29,"turns":6}],"seed_played":"-97566282546212526","potions_obtained":[{"floor":2,"key":"SkillPotion"},{"floor":3,"key":"FearPotion"},{"floor":4,"key":"SkillPotion"},{"floor":6,"key":"SpeedPotion"},{"floor":14,"key":"AttackPotion"},{"floor":18,"key":"LiquidBronze"},{"floor":19,"key":"Fire Potion"},{"floor":25,"key":"Swift Potion"}],"is_trial":false,"path_per_floor":["M","M","M","M","M","E","R","?","T","M","M","M","$","M","R","B",null,"M","M","?","?","$","E","R","M","T","?","R","M"],"character_chosen":"THE_SILENT","items_purchased":["Snake Skull","Anchor"],"campfire_rested":1,"item_purchase_floors":[13,22],"current_hp_per_floor":[84,81,79,79,78,58,58,58,58,58,58,49,49,36,61,34,84,84,82,82,82,82,46,46,34,34,34,34,0],"gold":170,"neow_bonus":"TWENTY_PERCENT_HP_BONUS","is_prod":false,"is_daily":false,"chose_seed":false,"campfire_upgraded":3,"win_rate":0,"timestamp":1563678768,"path_taken":["M","M","M","M","M","E","R","?","T","M","M","M","$","M","R","BOSS","M","M","?","?","$","E","R","?","T","?","R","M"],"build_version":"2019-07-17","purchased_purges":2,"victory":false,"max_hp_per_floor":[84,84,84,84,84,84,84,84,84,84,84,84,84,84,84,84,84,84,84,84,84,84,84,84,84,84,84,84,84],"card_choices":[{"not_picked":["Deflect","Heel Hook"],"picked":"Crippling Poison","floor":1},{"not_picked":["Outmaneuver","Acrobatics"],"picked":"Noxious Fumes","floor":2},{"not_picked":["Finisher","Choke"],"picked":"Deflect","floor":3},{"not_picked":["Quick Slash","Well Laid Plans"],"picked":"Dodge and Roll","floor":4},{"not_picked":["Flying Knee","Doppelganger"],"picked":"Underhanded Strike","floor":5},{"not_picked":["Outmaneuver","Acrobatics"],"picked":"Footwork","floor":6},{"not_picked":["Backstab","Footwork"],"picked":"Catalyst","floor":10},{"not_picked":["Blade Dance","Dodge and Roll"],"picked":"Underhanded Strike","floor":11},{"not_picked":["Sucker Punch","Bane"],"picked":"Poisoned Stab","floor":12},{"not_picked":["Finisher","Quick Slash"],"picked":"Deadly Poison","floor":14},{"not_picked":["Envenom","Wraith Form v2"],"picked":"Venomology","floor":16},{"not_picked":["Caltrops+1","Noxious Fumes"],"picked":"Acrobatics","floor":18},{"not_picked":["Tactician","Well Laid Plans"],"picked":"Dodge and Roll+1","floor":19},{"not_picked":["Skewer","Bane"],"picked":"Malaise","floor":23},{"not_picked":["Distraction","Predator+1","Choke"],"picked":"SKIP","floor":25}],"player_experience":230170,"relics_obtained":[{"floor":6,"key":"Smiling Mask"},{"floor":9,"key":"Happy Flower"},{"floor":23,"key":"Ninja Scroll"}],"event_choices":[{"damage_healed":0,"gold_gain":0,"player_choice":"Take Wound","damage_taken":0,"relics_obtained":["Golden Idol"],"max_hp_gain":0,"max_hp_loss":0,"event_name":"Golden Idol","floor":8,"gold_loss":0,"cards_obtained":["Injury"]},{"damage_healed":0,"gold_gain":0,"player_choice":"Ignored","damage_taken":0,"max_hp_gain":0,"max_hp_loss":0,"event_name":"Vampires","floor":20,"gold_loss":0},{"damage_healed":0,"gold_gain":0,"player_choice":"Traded Relic","damage_taken":0,"relics_obtained":["Nloth\u0027s Gift"],"max_hp_gain":0,"max_hp_loss":0,"event_name":"N\u0027loth","floor":21,"relics_lost":["Snake Skull"],"gold_loss":0},{"damage_healed":0,"gold_gain":0,"player_choice":"Gave Idol","damage_taken":0,"relics_obtained":["Bloody Idol"],"max_hp_gain":0,"max_hp_loss":0,"event_name":"Forgotten Altar","floor":27,"relics_lost":["Golden Idol"],"gold_loss":0}],"is_beta":false,"boss_relics":[{"not_picked":["Fusion Hammer","Busted Crown"],"picked":"White Beast Statue"}],"items_purged_floors":[13,22],"is_endless":false,"potions_floor_spawned":[2,3,4,6,14,18,19,23,25],"killed_by":"Cultist and Chosen","ascension_level":0}