{"gold_per_floor":[369,369,369,369,12,37,51,51,51,61,92,109,109,120,120,217,217,230,230,230,230,17,17,49,49,49,49,69,69],"floor_reached":29,"playtime":1410,"items_purged":["Writhe"],"score":324,"play_id":"0eab2e46-a048-47cb-b92b-4400e2cc47f2","local_time":"20181125225726","is_ascension_mode":true,"campfire_choices":[{"data":"Apotheosis","floor":8,"key":"SMITH"},{"floor":15,"key":"DIG"},{"floor":23,"key":"DIG"},{"floor":25,"key":"DIG"},{"floor":27,"key":"REST"}],"neow_cost":"CURSE","seed_source_timestamp":1037956002695892,"circlet_count":0,"master_deck":["Bash","Anger","Apotheosis+1","Thunderclap","Shrug It Off+1","Inflame","Metallicize","Body Slam","Shrug It Off","Shrug It Off","Juggernaut","Blood for Blood","Body Slam","Heavy Blade","Searing Blow","Cleave","Armaments","Perfected Strike","Iron Wave","True Grit+1","Cleave+1","Fiend Fire+1","Mind Blast+1","Shrug It Off+1"],"relics":["Burning Blood","Peace Pipe","Shovel","Boot","Darkstone Periapt","Pandora\u0027s Box","Molten Egg 2","Ginger","Pantograph","PreservedInsect"],"potions_floor_usage":[7,14,16,16,19,19,24,29],"damage_taken":[{"damage":6,"enemies":"Cultist","floor":1,"turns":4},{"damage":10,"enemies":"Lagavulin","floor":6,"turns":7},{"damage":3,"enemies":"Jaw Worm","floor":7,"turns":3},{"damage":0,"enemies":"2 Louse","floor":10,"turns":2},{"damage":10,"enemies":"3 Sentries","floor":11,"turns":5},{"damage":8,"enemies":"Blue Slaver","floor":12,"turns":4},{"damage":9,"enemies":"Large Slime","floor":14,"turns":7},{"damage":31,"enemies":"Hexaghost","floor":16,"turns":11},{"damage":20,"enemies":"Shell Parasite","floor":18,"turns":5},{"damage":34,"enemies":"Colosseum Slavers","floor":19,"turns":5},{"damage":39,"enemies":"Book of Stabbing","floor":24,"turns":5},{"damage":35,"enemies":"3 Byrds","floor":28,"turns":5},{"damage":29,"enemies":"Slavers","floor":29,"turns":2}],"seed_played":"-7438289450559938241","potions_obtained":[{"floor":6,"key":"EssenceOfSteel"},{"floor":11,"key":"Swift Potion"},{"floor":12,"key":"AttackPotion"},{"floor":16,"key":"Poison Potion"},{"floor":18,"key":"SkillPotion"},{"floor":28,"key":"Regen Potion"}],"is_trial":false,"path_per_floor":["M","?","?","?","$","E","M","R","T","M","E","M","?","M","R","B",null,"M","?","?","?","$","R","E","R","T","R","M","E"],"character_chosen":"IRONCLAD","items_purchased":["Apotheosis","Thunderclap","Shrug It Off","BloodPotion","Mind Blast+1","SteroidPotion"],"campfire_rested":1,"item_purchase_floors":[5,5,5,5,22,22],"current_hp_per_floor":[80,80,73,90,90,86,89,89,89,90,86,84,66,72,72,47,90,76,48,54,54,54,54,21,21,21,49,20,0],"gold":69,"neow_bonus":"TWO_FIFTY_GOLD","is_prod":false,"is_daily":false,"chose_seed":false,"campfire_upgraded":1,"win_rate":0,"timestamp":1543204646,"path_taken":["M","?","?","?","$","E","M","R","T","?","E","M","?","M","R","BOSS","M","?","?","?","$","R","E","R","T","R","?","E"],"build_version":"2018-11-15","purchased_purges":1,"victory":false,"max_hp_per_floor":[80,80,80,90,90,90,90,90,90,90,90,90,90,90,90,90,90,90,90,96,96,96,96,96,96,96,96,96,96],"card_choices":[{"not_picked":["Hemokinesis","Twin Strike"],"picked":"Anger","floor":1},{"not_picked":["Cleave","Uppercut"],"picked":"Inflame","floor":6},{"not_picked":["Rampage","Sword Boomerang"],"picked":"Metallicize","floor":7},{"not_picked":["Perfected Strike","Brutality"],"picked":"Body Slam","floor":10},{"not_picked":["Pommel Strike","Cleave"],"picked":"Shrug It Off","floor":11},{"not_picked":["Rupture","Havoc"],"picked":"Shrug It Off","floor":12},{"not_picked":["Flex","Thunderclap","Heavy Blade"],"picked":"SKIP","floor":14},{"not_picked":["Offering","Dark Embrace"],"picked":"Juggernaut","floor":16},{"not_picked":["Clothesline","Warcry"],"picked":"True Grit+1","floor":18},{"not_picked":["Cleave+1","Second Wind"],"picked":"Shrug It Off+1","floor":24},{"not_picked":["Sword Boomerang+1","Headbutt+1","Pommel Strike+1"],"picked":"SKIP","floor":28}],"player_experience":2505767,"relics_obtained":[{"floor":6,"key":"Peace Pipe"},{"floor":9,"key":"Shovel"},{"floor":11,"key":"Boot"},{"floor":15,"key":"Darkstone Periapt"},{"floor":23,"key":"Ginger"},{"floor":24,"key":"Pantograph"},{"floor":25,"key":"PreservedInsect"}],"event_choices":[{"damage_healed":0,"gold_gain":0,"cards_transformed":["Strike_R"],"player_choice":"Change","damage_taken":0,"max_hp_gain":0,"max_hp_loss":0,"event_name":"Living Wall","floor":2,"gold_loss":0,"cards_obtained":["Brutality"]},{"cards_removed":["Writhe"],"damage_healed":0,"gold_gain":0,"player_choice":"Card Removal","damage_taken":7,"max_hp_gain":0,"max_hp_loss":0,"event_name":"Golden Wing","floor":3,"gold_loss":0},{"cards_removed":["Brutality"],"damage_healed":7,"gold_gain":0,"player_choice":"Offered Rare","damage_taken":0,"max_hp_gain":10,"max_hp_loss":0,"event_name":"Bonfire Elementals","floor":4,"gold_loss":0},{"damage_healed":0,"gold_gain":0,"player_choice":"Entered Light","damage_taken":18,"max_hp_gain":0,"max_hp_loss":0,"event_name":"Shining Light","floor":13,"gold_loss":0,"cards_upgraded":["Strike_R","Shrug It Off"]},{"damage_healed":0,"gold_gain":0,"player_choice":"Fight","damage_taken":0,"max_hp_gain":0,"max_hp_loss":0,"event_name":"Colosseum","floor":19,"gold_loss":0},{"damage_healed":0,"gold_gain":0,"player_choice":"Fled From Nobs","damage_taken":0,"max_hp_gain":0,"max_hp_loss":0,"event_name":"Colosseum","floor":19,"gold_loss":0},{"damage_healed":0,"gold_gain":0,"player_choice":"Opened","damage_taken":0,"relics_obtained":["Molten Egg 2"],"max_hp_gain":0,"max_hp_loss":0,"event_name":"The Mausoleum","floor":20,"gold_loss":0,"cards_obtained":["Writhe"]},{"damage_healed":0,"gold_gain":0,"player_choice":"2 cards matched","damage_taken":0,"max_hp_gain":0,"max_hp_loss":0,"event_name":"Match and Keep!","floor":21,"gold_loss":0,"cards_obtained":["Cleave","Fiend Fire"]}],"is_beta":false,"boss_relics":[{"not_picked":["Lizard Tail","Philosopher\u0027s Stone"],"picked":"Pandora\u0027s Box"}],"items_purged_floors":[22],"is_endless":false,"potions_floor_spawned":[6,11,12,16,18,28],"killed_by":"Slavers","ascension_level":2}