{"gold_per_floor":[118,2,21,39,54,54,54,82,82,95,95,122,122,156,156,259,259,276,292,292,0,0,0],"floor_reached":23,"playtime":1582,"items_purged":["Strike_G"],"score":234,"play_id":"99c3a8cc-4c3b-4898-b000-dee3335ada80","local_time":"20190714092050","is_ascension_mode":false,"campfire_choices":[{"data":"Neutralize","floor":7,"key":"SMITH"},{"floor":11,"key":"REST"},{"data":"Survivor","floor":15,"key":"SMITH"}],"neow_cost":"NONE","seed_source_timestamp":290389469043040,"circlet_count":0,"master_deck":["Strike_G","Strike_G","Strike_G","Defend_G+1","Defend_G","Defend_G+1","Defend_G","Defend_G","Survivor+1","Neutralize+1","Flying Knee","Dagger Throw","Terror","Underhanded Strike","Prepared","Adrenaline","PiercingWail","Deflect+1","Burst+1","Phantasmal Killer+1","Reflex+1","Dodge and Roll+1","Blind+1","Setup+1"],"relics":["Ring of the Snake","Bottled Lightning","Sundial","Toxic Egg 2","Orichalcum","Philosopher\u0027s Stone","Enchiridion"],"potions_floor_usage":[12,16,23,23],"damage_taken":[{"damage":6,"enemies":"Cultist","floor":1,"turns":5},{"damage":0,"enemies":"Small Slimes","floor":3,"turns":3},{"damage":0,"enemies":"Jaw Worm","floor":4,"turns":3},{"damage":4,"enemies":"Exordium Wildlife","floor":5,"turns":5},{"damage":25,"enemies":"3 Sentries","floor":8,"turns":10},{"damage":1,"enemies":"3 Louse","floor":10,"turns":4},{"damage":0,"enemies":"Gremlin Nob","floor":12,"turns":3},{"damage":11,"enemies":"3 Sentries","floor":14,"turns":8},{"damage":6,"enemies":"Hexaghost","floor":16,"turns":14},{"damage":10,"enemies":"Chosen","floor":18,"turns":6},{"damage":0,"enemies":"Shell Parasite","floor":19,"turns":7},{"damage":51,"enemies":"3 Cultists","floor":23,"turns":11}],"seed_played":"3078929544706151802","potions_obtained":[{"floor":10,"key":"Fire Potion"},{"floor":12,"key":"Swift Potion"},{"floor":14,"key":"SneckoOil"},{"floor":18,"key":"PowerPotion"}],"is_trial":false,"path_per_floor":["M","$","M","M","M","?","R","E","T","M","R","E","?","E","R","B",null,"M","M","?","$","?","M"],"character_chosen":"THE_SILENT","items_purchased":["Dagger Throw","Terror","Dodge and Roll+1","Blind+1","Setup+1"],"campfire_rested":1,"item_purchase_floors":[2,2,21,21,21],"current_hp_per_floor":[64,64,64,64,60,65,65,40,40,39,61,61,46,35,35,29,75,65,65,51,51,35,0],"gold":0,"neow_bonus":"REMOVE_CARD","is_prod":false,"is_daily":false,"chose_seed":false,"campfire_upgraded":2,"win_rate":0,"timestamp":1563110450,"path_taken":["M","$","M","M","?","?","R","E","T","M","R","E","?","E","R","BOSS","M","M","?","$","?","M"],"build_version":"2019-07-05","purchased_purges":1,"victory":false,"max_hp_per_floor":[70,70,70,70,70,75,75,75,75,75,75,75,75,75,75,75,75,75,75,80,80,80,80],"card_choices":[{"not_picked":["Outmaneuver","Slice"],"picked":"Flying Knee","floor":1},{"not_picked":["All Out Attack","Venomology"],"picked":"Underhanded Strike","floor":3},{"not_picked":["Finisher","Underhanded Strike"],"picked":"Prepared","floor":4},{"not_picked":["Eviscerate","Blade Dance","Slice"],"picked":"SKIP","floor":5},{"not_picked":["Underhanded Strike","Dagger Spray"],"picked":"Adrenaline","floor":8},{"not_picked":["Dagger Throw","Sucker Punch"],"picked":"PiercingWail","floor":10},{"not_picked":["Concentrate","Blade Dance"],"picked":"Deflect","floor":12},{"not_picked":["Dagger Throw","Finisher"],"picked":"Burst+1","floor":14},{"not_picked":["Doppelganger+1","Storm of Steel+1"],"picked":"Phantasmal Killer+1","floor":16},{"not_picked":["Heel Hook+1","Flechettes","Quick Slash"],"picked":"SKIP","floor":18},{"not_picked":["Prepared+1","Accuracy+1"],"picked":"Reflex+1","floor":19}],"player_experience":3957242,"relics_obtained":[{"floor":8,"key":"Bottled Lightning"},{"floor":9,"key":"Sundial"},{"floor":12,"key":"Toxic Egg 2"},{"floor":14,"key":"Orichalcum"},{"floor":22,"key":"Enchiridion"}],"event_choices":[{"damage_healed":0,"gold_gain":0,"player_choice":"Donut","damage_taken":0,"max_hp_gain":5,"max_hp_loss":0,"event_name":"Big Fish","floor":6,"gold_loss":0},{"damage_healed":0,"gold_gain":0,"player_choice":"Entered Light","damage_taken":15,"max_hp_gain":0,"max_hp_loss":0,"event_name":"Shining Light","floor":13,"gold_loss":0,"cards_upgraded":["Defend_G","Defend_G"]},{"damage_healed":0,"gold_gain":0,"player_choice":"Shed Blood","damage_taken":19,"max_hp_gain":5,"max_hp_loss":0,"event_name":"Forgotten Altar","floor":20,"gold_loss":0},{"damage_healed":0,"gold_gain":0,"player_choice":"Obtained Book","damage_taken":16,"max_hp_gain":0,"max_hp_loss":0,"event_name":"Cursed Tome","floor":22,"gold_loss":0}],"is_beta":false,"boss_relics":[{"not_picked":["Pandora\u0027s Box","Busted Crown"],"picked":"Philosopher\u0027s Stone"}],"items_purged_floors":[21],"is_endless":false,"potions_floor_spawned":[10,12,14,18],"killed_by":"3 Cultists","ascension_level":0}