{"gold_per_floor":[115,135,135,5,21,51,115,115],"floor_reached":8,"playtime":709,"items_purged":[],"score":56,"play_id":"410af438-1e6e-4752-8e19-d88e12ab5dd9","local_time":"20190721093413","is_ascension_mode":false,"campfire_choices":[],"neow_cost":"NONE","seed_source_timestamp":2024149132355,"circlet_count":0,"master_deck":["Strike_G","Strike_G","Strike_G","Strike_G","Strike_G","Defend_G","Defend_G","Defend_G","Defend_G","Defend_G","Survivor","Neutralize","Terror","Acrobatics","Noxious Fumes","Blade Dance","Flechettes","After Image","Backflip"],"special_seed":0,"relics":["Ring of the Snake","The Courier","Anchor"],"potions_floor_usage":[],"damage_taken":[{"damage":0.0,"enemies":"2 Louse","floor":1.0,"turns":3.0},{"damage":0.0,"enemies":"Jaw Worm","floor":2.0,"turns":4.0},{"damage":3.0,"enemies":"Small Slimes","floor":5.0,"turns":4.0},{"damage":33.0,"enemies":"Lagavulin","floor":6.0,"turns":8.0},{"damage":25.0,"enemies":"Gremlin Nob","floor":7.0,"turns":5.0},{"damage":8,"enemies":"Gremlin Nob","floor":8,"turns":3}],"seed_played":"2938985850625364198","potions_obtained":[{"floor":2.0,"key":"Block Potion"},{"floor":5.0,"key":"Poison Potion"}],"is_trial":false,"path_per_floor":["M","M","?","$","M","E","?","E"],"character_chosen":"THE_SILENT","items_purchased":["Noxious Fumes","Blade Dance"],"campfire_rested":0,"item_purchase_floors":[4,4],"current_hp_per_floor":[77,77,77,77,74,41,16,8],"gold":115,"neow_bonus":"TEN_PERCENT_HP_BONUS","is_prod":false,"is_daily":false,"chose_seed":false,"campfire_upgraded":0,"win_rate":0.0,"timestamp":1563694453,"path_taken":["M","M","?","$","M","E","?","E"],"build_version":"2019-07-17","purchased_purges":0,"victory":false,"max_hp_per_floor":[77,77,77,77,77,77,77,77],"card_choices":[{"not_picked":["Blade Dance","Choke"],"picked":"Terror","floor":1.0},{"not_picked":["Backstab","Riddle With Holes"],"picked":"Acrobatics","floor":2.0},{"not_picked":["Masterful Stab","Heel Hook"],"picked":"Flechettes","floor":5.0},{"not_picked":["Acrobatics","Bane"],"picked":"After Image","floor":6.0},{"not_picked":["Dagger Spray","Skewer"],"picked":"Backflip","floor":7.0}],"player_experience":151663,"relics_obtained":[{"floor":6.0,"key":"The Courier"}],"event_choices":[{"damage_healed":0.0,"max_hp_gain":0.0,"max_hp_loss":0.0,"gold_gain":0.0,"event_name":"The Cleric","player_choice":"Leave","floor":3.0,"gold_loss":0.0,"damage_taken":0.0},{"damage_healed":0.0,"max_hp_gain":0.0,"max_hp_loss":0.0,"gold_gain":30.0,"event_name":"Dead Adventurer","player_choice":"Searched \u00273\u0027 times","floor":7.0,"gold_loss":0.0,"damage_taken":0.0,"relics_obtained":["Anchor"]}],"is_beta":false,"boss_relics":[],"items_purged_floors":[],"is_endless":false,"potions_floor_spawned":[2,5],"killed_by":"Gremlin Nob","ascension_level":0}