{"gold_per_floor":[116,116,116,116,116,129,147,147,147,147,160,43,43,58,58,163,163,178,8,28,28,28,28,28,28,28,28,39,39,39,49,49,150,200,219,15,15,30,30],"floor_reached":39,"playtime":3685,"items_purged":[],"score":423,"play_id":"00963244-d883-4931-bf06-afff01919567","local_time":"20190709133718","is_ascension_mode":false,"campfire_choices":[{"data":"Anger","floor":8,"key":"SMITH"},{"data":"Rampage","floor":13,"key":"SMITH"},{"data":"Dual Wield","floor":15,"key":"SMITH"},{"floor":23,"key":"REST"},{"floor":25,"key":"REST"},{"floor":30,"key":"REST"},{"floor":32,"key":"REST"}],"neow_cost":"NONE","seed_source_timestamp":22734674189702,"circlet_count":0,"master_deck":["Strike_R","Strike_R","Strike_R","Strike_R","Strike_R","Defend_R","Defend_R","Defend_R","Defend_R","Sword Boomerang","Anger+1","Sword Boomerang+1","Shrug It Off","Twin Strike","Cleave","Rampage+1","Dual Wield+1","Shockwave","Demon Form","Iron Wave+1","Deep Breath","Infernal Blade","Headbutt","Barricade","Body Slam","Armaments","Twin Strike+1","Barricade","Body Slam+1","Armaments+1","Battle Trance","Iron Wave","Bludgeon","Searing Blow","Parasite"],"relics":["Burning Blood","Pear","Ancient Tea Set","Philosopher\u0027s Stone","Pantograph","Tiny House"],"potions_floor_usage":[38,38],"damage_taken":[{"damage":6,"enemies":"Jaw Worm","floor":1,"turns":5},{"damage":2,"enemies":"Small Slimes","floor":3,"turns":4},{"damage":2,"enemies":"2 Louse","floor":6,"turns":4},{"damage":10,"enemies":"Large Slime","floor":7,"turns":6},{"damage":2,"enemies":"Looter","floor":11,"turns":4},{"damage":9,"enemies":"Exordium Thugs","floor":14,"turns":4},{"damage":74,"enemies":"Hexaghost","floor":16,"turns":9},{"damage":24,"enemies":"Shell Parasite","floor":18,"turns":5},{"damage":32,"enemies":"2 Thieves","floor":20,"turns":4},{"damage":33,"enemies":"Centurion and Healer","floor":22,"turns":6},{"damage":13,"enemies":"Chosen and Byrds","floor":24,"turns":5},{"damage":52,"enemies":"Shelled Parasite and Fungi","floor":28,"turns":5},{"damage":15,"enemies":"Centurion and Healer","floor":31,"turns":7},{"damage":68,"enemies":"Automaton","floor":33,"turns":8},{"damage":44,"enemies":"Orb Walker","floor":35,"turns":5},{"damage":56,"enemies":"3 Darklings","floor":38,"turns":6},{"damage":9,"enemies":"Writhing Mass","floor":39,"turns":2}],"seed_played":"3876202225218258076","potions_obtained":[{"floor":6,"key":"Energy Potion"},{"floor":7,"key":"PowerPotion"},{"floor":16,"key":"BloodPotion"},{"floor":18,"key":"Swift Potion"},{"floor":31,"key":"Dexterity Potion"},{"floor":33,"key":"Swift Potion"},{"floor":35,"key":"Block Potion"}],"is_trial":false,"path_per_floor":["M","?","M","?","?","M","M","R","T","?","M","$","R","M","R","B",null,"M","$","M","?","M","R","M","R","T","$","M","$","R","M","R","B",null,"M","$","?","M","M"],"character_chosen":"IRONCLAD","items_purchased":["Rampage","Dual Wield","Deep Breath","Infernal Blade","Battle Trance","Iron Wave","Bludgeon"],"campfire_rested":4,"item_purchase_floors":[12,12,19,19,36,36,36],"current_hp_per_floor":[80,80,80,80,83,87,83,83,83,83,87,87,87,84,84,16,90,72,72,46,46,19,46,39,66,66,66,20,20,47,38,65,28,95,57,57,57,7,0],"gold":30,"neow_bonus":"TRANSFORM_CARD","is_prod":false,"is_daily":false,"chose_seed":false,"campfire_upgraded":3,"win_rate":0.0,"timestamp":1562672238,"path_taken":["M","?","M","?","?","M","M","R","T","?","M","?","R","M","R","BOSS","M","$","M","?","M","R","M","R","T","$","M","?","R","?","R","BOSS","M","$","?","M","M"],"build_version":"2019-07-05","purchased_purges":0,"victory":false,"max_hp_per_floor":[80,80,80,80,90,90,90,90,90,90,90,90,90,90,90,90,90,90,90,90,90,90,90,90,90,90,90,90,90,90,90,90,90,95,95,95,95,95,95],"card_choices":[{"not_picked":["Searing Blow","Burning Pact"],"picked":"Anger","floor":1},{"not_picked":["True Grit","Clash"],"picked":"Sword Boomerang","floor":3},{"not_picked":["Pommel Strike","Feel No Pain"],"picked":"Shrug It Off","floor":6},{"not_picked":["Reckless Charge","Heavy Blade"],"picked":"Twin Strike","floor":7},{"not_picked":["Clash","Twin Strike"],"picked":"Cleave","floor":11},{"not_picked":["Combust","Brutality"],"picked":"Shockwave","floor":14},{"not_picked":["Brutality","Barricade"],"picked":"Demon Form","floor":16},{"not_picked":["Cleave","Burning Pact+1"],"picked":"Iron Wave+1","floor":18},{"not_picked":["Perfected Strike","Flex+1"],"picked":"Headbutt","floor":20},{"not_picked":["Warcry+1","Clothesline"],"picked":"Barricade","floor":22},{"not_picked":["Hemokinesis+1","Bloodletting"],"picked":"Body Slam","floor":24},{"not_picked":["Whirlwind+1","Ghostly Armor"],"picked":"Armaments","floor":28},{"not_picked":["Disarm+1","Fire Breathing"],"picked":"Twin Strike","floor":31},{"not_picked":["Bludgeon","Offering"],"picked":"Barricade","floor":33},{"not_picked":["Perfected Strike","Clash"],"picked":"Body Slam+1","floor":34},{"not_picked":["Clothesline","Shockwave+1"],"picked":"Armaments+1","floor":35},{"not_picked":["Perfected Strike+1","Cleave+1"],"picked":"Searing Blow","floor":38}],"player_experience":18637,"relics_obtained":[{"floor":9,"key":"Ancient Tea Set"},{"floor":26,"key":"Pantograph"}],"event_choices":[{"damage_healed":0,"gold_gain":0,"player_choice":"Ignored","damage_taken":0,"max_hp_gain":0,"max_hp_loss":0,"event_name":"Liars Game","floor":2,"gold_loss":0},{"damage_healed":0,"gold_gain":0,"player_choice":"Leave","damage_taken":0,"max_hp_gain":0,"max_hp_loss":0,"event_name":"The Cleric","floor":4,"gold_loss":0},{"damage_healed":0,"gold_gain":0,"player_choice":"Success","damage_taken":7,"relics_obtained":["Pear"],"max_hp_gain":0,"max_hp_loss":0,"event_name":"Scrap Ooze","floor":5,"gold_loss":0},{"damage_healed":0,"gold_gain":0,"player_choice":"Grow","damage_taken":0,"max_hp_gain":0,"max_hp_loss":0,"event_name":"Living Wall","floor":10,"gold_loss":0,"cards_upgraded":["Sword Boomerang"]},{"damage_healed":0,"gold_gain":0,"player_choice":"Ignored","damage_taken":0,"max_hp_gain":0,"max_hp_loss":0,"event_name":"Ghosts","floor":21,"gold_loss":0},{"damage_healed":0,"gold_gain":0,"player_choice":"Got Potions","damage_taken":0,"max_hp_gain":0,"max_hp_loss":0,"event_name":"Lab","floor":37,"gold_loss":0}],"is_beta":false,"boss_relics":[{"not_picked":["Astrolabe","Orrery"],"picked":"Philosopher\u0027s Stone"},{"not_picked":["Lizard Tail","Runic Pyramid"],"picked":"Tiny House"}],"items_purged_floors":[],"is_endless":false,"potions_floor_spawned":[6,7,16,18,28,31,33,35],"killed_by":"Writhing Mass","ascension_level":0}