{"gold_per_floor":[119,119,119,13,29,55,74,74,142,142],"floor_reached":10,"playtime":245,"items_purged":[],"score":155,"play_id":"ae7af337-33cb-4a5b-883d-c677dc62bb2f","local_time":"20190325145903","is_ascension_mode":true,"campfire_choices":[{"data":"White Noise","floor":8,"key":"SMITH"}],"neow_cost":"NONE","seed_source_timestamp":1097384737870904,"circlet_count":0,"master_deck":["AscendersBane","Strike_B","Strike_B","Strike_B","Strike_B","Defend_B","Defend_B","Defend_B","Defend_B","Zap+1","Dualcast+1","Leap","Doom and Gloom","Capacitor","Conserve Battery","Chill","White Noise+1"],"relics":["Cracked Core","NeowsBlessing","Omamori","Gremlin Horn"],"potions_floor_usage":[],"damage_taken":[{"damage":0,"enemies":"Jaw Worm","floor":1,"turns":1},{"damage":0,"enemies":"Small Slimes","floor":5,"turns":1},{"damage":0,"enemies":"3 Sentries","floor":6,"turns":1},{"damage":0,"enemies":"Cultist","floor":7,"turns":3},{"damage":59,"enemies":"Gremlin Nob","floor":10,"turns":4}],"seed_played":"-5219968210143629636","potions_obtained":[{"floor":3,"key":"Swift Potion"},{"floor":3,"key":"SkillPotion"},{"floor":3,"key":"Energy Potion"},{"floor":5,"key":"LiquidBronze"},{"floor":7,"key":"Fire Potion"}],"is_trial":false,"path_per_floor":["M","?","?","$","M","E","M","R","T","E"],"character_chosen":"DEFECT","items_purchased":["Doom and Gloom","Capacitor"],"campfire_rested":0,"item_purchase_floors":[4,4],"current_hp_per_floor":[64,50,50,50,50,50,50,50,50,0],"gold":142,"neow_bonus":"THREE_ENEMY_KILL","is_prod":false,"is_daily":false,"chose_seed":false,"campfire_upgraded":1,"win_rate":0,"timestamp":1553540343,"path_taken":["M","?","?","$","M","E","M","R","T","E"],"build_version":"2019-01-23","purchased_purges":0,"victory":false,"max_hp_per_floor":[71,71,71,71,71,71,71,71,71,71],"card_choices":[{"not_picked":["Steam","Turbo"],"picked":"Leap","floor":1},{"not_picked":["Hologram","Ball Lightning"],"picked":"Conserve Battery","floor":5},{"not_picked":["Multi-Cast","Go for the Eyes"],"picked":"Chill","floor":6},{"not_picked":["Blizzard","Conserve Battery"],"picked":"White Noise","floor":7}],"player_experience":3240210,"relics_obtained":[{"floor":6,"key":"Omamori"},{"floor":9,"key":"Gremlin Horn"}],"event_choices":[{"damage_healed":0,"gold_gain":0,"player_choice":"Entered Light","damage_taken":14,"max_hp_gain":0,"max_hp_loss":0,"event_name":"Shining Light","floor":2,"gold_loss":0,"cards_upgraded":["Zap","Dualcast"]},{"damage_healed":0,"gold_gain":0,"player_choice":"Got Potions","damage_taken":0,"max_hp_gain":0,"max_hp_loss":0,"event_name":"Lab","floor":3,"gold_loss":0}],"is_beta":false,"boss_relics":[],"items_purged_floors":[],"is_endless":false,"potions_floor_spawned":[5,7],"killed_by":"Gremlin Nob","ascension_level":14}