{"gold_per_floor":[111,130,130,147,167,167,202,202,202,202,221,221,221],"floor_reached":13,"playtime":711,"items_purged":[],"score":162,"play_id":"7e0098a9-cc89-42c1-84e5-2df51bcd2aad","local_time":"20190410153800","is_ascension_mode":true,"campfire_choices":[{"data":"Defragment","floor":6,"key":"SMITH"},{"data":"Electrodynamics","floor":10,"key":"SMITH"},{"floor":12,"key":"REST"}],"neow_cost":"NONE","seed_source_timestamp":73206444069959,"circlet_count":0,"master_deck":["AscendersBane","Strike_B","Strike_B","Strike_B","Defend_B","Defend_B","Defend_B","Defend_B","Zap","Dualcast","Steam","Fusion","Self Repair","Defragment+1","Electrodynamics+1","Reinforced Body","Chill"],"relics":["Cracked Core","Anchor","Question Card"],"potions_floor_usage":[4,7],"damage_taken":[{"damage":1,"enemies":"Cultist","floor":1,"turns":3},{"damage":4,"enemies":"Small Slimes","floor":2,"turns":4},{"damage":6,"enemies":"Jaw Worm","floor":4,"turns":4},{"damage":6,"enemies":"Looter","floor":5,"turns":4},{"damage":29,"enemies":"Lagavulin","floor":7,"turns":9},{"damage":11,"enemies":"Lots of Slimes","floor":11,"turns":3},{"damage":53,"enemies":"Gremlin Nob","floor":13,"turns":4}],"seed_played":"-3533035181203362179","potions_obtained":[{"floor":0,"key":"PowerPotion"},{"floor":0,"key":"Regen Potion"}],"is_trial":false,"path_per_floor":["M","M","?","M","M","R","E","?","T","R","M","R","E"],"character_chosen":"DEFECT","items_purchased":[],"campfire_rested":1,"item_purchase_floors":[],"current_hp_per_floor":[63,59,52,58,59,59,37,37,37,37,26,47,0],"gold":221,"neow_bonus":"THREE_SMALL_POTIONS","is_prod":false,"is_daily":false,"chose_seed":false,"campfire_upgraded":2,"win_rate":0,"timestamp":1554925080,"path_taken":["M","?","?","M","M","R","E","?","T","R","?","R","E"],"build_version":"2019-01-23","purchased_purges":0,"victory":false,"max_hp_per_floor":[71,71,71,71,71,71,71,71,71,71,71,71,71],"card_choices":[{"not_picked":["Conserve Battery","Stack"],"picked":"Steam","floor":1},{"not_picked":["Leap","Streamline"],"picked":"Fusion","floor":2},{"not_picked":["Sweeping Beam","Recycle"],"picked":"Self Repair","floor":4},{"not_picked":["Turbo","Streamline"],"picked":"Defragment","floor":5},{"not_picked":["Hologram","Redo"],"picked":"Electrodynamics","floor":7},{"not_picked":["Stack","Steam","Conserve Battery"],"picked":"Chill","floor":11}],"player_experience":3331593,"relics_obtained":[{"floor":7,"key":"Anchor"},{"floor":9,"key":"Question Card"}],"event_choices":[{"cards_removed":["Strike_B"],"damage_healed":0,"gold_gain":0,"player_choice":"Card Removal","damage_taken":7,"max_hp_gain":0,"max_hp_loss":0,"event_name":"Golden Wing","floor":3,"gold_loss":0},{"damage_healed":0,"gold_gain":0,"player_choice":"1 cards matched","damage_taken":0,"max_hp_gain":0,"max_hp_loss":0,"event_name":"Match and Keep!","floor":8,"gold_loss":0,"cards_obtained":["Reinforced Body"]},{"damage_healed":0,"gold_gain":0,"player_choice":"1 cards matched","damage_taken":0,"max_hp_gain":0,"max_hp_loss":0,"event_name":"Match and Keep!","floor":8,"gold_loss":0,"cards_obtained":["Reinforced Body"]}],"is_beta":false,"boss_relics":[],"items_purged_floors":[],"is_endless":false,"potions_floor_spawned":[2],"killed_by":"Gremlin Nob","ascension_level":18}