{"gold_per_floor":[110,110,122,139,150,185,185,219,219,219,219,14,14,26,26,26],"floor_reached":16,"playtime":1152,"items_purged":[],"score":110,"play_id":"163586e6-a536-4bfb-a1bb-e4a08a12a043","local_time":"20190707191834","is_ascension_mode":false,"campfire_choices":[{"floor":7,"key":"REST"},{"floor":15,"key":"REST"}],"neow_cost":"NONE","seed_source_timestamp":710348352989135,"circlet_count":0,"master_deck":["Strike_R","Strike_R","Strike_R","Strike_R","Strike_R","Defend_R","Defend_R","Defend_R","Defend_R","Feel No Pain","Infernal Blade","Infernal Blade","Uppercut","Perfected Strike+1","Feed","Shrug It Off"],"relics":["Burning Blood","Blood Vial","Anchor","Boot"],"potions_floor_usage":[8,8,16,16],"damage_taken":[{"damage":10,"enemies":"Jaw Worm","floor":1,"turns":5},{"damage":13,"enemies":"2 Louse","floor":3,"turns":4},{"damage":5,"enemies":"Cultist","floor":4,"turns":4},{"damage":11,"enemies":"Blue Slaver","floor":5,"turns":5},{"damage":54,"enemies":"Lagavulin","floor":6,"turns":8},{"damage":24,"enemies":"3 Sentries","floor":8,"turns":7},{"damage":0,"enemies":"3 Louse","floor":14,"turns":3},{"damage":88,"enemies":"The Guardian","floor":16,"turns":12}],"seed_played":"1750488626138357098","potions_obtained":[{"floor":1,"key":"EssenceOfSteel"},{"floor":4,"key":"SpeedPotion"},{"floor":5,"key":"Explosive Potion"},{"floor":14,"key":"Fire Potion"}],"is_trial":false,"path_per_floor":["M","?","M","M","M","E","R","E","T","?","?","$","?","M","R","B"],"character_chosen":"IRONCLAD","items_purchased":["Feed","Shrug It Off"],"campfire_rested":2,"item_purchase_floors":[12,12],"current_hp_per_floor":[76,76,69,70,65,17,41,25,25,25,25,25,30,41,65,0],"gold":26,"neow_bonus":"TRANSFORM_CARD","is_prod":false,"is_daily":false,"chose_seed":false,"campfire_upgraded":0,"win_rate":0.0,"timestamp":1562545114,"path_taken":["M","?","M","M","M","E","R","E","T","?","?","$","?","?","R","BOSS"],"build_version":"2019-07-05","purchased_purges":0,"victory":false,"max_hp_per_floor":[80,80,80,80,80,80,80,80,80,80,80,80,80,83,83,83],"card_choices":[{"not_picked":["Corruption","Warcry","Armaments"],"picked":"SKIP","floor":1},{"not_picked":["Fire Breathing","Feel No Pain"],"picked":"Body Slam","floor":3},{"not_picked":["Corruption","Pommel Strike"],"picked":"Infernal Blade","floor":4},{"not_picked":["Combust","Cleave"],"picked":"Infernal Blade","floor":5},{"not_picked":["Searing Blow","Offering"],"picked":"Uppercut","floor":6},{"not_picked":["Anger","Flex"],"picked":"Perfected Strike","floor":8},{"not_picked":["Pommel Strike","Shrug It Off","Bludgeon"],"picked":"SKIP","floor":14}],"player_experience":37102,"relics_obtained":[{"floor":6,"key":"Blood Vial"},{"floor":8,"key":"Anchor"},{"floor":9,"key":"Boot"}],"event_choices":[{"damage_healed":0,"gold_gain":0,"player_choice":"Ignored","damage_taken":0,"max_hp_gain":0,"max_hp_loss":0,"event_name":"Liars Game","floor":2,"gold_loss":0},{"damage_healed":0,"gold_gain":0,"player_choice":"Searched \u00270\u0027 times","damage_taken":0,"max_hp_gain":0,"max_hp_loss":0,"event_name":"Dead Adventurer","floor":10,"gold_loss":0},{"damage_healed":0,"gold_gain":0,"player_choice":"Grow","damage_taken":0,"max_hp_gain":0,"max_hp_loss":0,"event_name":"Living Wall","floor":11,"gold_loss":0,"cards_upgraded":["Perfected Strike"]},{"cards_removed":["Body Slam"],"damage_healed":5,"gold_gain":0,"player_choice":"Offered Common","damage_taken":0,"max_hp_gain":0,"max_hp_loss":0,"event_name":"Bonfire Elementals","floor":13,"gold_loss":0},{"cards_removed":["Body Slam"],"damage_healed":5,"gold_gain":0,"player_choice":"Offered Special","damage_taken":0,"max_hp_gain":0,"max_hp_loss":0,"event_name":"Bonfire Elementals","floor":13,"gold_loss":0}],"is_beta":false,"boss_relics":[],"items_purged_floors":[],"is_endless":false,"potions_floor_spawned":[1,4,5,14],"killed_by":"The Guardian","ascension_level":0}