{"gold_per_floor":[118,118,142,10,25,25,59,59],"floor_reached":8,"playtime":595,"items_purged":[],"score":85,"play_id":"f74bb7c1-8774-404e-b8d8-f546e24c476e","local_time":"20190505215318","is_ascension_mode":true,"campfire_choices":[{"data":"Terror","floor":6,"key":"SMITH"}],"neow_cost":"NONE","seed_source_timestamp":2170226176915641,"circlet_count":0,"master_deck":["AscendersBane","Defend_G","Defend_G","Defend_G","Defend_G","Defend_G","Strike_G","Strike_G","Strike_G","Strike_G","Strike_G","Survivor","Neutralize","Sucker Punch","Footwork","Injury","Deadly Poison","Noxious Fumes","Prepared","Terror+1","Bane"],"relics":["Ring of the Snake","Golden Idol","Odd Mushroom"],"potions_floor_usage":[],"damage_taken":[{"damage":0,"enemies":"2 Louse","floor":1,"turns":4},{"damage":0,"enemies":"Small Slimes","floor":3,"turns":5},{"damage":2,"enemies":"Jaw Worm","floor":5,"turns":5},{"damage":47,"enemies":"The Mushroom Lair","floor":7,"turns":9},{"damage":16,"enemies":"3 Louse","floor":8,"turns":3}],"seed_played":"-2474548471518562073","potions_obtained":[{"floor":3,"key":"Ancient Potion"}],"is_trial":false,"path_per_floor":["M","?","M","$","M","R","?","M"],"character_chosen":"THE_SILENT","items_purchased":["Noxious Fumes","Prepared"],"campfire_rested":0,"item_purchase_floors":[4,4],"current_hp_per_floor":[59,59,59,59,57,57,10,0],"gold":59,"neow_bonus":"THREE_CARDS","is_prod":false,"is_daily":false,"chose_seed":false,"campfire_upgraded":1,"win_rate":0,"timestamp":1557114798,"path_taken":["M","?","M","$","M","R","?","M"],"build_version":"2019-04-23","purchased_purges":0,"victory":false,"max_hp_per_floor":[66,66,66,66,66,66,66,66],"card_choices":[{"not_picked":["Deadly Poison","Slice"],"picked":"Sucker Punch","floor":0},{"not_picked":["Deflect","Dodge and Roll"],"picked":"Footwork","floor":1},{"not_picked":["Slice","Underhanded Strike"],"picked":"Deadly Poison","floor":3},{"not_picked":["Crippling Poison","Prepared"],"picked":"Terror","floor":5},{"not_picked":["Predator","Quick Slash"],"picked":"Bane","floor":7}],"player_experience":971017,"relics_obtained":[{"floor":7,"key":"Odd Mushroom"}],"event_choices":[{"damage_healed":0,"gold_gain":0,"player_choice":"Take Wound","damage_taken":0,"relics_obtained":["Golden Idol"],"max_hp_gain":0,"max_hp_loss":0,"event_name":"Golden Idol","floor":2,"gold_loss":0,"cards_obtained":["Injury"]},{"damage_healed":0,"gold_gain":0,"player_choice":"Fought Mushrooms","damage_taken":0,"max_hp_gain":0,"max_hp_loss":0,"event_name":"Mushrooms","floor":7,"gold_loss":0}],"is_beta":true,"boss_relics":[],"items_purged_floors":[],"is_endless":false,"potions_floor_spawned":[3],"killed_by":"3 Louse","ascension_level":17}