{"gold_per_floor":[209,225,325,345,345,378,378,378,454,454,473,12,12],"floor_reached":13,"playtime":442,"items_purged":[],"score":91,"play_id":"d7742d2c-a731-4c61-b95d-7cfd4b88cd40","local_time":"20181127180401","is_ascension_mode":true,"campfire_choices":[{"data":"Zap","floor":7,"key":"SMITH"},{"data":"Dualcast","floor":10,"key":"SMITH"}],"neow_cost":"NONE","seed_source_timestamp":1194119386112923,"circlet_count":0,"master_deck":["Strike_B","Strike_B","Strike_B","Defend_B","Defend_B","Defend_B","Defend_B","Zap+1","Dualcast+1","Sweeping Beam","Cold Snap","Barrage","Melter","Lockon","Static Discharge","Conserve Battery+1","Discovery+1"],"relics":["Cracked Core","Question Card","Pear","Pantograph","Toxic Egg 2"],"potions_floor_usage":[13],"damage_taken":[{"damage":0,"enemies":"Small Slimes","floor":1,"turns":2},{"damage":0,"enemies":"Cultist","floor":2,"turns":2},{"damage":5,"enemies":"Jaw Worm","floor":4,"turns":3},{"damage":16,"enemies":"3 Sentries","floor":6,"turns":7},{"damage":36,"enemies":"Exordium Wildlife","floor":11,"turns":4},{"damage":22,"enemies":"Gremlin Nob","floor":13,"turns":3}],"seed_played":"-1506852990684021125","potions_obtained":[{"floor":2,"key":"FearPotion"}],"is_trial":false,"path_per_floor":["M","M","?","M","?","E","R","T","T","R","M","$","E"],"character_chosen":"DEFECT","items_purchased":["Toxic Egg 2","Static Discharge","Conserve Battery+1","Discovery+1"],"campfire_rested":0,"item_purchase_floors":[12,12,12,12],"current_hp_per_floor":[75,75,75,70,63,47,47,57,57,57,21,21,0],"gold":12,"neow_bonus":"HUNDRED_GOLD","is_prod":false,"is_daily":false,"chose_seed":false,"campfire_upgraded":2,"win_rate":0,"timestamp":1543359841,"path_taken":["M","M","?","?","?","E","R","?","T","R","M","$","E"],"build_version":"2018-11-15","purchased_purges":0,"victory":false,"max_hp_per_floor":[75,75,75,75,75,75,75,85,85,85,85,85,85],"card_choices":[{"not_picked":["Chaos","Hologram"],"picked":"Sweeping Beam","floor":1},{"not_picked":["Lockon","Steam"],"picked":"Cold Snap","floor":2},{"not_picked":["Stack","Gash"],"picked":"Barrage","floor":4},{"not_picked":["Stack","Blizzard"],"picked":"Melter","floor":6},{"not_picked":["Turbo","Streamline","Sunder"],"picked":"Lockon","floor":11}],"player_experience":2533840,"relics_obtained":[{"floor":6,"key":"Question Card"},{"floor":8,"key":"Pear"},{"floor":9,"key":"Pantograph"}],"event_choices":[{"damage_healed":0,"gold_gain":100,"player_choice":"Pray","damage_taken":0,"max_hp_gain":0,"max_hp_loss":0,"event_name":"Golden Shrine","floor":3,"gold_loss":0},{"cards_removed":["Strike_B"],"damage_healed":0,"gold_gain":0,"player_choice":"Card Removal","damage_taken":7,"max_hp_gain":0,"max_hp_loss":0,"event_name":"Golden Wing","floor":5,"gold_loss":0}],"is_beta":false,"boss_relics":[],"items_purged_floors":[],"is_endless":false,"potions_floor_spawned":[2],"killed_by":"Gremlin Nob","ascension_level":2}