{"path_per_floor":["M","$","M","M","M","E","R","?","T","E","R","E","R","E","R","B",null,"M","?","M","M"],"character_chosen":"THE_SILENT","items_purchased":["Predator"],"gold_per_floor":[114,1,16,31,46,76,76,76,126,156,156,186,186,216,216,316,316,331,345,360,375,375],"floor_reached":22,"campfire_rested":1,"playtime":1787,"item_purchase_floors":[2],"current_hp_per_floor":[70,70,70,70,57,56,56,49,49,34,65,65,65,46,46,48,65,64,29,17,5,0],"items_purged":["Strike_G"],"gold":375,"score":289,"play_id":"a26792fc-a8d0-45aa-8b77-14db08ab759d","local_time":"20180527184736","daily_mods":["Diverse","Elite Swarm","Night Terrors"],"is_prod":false,"is_daily":true,"chose_seed":false,"is_ascension_mode":false,"campfire_upgraded":3,"win_rate":0,"timestamp":1527461256,"campfire_choices":[{"data":"Barricade","floor":7,"key":"SMITH"},{"floor":11,"key":"REST"},{"data":"A Thousand Cuts","floor":13,"key":"SMITH"},{"data":"Neutralize","floor":15,"key":"SMITH"}],"path_taken":["M","$","M","M","M","E","R","?","T","E","R","E","R","E","R","BOSS","M","?","M","M","M"],"build_version":"2018-05-24","seed_source_timestamp":0,"purchased_purges":1,"victory":false,"master_deck":["Defend_G","Defend_G","Defend_G","Defend_G","Defend_G","Strike_G","Strike_G","Strike_G","Strike_G","Survivor","Neutralize+1","Poisoned Stab","Predator","Shrug It Off","Spot Weakness","Barricade+1","Impervious","A Thousand Cuts+1","Die Die Die","Shrug It Off+1","Backflip","Burst"],"max_hp_per_floor":[70,70,70,70,70,70,70,70,70,70,65,65,65,65,65,65,65,65,65,65,65,65],"relics":["Ring of the Snake","Unceasing Top","Blood Vial","Vajra","Toolbox","Dream Catcher","Black Star","Red Mask"],"card_choices":[{"not_picked":["Skewer","Armaments"],"picked":"Poisoned Stab","floor":1},{"not_picked":["Clash","Body Slam"],"picked":"Shrug It Off","floor":3},{"not_picked":["Rupture","Outmaneuver","Perfected Strike"],"picked":"SKIP","floor":4},{"not_picked":["Underhanded Strike","Acrobatics"],"picked":"Spot Weakness","floor":5},{"not_picked":["Envenom","Impervious"],"picked":"Barricade","floor":6},{"not_picked":["Corpse Explosion","Exhume"],"picked":"Impervious","floor":10},{"not_picked":["Unload","Barricade"],"picked":"A Thousand Cuts","floor":12},{"not_picked":["Demon Form","Offering","Doppelganger"],"picked":"SKIP","floor":14},{"not_picked":["Offering","Dark Embrace"],"picked":"Die Die Die","floor":16},{"not_picked":["Twin Strike","Armaments"],"picked":"Shrug It Off+1","floor":18},{"not_picked":["Warcry","Flame Barrier"],"picked":"Backflip","floor":19},{"not_picked":["Disarm","Bane","Perfected Strike"],"picked":"SKIP","floor":20},{"not_picked":["Sucker Punch","Cloak And Dagger"],"picked":"Burst","floor":21}],"player_experience":1213010,"potions_floor_usage":[6,10,16,20,22],"damage_taken":[{"damage":0,"enemies":"2 Louse","floor":1,"turns":3},{"damage":0,"enemies":"Cultist","floor":3,"turns":3},{"damage":0,"enemies":"Small Slimes","floor":4,"turns":3},{"damage":13,"enemies":"Exordium Wildlife","floor":5,"turns":7},{"damage":16,"enemies":"Lagavulin","floor":6,"turns":7},{"damage":17,"enemies":"3 Sentries","floor":10,"turns":8},{"damage":0,"enemies":"Lagavulin","floor":12,"turns":7},{"damage":19,"enemies":"3 Sentries","floor":14,"turns":6},{"damage":0,"enemies":"The Guardian","floor":16,"turns":10},{"damage":1,"enemies":"Chosen","floor":18,"turns":8},{"damage":36,"enemies":"Masked Bandits","floor":19,"turns":6},{"damage":14,"enemies":"2 Thieves","floor":20,"turns":4},{"damage":14,"enemies":"Centurion and Healer","floor":21,"turns":8},{"damage":21,"enemies":"Cultist and Chosen","floor":22,"turns":4}],"relics_obtained":[{"floor":6,"key":"Unceasing Top"},{"floor":9,"key":"Blood Vial"},{"floor":10,"key":"Vajra"},{"floor":12,"key":"Toolbox"},{"floor":14,"key":"Dream Catcher"},{"floor":19,"key":"Red Mask"}],"event_choices":[{"event_name":"Wheel of Change","player_choice":"Damage","floor":8,"damage_taken":0},{"event_name":"Masked Bandits","player_choice":"Fought over 331 gold","floor":19,"damage_taken":0}],"boss_relics":[{"not_picked":["Runic Pyramid","Calling Bell"],"picked":"Black Star"}],"items_purged_floors":[2],"potions_floor_spawned":[4,5,12,14,19],"seed_played":"-7009063745363081709","killed_by":"Cultist and Chosen","ascension_level":0,"potions_obtained":[{"floor":4,"key":"Explosive Potion"},{"floor":5,"key":"Regen Potion"},{"floor":12,"key":"Poison Potion"},{"floor":14,"key":"SteroidPotion"},{"floor":19,"key":"FearPotion"}],"is_trial":false}