{"gold_per_floor":[118,118,44,64,78,78,78,78,78,97,111,128,128,128,128,226,226,240,45,45,58,58,58,23,23,23,55,55,71,88,108,108,209,209,220,233,23,35,54,54],"floor_reached":40,"playtime":1875,"items_purged":["Defend_B"],"score":500,"play_id":"49fd71ed-77a1-46cd-bfe0-8e8a48532c85","local_time":"20190425121140","is_ascension_mode":true,"campfire_choices":[{"data":"Zap","floor":6,"key":"SMITH"},{"data":"1","floor":8,"key":"LIFT"},{"data":"2","floor":13,"key":"LIFT"},{"data":"3","floor":15,"key":"LIFT"},{"data":"Go for the Eyes","floor":23,"key":"SMITH"},{"data":"Madness","floor":25,"key":"SMITH"},{"data":"Conserve Battery","floor":28,"key":"SMITH"},{"data":"Self Repair","floor":32,"key":"SMITH"}],"neow_cost":"NONE","seed_source_timestamp":66024768818300,"circlet_count":0,"master_deck":["Zap+1","Dualcast+1","Auto Shields","Go for the Eyes+1","Auto Shields","Madness+1","Self Repair+1","Conserve Battery+1","Self Repair","Barrage+1","Hyperbeam+1","Redo+1","Swift Strike+1","Doom and Gloom+1","Melter+1","FTL+1","Compile Driver+1","Hyperbeam+1","Double Energy+1","Core Surge+1","Fusion","Glacier","Blizzard+1","Coolheaded","Echo Form","Buffer","Undo","Conserve Battery","Reinforced Body+1","Hyperbeam+1","Sweeping Beam+1","Buffer","BootSequence"],"relics":["Cracked Core","Girya","Molten Egg 2","Nuclear Battery","Dead Branch","Dream Catcher","Pandora\u0027s Box"],"potions_floor_usage":[16,16,27,31,33,33,38],"damage_taken":[{"damage":0,"enemies":"Small Slimes","floor":1,"turns":3},{"damage":0,"enemies":"Cultist","floor":4,"turns":4},{"damage":6,"enemies":"2 Louse","floor":5,"turns":3},{"damage":14,"enemies":"Large Slime","floor":10,"turns":6},{"damage":3,"enemies":"Blue Slaver","floor":11,"turns":4},{"damage":9,"enemies":"2 Fungi Beasts","floor":12,"turns":4},{"damage":51,"enemies":"Slime Boss","floor":16,"turns":15},{"damage":1,"enemies":"Chosen","floor":18,"turns":3},{"damage":1,"enemies":"3 Byrds","floor":21,"turns":4},{"damage":30,"enemies":"Gremlin Leader","floor":27,"turns":5},{"damage":0,"enemies":"3 Cultists","floor":29,"turns":1},{"damage":13,"enemies":"Snecko","floor":30,"turns":3},{"damage":1,"enemies":"Centurion and Healer","floor":31,"turns":3},{"damage":36,"enemies":"Collector","floor":33,"turns":8},{"damage":1,"enemies":"Orb Walker","floor":35,"turns":4},{"damage":10,"enemies":"3 Darklings","floor":36,"turns":3},{"damage":0,"enemies":"Jaw Worm Horde","floor":38,"turns":1},{"damage":34,"enemies":"Spire Growth","floor":39,"turns":4},{"damage":74,"enemies":"Giant Head","floor":40,"turns":7}],"seed_played":"5855410031505130787","potions_obtained":[{"floor":1,"key":"Poison Potion"},{"floor":5,"key":"Weak Potion"},{"floor":12,"key":"GamblersBrew"},{"floor":16,"key":"Weak Potion"},{"floor":29,"key":"Swift Potion"},{"floor":31,"key":"EssenceOfSteel"},{"floor":33,"key":"AttackPotion"},{"floor":38,"key":"Dexterity Potion"}],"is_trial":false,"path_per_floor":["M","?","$","M","M","R","?","R","T","M","M","M","R","?","R","B",null,"M","$","?","M","?","R","$","R","T","E","R","M","M","M","R","B",null,"M","M","$","M","M","E"],"character_chosen":"DEFECT","items_purchased":["Self Repair","Swift Strike+1","Doom and Gloom+1","FTL+1","Hyperbeam+1","Sweeping Beam+1"],"campfire_rested":0,"item_purchase_floors":[3,19,19,24,37,37],"current_hp_per_floor":[75,75,75,75,75,75,57,57,57,50,54,59,59,59,59,22,62,68,68,54,67,67,67,67,67,67,51,51,51,52,58,58,32,68,74,64,64,64,37,0],"gold":54,"neow_bonus":"THREE_CARDS","is_prod":false,"is_daily":false,"chose_seed":false,"campfire_upgraded":5,"win_rate":0,"timestamp":1556208700,"path_taken":["M","?","$","?","M","R","?","R","T","M","M","M","R","?","R","BOSS","M","$","?","M","?","R","?","R","T","E","R","M","M","?","R","BOSS","M","M","?","M","M","E"],"build_version":"2019-01-23","purchased_purges":1,"victory":false,"max_hp_per_floor":[75,75,75,75,75,75,75,75,75,75,75,75,75,75,75,75,75,75,75,80,80,80,80,80,80,80,80,80,80,80,80,80,80,80,80,80,80,80,80,80],"card_choices":[{"not_picked":["Cold Snap","Storm"],"picked":"Auto Shields","floor":0},{"not_picked":["Turbo","Ball Lightning"],"picked":"Go for the Eyes","floor":1},{"not_picked":["Sweeping Beam","Leap","Barrage"],"picked":"SKIP","floor":4},{"not_picked":["Ball Lightning","Sweeping Beam","Compile Driver"],"picked":"SKIP","floor":5},{"not_picked":["Thunder Strike+1","Ball Lightning+1"],"picked":"Conserve Battery","floor":10},{"not_picked":["Conserve Battery","Undo"],"picked":"Self Repair","floor":11},{"not_picked":["Recycle","Compile Driver+1"],"picked":"Barrage+1","floor":12},{"not_picked":["Amplify","Rainbow"],"picked":"Hyperbeam+1","floor":16},{"not_picked":["Ball Lightning+1","Stack+1"],"picked":"Redo+1","floor":18},{"not_picked":["Compile Driver+1","Rip and Tear+1"],"picked":"Melter+1","floor":21},{"not_picked":["Turbo+1","Leap","Steam"],"picked":"SKIP","floor":27},{"not_picked":["Streamline+1","Undo"],"picked":"Compile Driver+1","floor":29},{"not_picked":["Recycle","Cold Snap+1"],"picked":"Hyperbeam+1","floor":30},{"not_picked":["Genetic Algorithm+1","Barrage+1"],"picked":"Double Energy+1","floor":31},{"not_picked":["Rainbow","Meteor Strike+1"],"picked":"Core Surge+1","floor":33},{"not_picked":["Barrage+1","Stack"],"picked":"Conserve Battery","floor":35},{"not_picked":["Hologram+1","Storm+1"],"picked":"Reinforced Body+1","floor":36},{"not_picked":["Redo","Hologram+1"],"picked":"Buffer","floor":38},{"not_picked":["Turbo+1","Gash+1"],"picked":"BootSequence","floor":39}],"player_experience":164587,"relics_obtained":[{"floor":9,"key":"Molten Egg 2"},{"floor":26,"key":"Dead Branch"},{"floor":27,"key":"Dream Catcher"}],"event_choices":[{"damage_healed":0,"gold_gain":0,"player_choice":"2 cards matched","damage_taken":0,"max_hp_gain":0,"max_hp_loss":0,"event_name":"Match and Keep!","floor":2,"gold_loss":0,"cards_obtained":["Auto Shields","Madness"]},{"damage_healed":0,"gold_gain":0,"player_choice":"Success","damage_taken":18,"relics_obtained":["Girya"],"max_hp_gain":0,"max_hp_loss":0,"event_name":"Scrap Ooze","floor":7,"gold_loss":0},{"damage_healed":0,"gold_gain":0,"player_choice":"Grow","damage_taken":0,"max_hp_gain":0,"max_hp_loss":0,"event_name":"Living Wall","floor":14,"gold_loss":0,"cards_upgraded":["Dualcast"]},{"damage_healed":0,"gold_gain":0,"player_choice":"Shed Blood","damage_taken":19,"max_hp_gain":5,"max_hp_loss":0,"event_name":"Forgotten Altar","floor":20,"gold_loss":0},{"damage_healed":0,"gold_gain":0,"player_choice":"Ignored","damage_taken":0,"max_hp_gain":0,"max_hp_loss":0,"event_name":"Cursed Tome","floor":22,"gold_loss":0}],"is_beta":false,"boss_relics":[{"not_picked":["Orrery","Runic Pyramid"],"picked":"Nuclear Battery"},{"not_picked":["Fusion Hammer","Calling Bell"],"picked":"Pandora\u0027s Box"}],"items_purged_floors":[19],"is_endless":false,"potions_floor_spawned":[1,5,12,16,29,31,33,38],"killed_by":"Giant Head","ascension_level":5}