{"gold_per_floor":[117,137,157,169,169,169,204,204,204,204,248,268,268,289,289,382,382,401,401,401,401],"floor_reached":21,"playtime":9237,"items_purged":[],"score":403,"play_id":"b3d3428c-a4bc-4884-b059-082eed62cfd2","local_time":"20190504131559","is_ascension_mode":true,"campfire_choices":[{"floor":6,"key":"REST"},{"data":"Coolheaded","floor":8,"key":"SMITH"},{"floor":13,"key":"REST"},{"data":"Creative AI","floor":15,"key":"SMITH"}],"neow_cost":"NONE","seed_source_timestamp":2129757702552280,"circlet_count":0,"master_deck":["AscendersBane","Defend_B","Defend_B","Defend_B","Defend_B","Zap","Dualcast","Coolheaded+1","Doom and Gloom","Coolheaded","Compile Driver","Chill","Creative AI+1","Conserve Battery","Turbo","Amplify","Streamline+1","Bite","Bite","Bite","Bite","Bite"],"relics":["Empty Cage","Dream Catcher","Ancient Tea Set","Bloody Idol","Bottled Flame","Runic Pyramid"],"potions_floor_usage":[7,7,11,16],"damage_taken":[{"damage":8,"enemies":"Cultist","floor":1,"turns":5},{"damage":7,"enemies":"Jaw Worm","floor":2,"turns":5},{"damage":5,"enemies":"Small Slimes","floor":3,"turns":2},{"damage":12,"enemies":"3 Louse","floor":4,"turns":3},{"damage":6,"enemies":"Gremlin Nob","floor":7,"turns":3},{"damage":35,"enemies":"Lagavulin","floor":11,"turns":7},{"damage":3,"enemies":"2 Fungi Beasts","floor":12,"turns":4},{"damage":8,"enemies":"Blue Slaver","floor":14,"turns":4},{"damage":22,"enemies":"Hexaghost","floor":16,"turns":11},{"damage":39,"enemies":"Chosen","floor":18,"turns":11},{"damage":14,"enemies":"3 Byrds","floor":21,"turns":1}],"seed_played":"8605862220062407437","potions_obtained":[{"floor":1,"key":"Fire Potion"},{"floor":3,"key":"AttackPotion"},{"floor":7,"key":"EssenceOfSteel"},{"floor":12,"key":"Ancient Potion"}],"is_trial":false,"path_per_floor":["M","M","M","M","?","R","E","R","T","?","E","M","R","M","R","B",null,"M","?","?","M"],"character_chosen":"DEFECT","items_purchased":[],"campfire_rested":2,"item_purchase_floors":[],"current_hp_per_floor":[56,49,44,32,37,59,53,53,53,53,18,15,35,27,27,5,53,14,14,14,0],"gold":401,"neow_bonus":"BOSS_RELIC","is_prod":false,"is_daily":false,"chose_seed":false,"campfire_upgraded":2,"win_rate":0,"timestamp":1556990159,"path_taken":["M","M","M","?","?","R","E","R","T","?","E","M","R","M","R","BOSS","M","?","?","M"],"build_version":"2019-01-23","purchased_purges":0,"victory":false,"max_hp_per_floor":[71,71,71,71,76,76,76,76,76,69,69,69,69,69,69,69,69,69,48,48,48],"card_choices":[{"not_picked":["Force Field","Capacitor"],"picked":"Coolheaded","floor":1},{"not_picked":["Auto Shields","Compile Driver"],"picked":"Doom and Gloom","floor":2},{"not_picked":["Rebound","Stack"],"picked":"Coolheaded","floor":3},{"not_picked":["Darkness","Beam Cell"],"picked":"Compile Driver","floor":4},{"not_picked":["Double Energy","Undo"],"picked":"Chill","floor":7},{"not_picked":["Static Discharge","FTL"],"picked":"Creative AI","floor":11},{"not_picked":["Storm","Stack"],"picked":"Conserve Battery","floor":12},{"not_picked":["Sweeping Beam","Leap"],"picked":"Turbo","floor":13},{"not_picked":["Barrage","Cold Snap","Scrape"],"picked":"SKIP","floor":14},{"not_picked":["Machine Learning","Fission"],"picked":"Amplify","floor":16},{"not_picked":["Ball Lightning+1","Coolheaded"],"picked":"Streamline+1","floor":18}],"player_experience":3579309,"relics_obtained":[{"floor":7,"key":"Dream Catcher"},{"floor":9,"key":"Ancient Tea Set"},{"floor":11,"key":"Bottled Flame"}],"event_choices":[{"damage_healed":0,"gold_gain":0,"player_choice":"Donut","damage_taken":0,"max_hp_gain":5,"max_hp_loss":0,"event_name":"Big Fish","floor":5,"gold_loss":0},{"damage_healed":0,"gold_gain":0,"player_choice":"Lose Max HP","damage_taken":0,"relics_obtained":["Golden Idol"],"max_hp_gain":0,"max_hp_loss":7,"event_name":"Golden Idol","floor":10,"gold_loss":0},{"damage_healed":0,"gold_gain":0,"player_choice":"Became a vampire","damage_taken":0,"max_hp_gain":0,"max_hp_loss":21,"event_name":"Vampires","floor":19,"gold_loss":0,"cards_obtained":["Bite","Bite","Bite","Bite","Bite"]},{"damage_healed":0,"gold_gain":0,"player_choice":"Gave Idol","damage_taken":0,"relics_obtained":["Bloody Idol"],"max_hp_gain":0,"max_hp_loss":0,"event_name":"Forgotten Altar","floor":20,"relics_lost":["Golden Idol"],"gold_loss":0}],"is_beta":false,"boss_relics":[{"not_picked":["Orrery","Black Star"],"picked":"Runic Pyramid"}],"items_purged_floors":[],"is_endless":false,"potions_floor_spawned":[1,3,7,12],"killed_by":"3 Byrds","ascension_level":20}