{"gold_per_floor":[118,137,214,226,5,5,37,37,37,37,13,30,30,43,43,144,144,159,74,84,84,98,126,126,225,271,286,286,301,4,23,23,118,118,128,146,160,172,191,191,207,207,230,230,7,7,23,43,43,43],"floor_reached":51,"playtime":3427,"items_purged":["Strike_B","Strike_B"],"score":723,"play_id":"a9690738-f36d-42a2-a7e9-50b33a23012e","local_time":"20190419114745","is_ascension_mode":false,"campfire_choices":[{"data":"Zap","floor":6,"key":"SMITH"},{"data":"Coolheaded","floor":10,"key":"SMITH"},{"data":"Hologram","floor":13,"key":"SMITH"},{"floor":15,"key":"REST"},{"floor":24,"key":"REST"},{"data":"Coolheaded","floor":28,"key":"SMITH"},{"floor":32,"key":"REST"},{"floor":40,"key":"REST"},{"data":"Beam Cell","floor":42,"key":"SMITH"},{"floor":44,"key":"REST"},{"floor":49,"key":"REST"}],"neow_cost":"NONE","seed_source_timestamp":834265885729548,"circlet_count":0,"master_deck":["Strike_B","Strike_B","Defend_B","Defend_B","Defend_B","Defend_B+1","Zap+1","Dualcast","Turbo","Conserve Battery","Beam Cell+1","Conserve Battery+1","Coolheaded+1","Conserve Battery","Hologram+1","Go for the Eyes+1","Barrage+1","Steam+1","Coolheaded+1","Conserve Battery+1","Rebound+1","Conserve Battery+1"],"relics":["Cracked Core","Strawberry","Sundial","Molten Egg 2","Omamori","Bottled Flame","Inserter","War Paint","MutagenicStrength","Ornamental Fan","Orichalcum","Lantern","Busted Crown","Bronze Scales","Vajra"],"potions_floor_usage":[7,7,7,16,16,23,33,33,39,41,50,50,50],"damage_taken":[{"damage":0,"enemies":"Cultist","floor":1,"turns":4},{"damage":11,"enemies":"Jaw Worm","floor":2,"turns":3},{"damage":0,"enemies":"2 Louse","floor":4,"turns":2},{"damage":28,"enemies":"Gremlin Nob","floor":7,"turns":5},{"damage":3,"enemies":"Looter","floor":12,"turns":4},{"damage":6,"enemies":"Large Slime","floor":14,"turns":7},{"damage":2,"enemies":"The Guardian","floor":16,"turns":15},{"damage":5,"enemies":"Spheric Guardian","floor":18,"turns":8},{"damage":3,"enemies":"3 Byrds","floor":20,"turns":4},{"damage":12,"enemies":"Shelled Parasite and Fungi","floor":22,"turns":6},{"damage":35,"enemies":"Book of Stabbing","floor":23,"turns":8},{"damage":4,"enemies":"Centurion and Healer","floor":27,"turns":8},{"damage":6,"enemies":"Snake Plant","floor":29,"turns":5},{"damage":4,"enemies":"Chosen and Byrds","floor":31,"turns":5},{"damage":19,"enemies":"Automaton","floor":33,"turns":12},{"damage":0,"enemies":"Orb Walker","floor":35,"turns":1},{"damage":0,"enemies":"3 Darklings","floor":36,"turns":6},{"damage":5,"enemies":"Transient","floor":37,"turns":5},{"damage":33,"enemies":"Maw","floor":38,"turns":9},{"damage":12,"enemies":"Jaw Worm Horde","floor":39,"turns":6},{"damage":9,"enemies":"Writhing Mass","floor":41,"turns":10},{"damage":3,"enemies":"3 Darklings","floor":47,"turns":6},{"damage":19,"enemies":"Spire Growth","floor":48,"turns":6},{"damage":1,"enemies":"Awakened One","floor":50,"turns":20}],"seed_played":"1111727239882948716","potions_obtained":[{"floor":7,"key":"FearPotion"},{"floor":12,"key":"Strength Potion"},{"floor":14,"key":"Regen Potion"},{"floor":23,"key":"Fruit Juice"},{"floor":27,"key":"SkillPotion"},{"floor":29,"key":"EssenceOfSteel"},{"floor":33,"key":"Fire Potion"},{"floor":39,"key":"SkillPotion"},{"floor":41,"key":"Ancient Potion"},{"floor":47,"key":"LiquidBronze"}],"is_trial":false,"path_per_floor":["M","M","T","M","$","R","E","?","T","R","$","M","R","M","R","B",null,"M","?","M","?","M","E","R","?","T","M","R","M","$","M","R","B",null,"M","M","M","M","M","R","M","R","T","R","$","?","M","M","R","B",null],"character_chosen":"DEFECT","items_purchased":["Conserve Battery","EntropicBrew","Conserve Battery","Lantern","Rebound+1","FocusPotion","Vajra"],"campfire_rested":6,"item_purchase_floors":[5,5,11,30,30,45,45],"current_hp_per_floor":[82,71,71,71,71,71,57,50,50,50,50,47,47,41,65,78,82,77,77,74,74,62,32,58,58,58,54,54,48,48,44,70,51,87,87,87,82,49,37,63,54,54,54,80,80,80,77,58,84,83],"gold":43,"neow_bonus":"RANDOM_COMMON_RELIC","is_prod":false,"is_daily":false,"chose_seed":false,"campfire_upgraded":5,"win_rate":0,"timestamp":1555688865,"path_taken":["M","M","?","M","$","R","E","?","T","R","$","M","R","M","R","BOSS","M","?","M","?","M","E","R","?","T","M","R","M","$","M","R","BOSS","M","M","M","M","M","R","M","R","T","R","$","?","M","M","R","BOSS"],"build_version":"2019-01-23","purchased_purges":2,"victory":true,"max_hp_per_floor":[82,82,82,82,82,82,82,82,82,82,82,82,82,82,82,82,82,82,82,82,82,82,87,87,87,87,87,87,87,87,87,87,87,87,87,87,87,87,87,87,87,87,87,87,87,87,87,87,87,87],"card_choices":[{"not_picked":["Barrage","Sunder"],"picked":"Turbo","floor":1},{"not_picked":["Chaos","Cold Snap"],"picked":"Conserve Battery","floor":2},{"not_picked":["FTL","Compile Driver"],"picked":"Beam Cell","floor":4},{"not_picked":["Ball Lightning","Barrage"],"picked":"Coolheaded","floor":7},{"not_picked":["Stack","Rebound+1"],"picked":"Hologram","floor":12},{"not_picked":["Storm","Sunder+1"],"picked":"Go for the Eyes+1","floor":14},{"not_picked":["Ball Lightning+1","Lockon+1"],"picked":"Sweeping Beam+1","floor":18},{"not_picked":["Sweeping Beam+1","Beam Cell+1"],"picked":"Barrage+1","floor":20},{"not_picked":["Core Surge+1","Blizzard+1","Reinforced Body+1"],"picked":"SKIP","floor":22},{"not_picked":["Core Surge+1","Blizzard+1","Reinforced Body+1"],"picked":"SKIP","floor":22},{"not_picked":["Melter+1","Consume"],"picked":"Steam+1","floor":23},{"not_picked":["Stack","Skim"],"picked":"Coolheaded","floor":27},{"not_picked":["Turbo","Darkness"],"picked":"Conserve Battery+1","floor":29},{"not_picked":["Fusion","Melter+1","Conserve Battery"],"picked":"SKIP","floor":31},{"not_picked":["Sweeping Beam+1"],"picked":"SKIP","floor":35},{"not_picked":["Reinforced Body+1"],"picked":"SKIP","floor":36},{"not_picked":["Redo"],"picked":"SKIP","floor":37},{"not_picked":["Recycle"],"picked":"SKIP","floor":38},{"not_picked":["Blizzard+1"],"picked":"SKIP","floor":39},{"not_picked":[],"picked":"Conserve Battery+1","floor":41},{"not_picked":["Turbo"],"picked":"SKIP","floor":47},{"not_picked":["Hyperbeam+1"],"picked":"SKIP","floor":48}],"player_experience":3416923,"relics_obtained":[{"floor":3,"key":"Sundial"},{"floor":7,"key":"Molten Egg 2"},{"floor":9,"key":"Bottled Flame"},{"floor":23,"key":"Ornamental Fan"},{"floor":26,"key":"Orichalcum"},{"floor":43,"key":"Bronze Scales"}],"event_choices":[{"damage_healed":0,"gold_gain":0,"player_choice":"Success","damage_taken":7,"relics_obtained":["Omamori"],"max_hp_gain":0,"max_hp_loss":0,"event_name":"Scrap Ooze","floor":8,"gold_loss":0},{"damage_healed":0,"gold_gain":0,"player_choice":"Obtained Relic","damage_taken":0,"relics_obtained":["War Paint"],"max_hp_gain":0,"max_hp_loss":0,"event_name":"Addict","floor":19,"gold_loss":85},{"damage_healed":0,"gold_gain":0,"player_choice":"Inject Mutagens","damage_taken":0,"relics_obtained":["MutagenicStrength"],"max_hp_gain":0,"max_hp_loss":0,"event_name":"Drug Dealer","floor":21,"gold_loss":0},{"damage_healed":0,"gold_gain":99,"player_choice":"Stole From Cult","damage_taken":0,"max_hp_gain":0,"max_hp_loss":0,"event_name":"Nest","floor":25,"gold_loss":0},{"cards_removed":["Sweeping Beam"],"damage_healed":0,"gold_gain":0,"player_choice":"Removed Attack","damage_taken":0,"max_hp_gain":0,"max_hp_loss":0,"event_name":"Falling","floor":46,"gold_loss":0}],"is_beta":false,"boss_relics":[{"not_picked":["Runic Dome","Ectoplasm"],"picked":"Inserter"},{"not_picked":["Pandora\u0027s Box","Velvet Choker"],"picked":"Busted Crown"}],"items_purged_floors":[5,30],"is_endless":false,"potions_floor_spawned":[7,12,14,23,27,29,33,39,41,47],"ascension_level":0}