{"gold_per_floor":[116,134,134,154,172,172,203,16,61,76,76,95,108,108],"floor_reached":14,"playtime":786,"items_purged":[],"score":183,"play_id":"1231b787-f0c4-4be8-bba9-893722849c2f","local_time":"20181114000742","is_ascension_mode":true,"campfire_choices":[{"floor":6,"key":"REST"},{"floor":11,"key":"REST"}],"neow_cost":"NONE","seed_source_timestamp":5991056484871,"circlet_count":0,"master_deck":["AscendersBane","Defend_G","Defend_G","Defend_G","Defend_G","Defend_G","Strike_G","Strike_G","Strike_G","Strike_G","Strike_G","Survivor","Neutralize+1","Slice","Dodge and Roll","Sucker Punch","Deadly Poison","Footwork","Bouncing Flask","Backflip","PiercingWail","Quick Slash","Poisoned Stab"],"relics":["Ring of the Snake","Pantograph","Potion Belt"],"potions_floor_usage":[5,5,10,13,14],"damage_taken":[{"damage":4,"enemies":"Jaw Worm","floor":1,"turns":6},{"damage":0,"enemies":"Cultist","floor":2,"turns":4},{"damage":0,"enemies":"2 Louse","floor":4,"turns":3},{"damage":24,"enemies":"Gremlin Gang","floor":5,"turns":8},{"damage":38,"enemies":"3 Sentries","floor":7,"turns":13},{"damage":0,"enemies":"3 Louse","floor":10,"turns":2},{"damage":5,"enemies":"Looter","floor":12,"turns":3},{"damage":29,"enemies":"Gremlin Gang","floor":13,"turns":4},{"damage":11,"enemies":"2 Fungi Beasts","floor":14,"turns":2}],"seed_played":"4866971043380643625","potions_obtained":[{"floor":2,"key":"Dexterity Potion"},{"floor":4,"key":"EssenceOfSteel"},{"floor":12,"key":"PowerPotion"},{"floor":13,"key":"Explosive Potion"}],"is_trial":false,"path_per_floor":["M","M","?","M","M","R","E","$","T","M","R","M","M","M"],"character_chosen":"THE_SILENT","items_purchased":["Bouncing Flask","Backflip","Explosive Potion"],"campfire_rested":2,"item_purchase_floors":[8,8,8],"current_hp_per_floor":[61,61,61,61,37,58,20,20,20,20,41,36,7,0],"gold":108,"neow_bonus":"TEN_PERCENT_HP_BONUS","is_prod":false,"is_daily":false,"chose_seed":false,"campfire_upgraded":0,"win_rate":0,"timestamp":1542172062,"path_taken":["M","M","?","M","?","R","E","$","T","M","R","M","M","M"],"build_version":"2018-11-08","purchased_purges":0,"victory":false,"max_hp_per_floor":[72,72,72,72,72,72,72,72,72,72,72,72,72,72],"card_choices":[{"not_picked":["Deflect","Masterful Stab"],"picked":"Slice","floor":1},{"not_picked":["Deflect","Tactician"],"picked":"Dodge and Roll","floor":2},{"not_picked":["Acrobatics","Blur"],"picked":"Sucker Punch","floor":4},{"not_picked":["Cloak And Dagger","Finisher"],"picked":"Deadly Poison","floor":5},{"not_picked":["Bane","Skewer"],"picked":"Footwork","floor":7},{"not_picked":["Caltrops","Unload"],"picked":"PiercingWail","floor":10},{"not_picked":["Expertise","Slice"],"picked":"Quick Slash","floor":12},{"not_picked":["Sucker Punch","Tactician"],"picked":"Poisoned Stab","floor":13}],"player_experience":2278860,"relics_obtained":[{"floor":7,"key":"Pantograph"},{"floor":9,"key":"Potion Belt"}],"event_choices":[{"damage_healed":0,"gold_gain":0,"player_choice":"Upgraded","damage_taken":0,"max_hp_gain":0,"max_hp_loss":0,"event_name":"Upgrade Shrine","floor":3,"gold_loss":0,"cards_upgraded":["Neutralize"]}],"is_beta":false,"boss_relics":[],"items_purged_floors":[],"is_endless":false,"potions_floor_spawned":[2,4,12,13],"killed_by":"2 Fungi Beasts","ascension_level":19}