{"gold_per_floor":[112,131,131,145,20,20,50,50,50,83,83,83,95,59,59,158,158,168,182,194,207,207,207,241,17,17,17,48,48,68,68,68,172,172,187,187,240,27,43,43,43,70,124,134,134,152,166,179,179,179],"floor_reached":50,"playtime":5494,"items_purged":[],"score":565,"play_id":"d6e346a6-fc3e-45e8-8c43-ae7783394692","local_time":"20190715160054","is_ascension_mode":false,"campfire_choices":[{"floor":6.0,"key":"REST"},{"floor":8.0,"key":"REST"},{"floor":12.0,"key":"REST"},{"floor":15.0,"key":"REST"},{"floor":23.0,"key":"REST"},{"floor":27.0,"key":"REST"},{"floor":32.0,"key":"REST"},{"floor":40.0,"key":"REST"},{"floor":45.0,"key":"REST"},{"floor":49.0,"key":"REST"}],"neow_cost":"NONE","seed_source_timestamp":0,"circlet_count":0,"master_deck":["Strike_G+1","Strike_G+1","Strike_G+1","Strike_G+1","Strike_G+1","Defend_G+1","Defend_G+1","Defend_G+1","Defend_G+1","Defend_G+1","Survivor","Neutralize","Cloak And Dagger","PiercingWail","Enlightenment","Unload","Calculated Gamble","Distraction","Mind Blast","Flying Knee","Corpse Explosion","Backflip","Bouncing Flask","Deflect","Dodge and Roll","Catalyst","Dodge and Roll","Die Die Die","PiercingWail","Bane","Distraction+1","Deflect","Deadly Poison","Dodge and Roll","Noxious Fumes","Terror","Expertise","Footwork","Noxious Fumes","Outmaneuver","Noxious Fumes","A Thousand Cuts","Endless Agony","Madness","Madness","Well Laid Plans+1","Corpse Explosion","All Out Attack","Acrobatics+1","PiercingWail","Panache","Discovery","Crippling Poison","Adrenaline","Distraction+1","Cloak And Dagger","Deflect+1","Flying Knee"],"special_seed":0,"relics":["Ring of the Serpent","Dream Catcher","Calipers","Mummified Hand","Bronze Scales","Meat on the Bone","Ninja Scroll","Question Card","Gremlin Horn","Fusion Hammer","Shovel","Smiling Mask","Vajra"],"potions_floor_usage":[],"damage_taken":[{"damage":0.0,"enemies":"Small Slimes","floor":1.0,"turns":3.0},{"damage":0.0,"enemies":"Cultist","floor":2.0,"turns":4.0},{"damage":0.0,"enemies":"Jaw Worm","floor":4.0,"turns":5.0},{"damage":29.0,"enemies":"3 Sentries","floor":7.0,"turns":11.0},{"damage":35.0,"enemies":"Lagavulin","floor":10.0,"turns":7.0},{"damage":0.0,"enemies":"3 Louse","floor":13.0,"turns":3.0},{"damage":4.0,"enemies":"Hexaghost","floor":16.0,"turns":9.0},{"damage":10.0,"enemies":"Shell Parasite","floor":18.0,"turns":5.0},{"damage":6.0,"enemies":"2 Thieves","floor":19.0,"turns":4.0},{"damage":11.0,"enemies":"Snecko","floor":20.0,"turns":5.0},{"damage":21.0,"enemies":"Sentry and Sphere","floor":21.0,"turns":7.0},{"damage":19.0,"enemies":"Book of Stabbing","floor":24.0,"turns":5.0},{"damage":55.0,"enemies":"Gremlin Leader","floor":28.0,"turns":8.0},{"damage":0.0,"enemies":"3 Cultists","floor":30.0,"turns":5.0},{"damage":33.0,"enemies":"Automaton","floor":33.0,"turns":9.0},{"damage":9.0,"enemies":"Orb Walker","floor":35.0,"turns":3.0},{"damage":32.0,"enemies":"2 Orb Walkers","floor":37.0,"turns":3.0},{"damage":3.0,"enemies":"3 Shapes","floor":39.0,"turns":3.0},{"damage":47.0,"enemies":"Spire Growth","floor":44.0,"turns":6.0},{"damage":4.0,"enemies":"4 Shapes","floor":46.0,"turns":2.0},{"damage":11.0,"enemies":"Sphere and 2 Shapes","floor":47.0,"turns":5.0},{"damage":26.0,"enemies":"3 Darklings","floor":48.0,"turns":3.0},{"damage":54,"enemies":"Donu and Deca","floor":50,"turns":6}],"seed_played":"-640445597468097634","potions_obtained":[{"floor":4.0,"key":"GhostInAJar"},{"floor":13.0,"key":"Dexterity Potion"},{"floor":16.0,"key":"GhostInAJar"},{"floor":18.0,"key":"AttackPotion"},{"floor":21.0,"key":"PowerPotion"},{"floor":30.0,"key":"PowerPotion"},{"floor":35.0,"key":"Energy Potion"},{"floor":46.0,"key":"SteroidPotion"}],"is_trial":false,"path_per_floor":["M","M","?","M","$","R","E","R","T","E","T","R","M","$","R","B",null,"M","M","M","M","?","R","E","$","T","R","E","?","M","?","R","B",null,"M","?","?","$","M","R","?","T","T","M","R","M","M","M","R","B"],"character_chosen":"THE_SILENT","items_purchased":["Distraction","Mind Blast","Catalyst","Noxious Fumes","Terror","Expertise","Corpse Explosion","All Out Attack"],"campfire_rested":10,"item_purchase_floors":[5,5,14,25,25,25,38,38],"current_hp_per_floor":[70,70,70,70,70,70,41,62,62,27,27,48,48,48,69,65,70,60,54,43,34,34,55,36,36,36,57,14,37,37,21,42,21,70,61,52,32,32,41,62,57,57,57,22,43,39,40,26,47,0],"gold":179,"neow_bonus":"RANDOM_COMMON_RELIC","is_prod":false,"is_daily":false,"chose_seed":false,"campfire_upgraded":0,"win_rate":0.0,"timestamp":1563199254,"path_taken":["M","M","?","?","$","R","E","R","T","E","?","R","M","$","R","BOSS","M","M","M","M","?","R","E","$","T","R","E","?","M","?","R","BOSS","M","?","?","$","M","R","?","?","T","?","R","M","?","?","R","BOSS"],"build_version":"2019-07-05","purchased_purges":0,"victory":false,"max_hp_per_floor":[70,70,70,70,70,70,70,70,70,70,70,70,70,70,70,70,70,70,70,70,70,70,70,70,70,70,70,70,70,70,70,70,70,70,70,70,70,70,70,70,70,70,70,70,70,70,70,70,70,70],"card_choices":[{"not_picked":["Poisoned Stab","Outmaneuver"],"picked":"Cloak And Dagger","floor":1.0},{"not_picked":["Leg Sweep","Sucker Punch"],"picked":"PiercingWail","floor":2.0},{"not_picked":["Prepared","All Out Attack"],"picked":"Calculated Gamble","floor":4.0},{"not_picked":["Sucker Punch","Dagger Throw"],"picked":"Flying Knee","floor":6.0},{"not_picked":["Deflect","Bouncing Flask"],"picked":"Corpse Explosion","floor":7.0},{"not_picked":["Prepared","Choke"],"picked":"Backflip","floor":8.0},{"not_picked":["Outmaneuver","Reflex"],"picked":"Bouncing Flask","floor":10.0},{"not_picked":["Outmaneuver","Flechettes"],"picked":"Deflect","floor":12.0},{"not_picked":["Quick Slash","Bouncing Flask"],"picked":"Dodge and Roll","floor":13.0},{"not_picked":["Outmaneuver","Poisoned Stab"],"picked":"Dodge and Roll","floor":15.0},{"not_picked":["Phantasmal Killer","Wraith Form v2"],"picked":"Die Die Die","floor":16.0},{"not_picked":["Crippling Poison","Skewer"],"picked":"PiercingWail","floor":18.0},{"not_picked":["Outmaneuver","Slice"],"picked":"Bane","floor":19.0},{"not_picked":["Bane","Prepared"],"picked":"Distraction+1","floor":20.0},{"not_picked":["Quick Slash+1","Dodge and Roll"],"picked":"Deflect","floor":21.0},{"not_picked":["Venomology","Poisoned Stab"],"picked":"Deadly Poison","floor":23.0},{"not_picked":["Malaise","Reflex"],"picked":"Dodge and Roll","floor":24.0},{"not_picked":["Deflect","Backflip","Bouncing Flask+1"],"picked":"Footwork","floor":27.0},{"not_picked":["Catalyst","Slice","Prepared+1"],"picked":"Noxious Fumes","floor":28.0},{"not_picked":["Underhanded Strike+1","Expertise","Flying Knee+1"],"picked":"Outmaneuver","floor":30.0},{"not_picked":["Cloak And Dagger","All Out Attack","Finisher"],"picked":"Noxious Fumes","floor":32.0},{"not_picked":["Phantasmal Killer","Corpse Explosion","Night Terror"],"picked":"A Thousand Cuts","floor":33.0},{"not_picked":["Tactician","Deadly Poison+1","Slice+1"],"picked":"Endless Agony","floor":35.0},{"not_picked":["Deadly Poison+1","Eviscerate","Bane"],"picked":"Well Laid Plans+1","floor":37.0},{"not_picked":["Masterful Stab+1","Expertise","Underhanded Strike+1"],"picked":"Acrobatics+1","floor":39.0},{"not_picked":["Tactician+1","Infinite Blades","Expertise"],"picked":"PiercingWail","floor":40.0},{"not_picked":["Mind Blast","Trip","Panacea"],"picked":"Panache","floor":41.0},{"not_picked":["The Bomb","PanicButton","Purity"],"picked":"Discovery","floor":41.0},{"not_picked":["Flying Knee","Blade Dance+1","Slice+1"],"picked":"Crippling Poison","floor":44.0},{"not_picked":["Blade Dance","Masterful Stab","Prepared+1"],"picked":"Adrenaline","floor":45.0},{"not_picked":["Prepared+1","Outmaneuver","Backflip+1"],"picked":"Distraction+1","floor":46.0},{"not_picked":["Dagger Throw","Slice","Sucker Punch+1"],"picked":"Cloak And Dagger","floor":47.0},{"not_picked":["Underhanded Strike","Heel Hook+1","Dagger Throw+1"],"picked":"Deflect+1","floor":48.0},{"not_picked":["Poisoned Stab+1","Prepared","Malaise"],"picked":"Flying Knee","floor":49.0}],"player_experience":117577,"relics_obtained":[{"floor":7.0,"key":"Calipers"},{"floor":9.0,"key":"Mummified Hand"},{"floor":10.0,"key":"Bronze Scales"},{"floor":11.0,"key":"Meat on the Bone"},{"floor":24.0,"key":"Ninja Scroll"},{"floor":26.0,"key":"Question Card"},{"floor":28.0,"key":"Gremlin Horn"},{"floor":37.0,"key":"Shovel"},{"floor":42.0,"key":"Smiling Mask"},{"floor":43.0,"key":"Vajra"}],"event_choices":[{"damage_healed":0.0,"max_hp_gain":0.0,"max_hp_loss":0.0,"gold_gain":0.0,"event_name":"Match and Keep!","player_choice":"2 cards matched","floor":3.0,"gold_loss":0.0,"damage_taken":0.0,"cards_obtained":["Enlightenment","Unload"]},{"damage_healed":0.0,"max_hp_gain":0.0,"max_hp_loss":0.0,"gold_gain":0.0,"event_name":"Back to Basics","player_choice":"Simplicity","floor":22.0,"gold_loss":0.0,"damage_taken":0.0,"cards_upgraded":["Strike_G","Strike_G","Strike_G","Strike_G","Strike_G","Defend_G","Defend_G","Defend_G","Defend_G","Defend_G"]},{"damage_healed":23.0,"max_hp_gain":0.0,"max_hp_loss":0.0,"gold_gain":0.0,"event_name":"The Library","player_choice":"Heal","floor":29.0,"gold_loss":0.0,"damage_taken":0.0},{"damage_healed":0.0,"max_hp_gain":0.0,"max_hp_loss":0.0,"gold_gain":0.0,"event_name":"Cursed Tome","player_choice":"Obtained Book","floor":31.0,"gold_loss":0.0,"damage_taken":16.0},{"damage_healed":0.0,"max_hp_gain":0.0,"max_hp_loss":0.0,"gold_gain":0.0,"event_name":"Winding Halls","player_choice":"Embrace Madness","floor":36.0,"gold_loss":0.0,"damage_taken":9.0,"cards_obtained":["Madness","Madness"]},{"damage_healed":0.0,"max_hp_gain":0.0,"max_hp_loss":0.0,"gold_gain":0.0,"event_name":"Mysterious Sphere","player_choice":"Fight","floor":37.0,"gold_loss":0.0,"damage_taken":0.0},{"damage_healed":0.0,"max_hp_gain":0.0,"max_hp_loss":0.0,"gold_gain":0.0,"event_name":"SensoryStone","player_choice":"Memory 2","floor":41.0,"gold_loss":0.0,"damage_taken":5.0}],"is_beta":false,"boss_relics":[{"not_picked":["Pandora\u0027s Box","Velvet Choker"],"picked":"Ring of the Serpent"},{"not_picked":["Snecko Eye","Calling Bell"],"picked":"Fusion Hammer"}],"items_purged_floors":[],"is_endless":false,"potions_floor_spawned":[4,13,16,18,21,28,30,35,46],"killed_by":"Donu and Deca","ascension_level":0}