{"gold_per_floor":[144,189,189,234,409,499,544,589,589,679,724,769,859,373,373,673,673,718,763,352,397,397,487,487,532,532,56,56,101,191,236,236,536,536,601,507,552,252,252,252,342,342,342,387,477,522,612,113,113,113],"floor_reached":51,"playtime":2567,"items_purged":["Doubt"],"score":1024,"play_id":"ee3c2385-178d-4524-bb01-f87db21d670e","local_time":"20190516231843","daily_mods":["SealedDeck","Colorless Cards","Midas"],"is_ascension_mode":false,"campfire_choices":[{"floor":15,"key":"REST"},{"floor":24,"key":"REST"},{"floor":28,"key":"REST"},{"floor":32,"key":"REST"},{"floor":40,"key":"REST"},{"floor":49,"key":"REST"}],"neow_cost":"","seed_source_timestamp":0,"circlet_count":0,"master_deck":["Bloodletting","Good Instincts","Iron Wave","Iron Wave","Pommel Strike","Clothesline","Cleave","Shrug It Off","Dark Shackles","Shrug It Off","Immolate","Bash+1","Shrug It Off","Flex","Shrug It Off","Metallicize","Swift Strike","Spot Weakness","Panacea","Juggernaut","Swift Strike","Shrug It Off","Inflame","Sword Boomerang","Flame Barrier","Metamorphosis","Anger+1","Madness","Madness","Sword Boomerang","Sword Boomerang+1","Inflame","Barricade","Juggernaut","Blind"],"special_seed":18033,"relics":["Burning Blood","Shuriken","Matryoshka","Omamori","Sundial","Dodecahedron","Cursed Key","Kunai","Smiling Mask","Orichalcum","Bottled Flame","Incense Burner","Anchor","Runic Pyramid","Ornamental Fan","PreservedInsect","Bag of Marbles","Darkstone Periapt","Gremlin Horn","Question Card","Bag of Preparation","Centennial Puzzle","TheAbacus"],"potions_floor_usage":[10,13,25,33,33,33,50,50,50],"damage_taken":[{"damage":0,"enemies":"2 Louse","floor":1,"turns":2},{"damage":4,"enemies":"Cultist","floor":2,"turns":4},{"damage":3,"enemies":"Jaw Worm","floor":4,"turns":2},{"damage":17,"enemies":"Gremlin Nob","floor":6,"turns":4},{"damage":0,"enemies":"3 Louse","floor":7,"turns":1},{"damage":4,"enemies":"Red Slaver","floor":8,"turns":4},{"damage":10,"enemies":"Lagavulin","floor":10,"turns":7},{"damage":0,"enemies":"Gremlin Gang","floor":11,"turns":2},{"damage":1,"enemies":"2 Fungi Beasts","floor":12,"turns":2},{"damage":4,"enemies":"Gremlin Nob","floor":13,"turns":4},{"damage":13,"enemies":"Hexaghost","floor":16,"turns":9},{"damage":5,"enemies":"2 Thieves","floor":18,"turns":3},{"damage":0,"enemies":"Chosen","floor":19,"turns":4},{"damage":3,"enemies":"Snecko","floor":21,"turns":4},{"damage":3,"enemies":"Gremlin Leader","floor":23,"turns":5},{"damage":0,"enemies":"Cultist and Chosen","floor":25,"turns":3},{"damage":1,"enemies":"Chosen and Byrds","floor":29,"turns":5},{"damage":0,"enemies":"Slavers","floor":30,"turns":4},{"damage":3,"enemies":"Snake Plant","floor":31,"turns":3},{"damage":14,"enemies":"Champ","floor":33,"turns":7},{"damage":0,"enemies":"3 Shapes","floor":35,"turns":4},{"damage":0,"enemies":"Orb Walker","floor":37,"turns":2},{"damage":0,"enemies":"Reptomancer","floor":41,"turns":4},{"damage":3,"enemies":"Writhing Mass","floor":44,"turns":5},{"damage":0,"enemies":"Nemesis","floor":45,"turns":5},{"damage":0,"enemies":"Jaw Worm Horde","floor":46,"turns":1},{"damage":0,"enemies":"Reptomancer","floor":47,"turns":3},{"damage":30,"enemies":"Donu and Deca","floor":50,"turns":6}],"seed_played":"-1612289906937748911","potions_obtained":[{"floor":6,"key":"Block Potion"},{"floor":7,"key":"Energy Potion"},{"floor":10,"key":"BloodPotion"},{"floor":11,"key":"Energy Potion"},{"floor":13,"key":"Regen Potion"},{"floor":16,"key":"Swift Potion"},{"floor":29,"key":"Strength Potion"},{"floor":41,"key":"Weak Potion"},{"floor":46,"key":"GamblersBrew"}],"is_trial":false,"path_per_floor":["M","M","?","M","?","E","M","M","T","E","M","M","E","$","R","B",null,"M","M","$","M","?","E","R","M","T","$","R","M","E","M","R","B",null,"M","?","M","$","?","R","E","?","T","M","E","M","E","$","R","B",null],"character_chosen":"IRONCLAD","items_purchased":["Spot Weakness","Panacea","Dodecahedron","Kunai","Swift Strike","Shrug It Off","PowerPotion","Inflame","Incense Burner","Good Instincts","PowerPotion","PreservedInsect","Bag of Marbles","Juggernaut","Poison Potion","Blind","TheAbacus"],"campfire_rested":6,"item_purchase_floors":[14,14,14,20,20,20,20,27,27,27,27,38,38,48,48,48,48],"current_hp_per_floor":[80,80,80,80,80,69,75,77,77,73,79,80,80,80,80,73,80,80,80,80,80,80,80,80,80,80,80,80,80,80,80,80,72,80,80,80,80,80,70,80,80,80,80,80,80,80,80,80,80,56],"gold":113,"neow_bonus":"","is_prod":false,"is_daily":true,"chose_seed":false,"campfire_upgraded":0,"win_rate":0,"timestamp":1558063123,"path_taken":["M","M","?","?","?","E","M","M","T","E","M","M","E","?","R","BOSS","M","M","$","M","?","E","R","M","T","$","R","M","E","M","R","BOSS","M","?","?","$","?","R","E","?","T","M","E","M","E","?","R","BOSS"],"build_version":"2019-01-23","purchased_purges":1,"victory":true,"max_hp_per_floor":[80,80,80,80,80,80,80,80,80,80,80,80,80,80,80,80,80,80,80,80,80,80,80,80,80,80,80,80,80,80,80,80,80,80,80,80,80,80,80,80,80,80,80,80,80,80,80,80,80,80],"card_choices":[{"not_picked":["Iron Wave","Armaments","Deep Breath"],"picked":"SKIP","floor":1},{"not_picked":["Anger","Combust"],"picked":"Immolate","floor":2},{"not_picked":["Iron Wave","Clothesline"],"picked":"Shrug It Off","floor":4},{"not_picked":["Headbutt","Bloodletting","Heavy Blade"],"picked":"SKIP","floor":6},{"not_picked":["Corruption","Jack Of All Trades"],"picked":"Flex","floor":7},{"not_picked":["True Grit","Ghostly Armor"],"picked":"Shrug It Off","floor":8},{"not_picked":["Iron Wave","Purity","Armaments"],"picked":"SKIP","floor":10},{"not_picked":["Twin Strike","Violence","Clothesline"],"picked":"SKIP","floor":11},{"not_picked":["Heavy Blade","Finesse"],"picked":"Metallicize","floor":12},{"not_picked":["Perfected Strike","Iron Wave"],"picked":"Swift Strike","floor":13},{"not_picked":["Immolate","Panache"],"picked":"Juggernaut","floor":16},{"not_picked":["Flex","Clothesline","Rampage"],"picked":"SKIP","floor":18},{"not_picked":["Impatience","Twin Strike","Rupture"],"picked":"SKIP","floor":19},{"not_picked":["Clothesline+1","Havoc+1","Armaments"],"picked":"SKIP","floor":21},{"not_picked":["Searing Blow+1","Bludgeon","Armaments"],"picked":"SKIP","floor":23},{"not_picked":["Thunderclap","Anger","Shrug It Off"],"picked":"SKIP","floor":25},{"not_picked":["Havoc","Secret Weapon","Anger"],"picked":"SKIP","floor":29},{"not_picked":["Sentinel","Dropkick"],"picked":"Sword Boomerang","floor":30},{"not_picked":["Perfected Strike","Iron Wave"],"picked":"Flame Barrier","floor":31},{"not_picked":["Double Tap","Exhume"],"picked":"Metamorphosis","floor":33},{"not_picked":["Wild Strike","Body Slam","Carnage"],"picked":"SKIP","floor":35},{"not_picked":["Sword Boomerang","Finesse+1"],"picked":"Anger+1","floor":37},{"not_picked":["Flex","Body Slam+1"],"picked":"Sword Boomerang","floor":41},{"not_picked":["Clash","Clothesline+1","Shrug It Off","Cleave"],"picked":"SKIP","floor":44},{"not_picked":["Flame Barrier","Havoc","Uppercut"],"picked":"Sword Boomerang+1","floor":45},{"not_picked":["Combust+1","Power Through","Warcry"],"picked":"Inflame","floor":46},{"not_picked":["Heavy Blade","Shockwave","Second Wind+1"],"picked":"Barricade","floor":47}],"player_experience":3690280,"relics_obtained":[{"floor":6,"key":"Shuriken"},{"floor":9,"key":"Matryoshka"},{"floor":10,"key":"Omamori"},{"floor":13,"key":"Sundial"},{"floor":23,"key":"Smiling Mask"},{"floor":26,"key":"Orichalcum"},{"floor":26,"key":"Bottled Flame"},{"floor":30,"key":"Anchor"},{"floor":41,"key":"Darkstone Periapt"},{"floor":43,"key":"Gremlin Horn"},{"floor":43,"key":"Question Card"},{"floor":45,"key":"Bag of Preparation"},{"floor":47,"key":"Centennial Puzzle"}],"event_choices":[{"damage_healed":0,"gold_gain":0,"player_choice":"1 cards matched","damage_taken":0,"max_hp_gain":0,"max_hp_loss":0,"event_name":"Match and Keep!","floor":3,"gold_loss":0,"cards_obtained":["Bash"]},{"damage_healed":0,"gold_gain":175,"player_choice":"AGREE","damage_taken":0,"max_hp_gain":0,"max_hp_loss":0,"event_name":"Liars Game","floor":5,"gold_loss":0,"cards_obtained":["Doubt"]},{"damage_healed":0,"gold_gain":0,"player_choice":"Upgraded","damage_taken":0,"max_hp_gain":0,"max_hp_loss":0,"event_name":"Upgrade Shrine","floor":22,"gold_loss":0,"cards_upgraded":["Bash"]},{"damage_healed":0,"gold_gain":0,"player_choice":"Paid Gold","damage_taken":0,"relics_obtained":["Ornamental Fan"],"max_hp_gain":0,"max_hp_loss":0,"event_name":"WeMeetAgain","floor":36,"gold_loss":94},{"damage_healed":0,"gold_gain":0,"player_choice":"Embrace Madness","damage_taken":10,"max_hp_gain":0,"max_hp_loss":0,"event_name":"Winding Halls","floor":39,"gold_loss":0,"cards_obtained":["Madness","Madness"]},{"cards_removed":["Good Instincts"],"damage_healed":0,"gold_gain":0,"player_choice":"Removed Skill","damage_taken":0,"max_hp_gain":0,"max_hp_loss":0,"event_name":"Falling","floor":42,"gold_loss":0}],"is_beta":false,"boss_relics":[{"not_picked":["Coffee Dripper","Runic Dome"],"picked":"Cursed Key"},{"not_picked":["White Beast Statue","Velvet Choker"],"picked":"Runic Pyramid"}],"items_purged_floors":[14],"is_endless":false,"potions_floor_spawned":[6,7,10,11,13,16,21,23,29,30,41,46],"ascension_level":0}