{"gold_per_floor":[113,126,142,142,152,152,185,195,221,221,186,199,12,42,42,146,146,165,179,190,206,220,220,220,220,220,220,220,220,220,238,238,338,338,358,358,384,395,94,124,42,42,91,91,18,0,0,19,19,19],"floor_reached":51,"playtime":4803,"items_purged":[],"score":1016,"play_id":"abee38dc-7613-46d2-94b3-1ce044ada1ee","local_time":"20190201164457","is_ascension_mode":true,"campfire_choices":[{"floor":6,"key":"REST"},{"data":"Genetic Algorithm","floor":10,"key":"SMITH"},{"floor":15,"key":"REST"},{"data":"Buffer","floor":23,"key":"SMITH"},{"data":"Self Repair","floor":25,"key":"SMITH"},{"data":"Glacier","floor":28,"key":"SMITH"},{"floor":30,"key":"REST"},{"data":"Zap","floor":32,"key":"SMITH"},{"data":"Defragment","floor":44,"key":"SMITH"},{"data":"Defragment","floor":47,"key":"SMITH"},{"data":"Echo Form","floor":49,"key":"SMITH"}],"neow_cost":"NONE","seed_source_timestamp":237799968640255,"circlet_count":0,"master_deck":["AscendersBane","Strike_B+1","Strike_B+1","Strike_B+1","Strike_B+1","Defend_B+1","Defend_B+1","Defend_B+1","Defend_B+1","Zap+1","Dualcast","Ball Lightning","Gash","Conserve Battery","Reinforced Body","Genetic Algorithm+1","Buffer+1","FTL","Self Repair+1","Echo Form+1","Glacier+1","Leap","Tempest+1","Redo+1","Defragment+1","Panacea","Defragment+1","Fusion+1"],"relics":["Cracked Core","Lantern","Blood Vial","Happy Flower","Centennial Puzzle","Runic Pyramid","Darkstone Periapt","Enchiridion","Inserter","Regal Pillow","Incense Burner","Bag of Preparation","Ancient Tea Set","Red Mask"],"potions_floor_usage":[7,7,14,18,19,21,33,33,40,50,50],"damage_taken":[{"damage":1,"enemies":"Cultist","floor":1,"turns":3},{"damage":7,"enemies":"Small Slimes","floor":2,"turns":3},{"damage":7,"enemies":"Jaw Worm","floor":3,"turns":3},{"damage":10,"enemies":"3 Louse","floor":5,"turns":3},{"damage":18,"enemies":"Gremlin Nob","floor":7,"turns":4},{"damage":0,"enemies":"Blue Slaver","floor":8,"turns":3},{"damage":19,"enemies":"Large Slime","floor":12,"turns":4},{"damage":28,"enemies":"3 Sentries","floor":14,"turns":10},{"damage":36,"enemies":"The Guardian","floor":16,"turns":13},{"damage":2,"enemies":"Shell Parasite","floor":18,"turns":7},{"damage":26,"enemies":"2 Thieves","floor":19,"turns":5},{"damage":0,"enemies":"Centurion and Healer","floor":20,"turns":11},{"damage":37,"enemies":"3 Cultists","floor":21,"turns":6},{"damage":8,"enemies":"Snake Plant","floor":22,"turns":6},{"damage":15,"enemies":"Shelled Parasite and Fungi","floor":31,"turns":8},{"damage":32,"enemies":"Automaton","floor":33,"turns":17},{"damage":13,"enemies":"3 Darklings","floor":35,"turns":12},{"damage":0,"enemies":"Orb Walker","floor":38,"turns":4},{"damage":27,"enemies":"Reptomancer","floor":40,"turns":9},{"damage":16,"enemies":"Jaw Worm Horde","floor":48,"turns":6},{"damage":10,"enemies":"Awakened One","floor":50,"turns":13}],"seed_played":"6001455509425194707","potions_obtained":[{"floor":2,"key":"GamblersBrew"},{"floor":3,"key":"Strength Potion"},{"floor":12,"key":"EssenceOfSteel"},{"floor":16,"key":"Weak Potion"},{"floor":18,"key":"LiquidBronze"},{"floor":19,"key":"LiquidBronze"},{"floor":22,"key":"Energy Potion"},{"floor":31,"key":"Swift Potion"},{"floor":35,"key":"Weak Potion"},{"floor":38,"key":"EssenceOfSteel"},{"floor":40,"key":"Explosive Potion"}],"is_trial":false,"path_per_floor":["M","M","M","?","M","R","E","M","T","R","?","M","$","E","R","B",null,"M","M","M","M","M","R","?","R","T","?","R","?","R","M","R","B",null,"M","?","T","M","$","E","$","?","T","R","$","?","R","M","R","B",null],"character_chosen":"DEFECT","items_purchased":["Self Repair","Happy Flower","Incense Burner","Defragment","Defragment"],"campfire_rested":3,"item_purchase_floors":[13,13,39,41,45],"current_hp_per_floor":[74,67,60,44,34,58,40,40,40,40,60,43,43,24,48,21,67,81,70,82,52,60,60,60,60,60,44,44,28,54,61,61,41,76,85,85,85,87,87,80,80,80,80,80,80,80,80,86,86,87],"gold":19,"neow_bonus":"TEN_PERCENT_HP_BONUS","is_prod":false,"is_daily":false,"chose_seed":false,"campfire_upgraded":8,"win_rate":0,"timestamp":1549057497,"path_taken":["M","M","?","?","M","R","E","M","T","R","?","M","?","E","R","BOSS","M","M","M","M","M","R","?","R","T","?","R","?","R","?","R","BOSS","M","?","?","M","?","E","$","?","T","R","$","?","R","M","R","BOSS"],"build_version":"2019-01-23","purchased_purges":0,"victory":true,"max_hp_per_floor":[82,82,82,82,82,82,82,82,82,82,82,82,82,82,82,82,82,82,82,82,82,82,82,82,82,82,87,87,87,87,87,87,87,87,87,87,87,87,87,87,87,87,87,87,87,87,87,87,87,87],"card_choices":[{"not_picked":["Leap","Steam"],"picked":"Ball Lightning","floor":1},{"not_picked":["Beam Cell","Coolheaded"],"picked":"Gash","floor":2},{"not_picked":["Darkness","BootSequence"],"picked":"Conserve Battery","floor":3},{"not_picked":["Redo","Stack"],"picked":"Reinforced Body","floor":5},{"not_picked":["Rebound","Sweeping Beam"],"picked":"Genetic Algorithm","floor":7},{"not_picked":["Reprogram","Darkness"],"picked":"Buffer","floor":8},{"not_picked":["Chill","Barrage"],"picked":"FTL","floor":12},{"not_picked":["Multi-Cast","Turbo","Beam Cell"],"picked":"SKIP","floor":14},{"not_picked":["Core Surge","Multi-Cast"],"picked":"Echo Form","floor":16},{"not_picked":["Stack","Redo","Barrage"],"picked":"SKIP","floor":18},{"not_picked":["Beam Cell","Hello World"],"picked":"Glacier","floor":19},{"not_picked":["Stack","Consume+1","Rebound"],"picked":"SKIP","floor":20},{"not_picked":["Compile Driver","Reinforced Body","Turbo"],"picked":"SKIP","floor":21},{"not_picked":["Stack","Creative AI","Redo"],"picked":"SKIP","floor":22},{"not_picked":["Steam","Static Discharge"],"picked":"Leap","floor":31},{"not_picked":["Beam Cell","Ball Lightning"],"picked":"Tempest+1","floor":35},{"not_picked":["Lockon","Doom and Gloom","FTL"],"picked":"SKIP","floor":38},{"not_picked":["Turbo","Ball Lightning+1"],"picked":"Redo+1","floor":40},{"not_picked":["Secret Technique","Bandage Up"],"picked":"Panacea","floor":42},{"not_picked":["Steam Power+1","Hologram"],"picked":"Fusion+1","floor":48}],"player_experience":3023193,"relics_obtained":[{"floor":7,"key":"Lantern"},{"floor":9,"key":"Blood Vial"},{"floor":14,"key":"Centennial Puzzle"},{"floor":26,"key":"Darkstone Periapt"},{"floor":29,"key":"Enchiridion"},{"floor":37,"key":"Regal Pillow"},{"floor":40,"key":"Bag of Preparation"},{"floor":43,"key":"Ancient Tea Set"}],"event_choices":[{"damage_healed":0,"gold_gain":0,"player_choice":"Entered Light","damage_taken":16,"max_hp_gain":0,"max_hp_loss":0,"event_name":"Shining Light","floor":4,"gold_loss":0,"cards_upgraded":["Defend_B","Strike_B"]},{"damage_healed":20,"gold_gain":0,"player_choice":"Healed","damage_taken":0,"max_hp_gain":0,"max_hp_loss":0,"event_name":"The Cleric","floor":11,"gold_loss":35},{"damage_healed":0,"gold_gain":0,"player_choice":"Simplicity","damage_taken":0,"max_hp_gain":0,"max_hp_loss":0,"event_name":"Back to Basics","floor":24,"gold_loss":0,"cards_upgraded":["Strike_B","Strike_B","Strike_B","Defend_B","Defend_B","Defend_B"]},{"damage_healed":0,"gold_gain":0,"player_choice":"Shed Blood","damage_taken":21,"max_hp_gain":5,"max_hp_loss":0,"event_name":"Forgotten Altar","floor":27,"gold_loss":0},{"damage_healed":0,"gold_gain":0,"player_choice":"Obtained Book","damage_taken":16,"max_hp_gain":0,"max_hp_loss":0,"event_name":"Cursed Tome","floor":29,"gold_loss":0},{"damage_healed":0,"gold_gain":0,"player_choice":"Ignored","damage_taken":0,"max_hp_gain":0,"max_hp_loss":0,"event_name":"Mysterious Sphere","floor":36,"gold_loss":0},{"damage_healed":0,"gold_gain":0,"player_choice":"Memory 1","damage_taken":0,"max_hp_gain":0,"max_hp_loss":0,"event_name":"SensoryStone","floor":42,"gold_loss":0},{"damage_healed":0,"gold_gain":0,"player_choice":"Paid","damage_taken":0,"relics_obtained":["Red Mask"],"max_hp_gain":0,"max_hp_loss":0,"event_name":"Tomb of Lord Red Mask","floor":46,"gold_loss":18}],"is_beta":false,"boss_relics":[{"not_picked":["Empty Cage","Ectoplasm"],"picked":"Runic Pyramid"},{"not_picked":["Fusion Hammer","Calling Bell"],"picked":"Inserter"}],"items_purged_floors":[],"is_endless":false,"potions_floor_spawned":[2,3,12,16,18,19,22,31,35,38,40],"ascension_level":12}