{"gold_per_floor":[117,127,140,140,158,158,174,174,174,186,186,151,151,171,171,248,248,208,308,340,351,20,20,35,35,111,36,51,51,51,64,64,64],"floor_reached":33,"playtime":2048,"items_purged":[],"score":488,"play_id":"376d0e61-c4de-4697-95e0-ca96251c871d","local_time":"20190511025512","is_ascension_mode":true,"campfire_choices":[{"floor":6.0,"key":"REST"},{"data":"Neutralize","floor":8.0,"key":"SMITH"},{"floor":11.0,"key":"REST"},{"data":"Dash","floor":15.0,"key":"SMITH"},{"data":"Catalyst","floor":23.0,"key":"SMITH"},{"floor":25.0,"key":"REST"},{"floor":32.0,"key":"REST"}],"neow_cost":"NONE","seed_source_timestamp":0,"circlet_count":0,"master_deck":["AscendersBane","Defend_G","Defend_G","Defend_G","Defend_G","Strike_G","Survivor","Neutralize+1","Dash+1","Blade Dance","Blade Dance","Corpse Explosion","Catalyst+1","Cloak And Dagger","Poisoned Stab","Night Terror","After Image+1","Deflect+1","Dodge and Roll+1","Cloak And Dagger","Caltrops","Poisoned Stab","Deadly Poison","Calculated Gamble+1","Writhe"],"special_seed":0,"relics":["Ring of the Snake","Mercury Hourglass","Astrolabe","Incense Burner","Singing Bowl","Red Mask","ClockworkSouvenir","Sundial","Happy Flower"],"potions_floor_usage":[],"damage_taken":[{"damage":7.0,"enemies":"Small Slimes","floor":1.0,"turns":3.0},{"damage":0.0,"enemies":"Jaw Worm","floor":2.0,"turns":3.0},{"damage":0.0,"enemies":"Cultist","floor":3.0,"turns":4.0},{"damage":12.0,"enemies":"2 Fungi Beasts","floor":5.0,"turns":4.0},{"damage":21.0,"enemies":"Large Slime","floor":7.0,"turns":6.0},{"damage":30.0,"enemies":"Exordium Thugs","floor":10.0,"turns":4.0},{"damage":2.0,"enemies":"Looter","floor":14.0,"turns":3.0},{"damage":19.0,"enemies":"The Guardian","floor":16.0,"turns":10.0},{"damage":12.0,"enemies":"2 Thieves","floor":18.0,"turns":5.0},{"damage":20.0,"enemies":"Colosseum Slavers","floor":19.0,"turns":4.0},{"damage":23.0,"enemies":"Colosseum Nobs","floor":19.0,"turns":4.0},{"damage":0.0,"enemies":"Masked Bandits","floor":20.0,"turns":2.0},{"damage":0.0,"enemies":"3 Byrds","floor":21.0,"turns":2.0},{"damage":16.0,"enemies":"3 Cultists","floor":24.0,"turns":4.0},{"damage":8.0,"enemies":"Cultist and Chosen","floor":28.0,"turns":8.0},{"damage":5.0,"enemies":"Centurion and Healer","floor":31.0,"turns":7.0},{"damage":67,"enemies":"Automaton","floor":33,"turns":8}],"seed_played":"923402681423430455","potions_obtained":[{"floor":1.0,"key":"Fire Potion"},{"floor":2.0,"key":"SkillPotion"},{"floor":7.0,"key":"Regen Potion"},{"floor":10.0,"key":"Regen Potion"},{"floor":16.0,"key":"Ancient Potion"},{"floor":19.0,"key":"Energy Potion"},{"floor":20.0,"key":"FearPotion"}],"is_trial":false,"path_per_floor":["M","M","M","?","M","R","M","R","T","M","R","?","?","M","R","B",null,"M","?","?","M","$","R","M","R","T","?","M","?","?","M","R","B"],"character_chosen":"THE_SILENT","items_purchased":["Caltrops","ClockworkSouvenir","Poisoned Stab"],"campfire_rested":4,"item_purchase_floors":[22,22,22],"current_hp_per_floor":[58,58,58,51,39,60,39,39,39,21,42,60,60,58,58,39,64,52,25,27,29,29,29,13,36,36,36,28,44,44,41,65,0],"gold":64,"neow_bonus":"TEN_PERCENT_HP_BONUS","is_prod":false,"is_daily":false,"chose_seed":false,"campfire_upgraded":3,"win_rate":0,"timestamp":1557564912,"path_taken":["M","M","M","?","M","R","M","R","T","M","R","?","?","M","R","BOSS","M","?","?","M","$","R","M","R","T","?","?","?","?","M","R","BOSS"],"build_version":"2019-05-07","purchased_purges":0,"victory":false,"max_hp_per_floor":[72,72,72,72,72,72,72,72,72,72,72,72,72,72,72,72,72,72,74,76,78,78,78,78,78,78,78,78,78,78,80,80,80],"card_choices":[{"not_picked":["Prepared","Underhanded Strike"],"picked":"Dash","floor":1.0},{"not_picked":["Dodge and Roll","Riddle With Holes"],"picked":"Blade Dance","floor":2.0},{"not_picked":["Slice","Dagger Spray"],"picked":"Blade Dance","floor":3.0},{"not_picked":["Dash","Footwork"],"picked":"Corpse Explosion","floor":5.0},{"not_picked":["Choke","Dodge and Roll"],"picked":"Catalyst","floor":7.0},{"not_picked":["Dodge and Roll","Acrobatics"],"picked":"Cloak And Dagger","floor":10.0},{"not_picked":["Underhanded Strike","Blur"],"picked":"Poisoned Stab","floor":14.0},{"not_picked":["Malaise","Venomology"],"picked":"Night Terror","floor":16.0},{"not_picked":["Slice","Eviscerate"],"picked":"Cloak And Dagger","floor":18.0},{"not_picked":["Cloak And Dagger","Slice","Quick Slash"],"picked":"Singing Bowl","floor":19.0},{"not_picked":["Masterful Stab+1","Dagger Throw","Quick Slash"],"picked":"Singing Bowl","floor":20.0},{"not_picked":["Dodge and Roll","Underhanded Strike","Setup"],"picked":"Singing Bowl","floor":21.0},{"not_picked":["Bouncing Flask","Poisoned Stab"],"picked":"Deadly Poison","floor":24.0},{"not_picked":["Venomology","PiercingWail"],"picked":"Calculated Gamble+1","floor":28.0},{"not_picked":["Poisoned Stab","Dodge and Roll","Expertise"],"picked":"Singing Bowl","floor":31.0}],"player_experience":1002339,"relics_obtained":[{"floor":9.0,"key":"Mercury Hourglass"},{"floor":19.0,"key":"Incense Burner"},{"floor":19.0,"key":"Singing Bowl"},{"floor":20.0,"key":"Red Mask"},{"floor":26.0,"key":"Sundial"}],"event_choices":[{"cards_removed":["Strike_G"],"damage_healed":0.0,"max_hp_gain":0.0,"max_hp_loss":0.0,"gold_gain":0.0,"event_name":"Golden Wing","player_choice":"Card Removal","floor":4.0,"gold_loss":0.0,"damage_taken":7.0},{"damage_healed":18.0,"max_hp_gain":0.0,"max_hp_loss":0.0,"gold_gain":0.0,"event_name":"The Cleric","player_choice":"Healed","floor":12.0,"gold_loss":35.0,"damage_taken":0.0},{"damage_healed":0.0,"max_hp_gain":0.0,"max_hp_loss":0.0,"gold_gain":0.0,"event_name":"Shining Light","player_choice":"Ignored","floor":13.0,"gold_loss":0.0,"damage_taken":0.0},{"damage_healed":0.0,"max_hp_gain":0.0,"max_hp_loss":0.0,"gold_gain":0.0,"event_name":"Colosseum","player_choice":"Fight","floor":19.0,"gold_loss":0.0,"damage_taken":0.0},{"damage_healed":0.0,"max_hp_gain":0.0,"max_hp_loss":0.0,"gold_gain":0.0,"event_name":"Colosseum","player_choice":"Fought Nobs","floor":19.0,"gold_loss":0.0,"damage_taken":0.0},{"damage_healed":0.0,"max_hp_gain":0.0,"max_hp_loss":0.0,"gold_gain":0.0,"event_name":"Masked Bandits","player_choice":"Fought Bandits","floor":20.0,"gold_loss":0.0,"damage_taken":0.0},{"cards_removed":["Strike_G"],"damage_healed":0.0,"max_hp_gain":0.0,"max_hp_loss":0.0,"gold_gain":0.0,"event_name":"Beggar","player_choice":"Gave Gold","floor":27.0,"gold_loss":75.0,"damage_taken":0.0},{"damage_healed":16.0,"max_hp_gain":0.0,"max_hp_loss":0.0,"gold_gain":0.0,"event_name":"The Library","player_choice":"Heal","floor":29.0,"gold_loss":0.0,"damage_taken":0.0},{"damage_healed":0.0,"max_hp_gain":0.0,"max_hp_loss":0.0,"gold_gain":0.0,"event_name":"The Mausoleum","player_choice":"Opened","floor":30.0,"gold_loss":0.0,"damage_taken":0.0,"relics_obtained":["Happy Flower"],"cards_obtained":["Writhe"]}],"is_beta":true,"boss_relics":[{"not_picked":["HoveringKite","Tiny House"],"picked":"Astrolabe"}],"items_purged_floors":[],"is_endless":false,"potions_floor_spawned":[1,2,7,10,16,19,19,20,28],"killed_by":"Automaton","ascension_level":17}