{"path_per_floor":["M","M","T","?","M","R","?","M","T","$","?","$","M","M","R","B",null,"M"],"character_chosen":"THE_SILENT","items_purchased":["Caltrops","Blur"],"gold_per_floor":[109,119,119,119,134,134,134,147,173,27,84,3,19,33,33,136,136,152],"floor_reached":19,"campfire_rested":0,"playtime":2690,"current_hp_per_floor":[60,60,60,60,60,60,60,58,58,58,38,38,30,29,29,16,63,13],"items_purged":["Defend_G"],"gold":122,"play_id":"6d4e5c21-2b31-4564-b1e9-481cfcb984b9","is_prod":false,"is_daily":false,"is_ascension_mode":true,"campfire_upgraded":2,"path_taken":["M","M","?","?","?","R","?","M","T","?","?","$","M","M","R","BOSS","M","?"],"build_version":"2018-01-25-PROD3","purchased_purges":1,"victory":false,"master_deck":["Defend_G","Defend_G","Defend_G","Defend_G","Strike_G","Strike_G","Strike_G","Strike_G","Survivor","Neutralize+1","Prepared+1","Cloak And Dagger","Blade Dance+1","Dash","Caltrops","Quick Slash","Blur","Dodge and Roll","Acrobatics+1"],"max_hp_per_floor":[63,63,63,63,63,63,63,63,63,63,63,63,63,63,63,63,63,63],"relics":["Ring of the Snake","Frozen Eye","Calipers","Toxic Egg","Omamori","Black Star"],"card_choices":[{"not_picked":["Poisoned Stab","Flying Knee"],"picked":"Prepared"},{"not_picked":["Quick Slash","Endless Agony"],"picked":"Cloak And Dagger"},{"not_picked":["Choke","Slice"],"picked":"Dash"},{"not_picked":["Setup","Dagger Spray"],"picked":"Quick Slash"},{"not_picked":["Venomology","Predator"],"picked":"Dodge and Roll"},{"not_picked":["Outmaneuver","Cloak And Dagger"],"picked":"Acrobatics"}],"player_experience":381634,"potions_floor_usage":[11,13,16,19],"damage_taken":[{"damage":3,"enemies":"Blue Slaver","floor":1,"turns":6},{"damage":0,"enemies":"Jaw Worm","floor":2,"turns":5},{"damage":0,"enemies":"Cultist","floor":5,"turns":4},{"damage":2,"enemies":"2 Fungi Beasts","floor":8,"turns":5},{"damage":20,"enemies":"Lagavulin Event","floor":11,"turns":6},{"damage":8,"enemies":"Exordium Thugs","floor":13,"turns":4},{"damage":1,"enemies":"3 Louse","floor":14,"turns":5},{"damage":13,"enemies":"Hexaghost","floor":16,"turns":11},{"damage":50,"enemies":"Chosen","floor":18,"turns":9},{"damage":13,"enemies":"2 Thieves","floor":19,"turns":1}],"event_choices":[{"event_name":"Accursed Blacksmith","player_choice":"Forge","floor":4,"damage_taken":0},{"event_name":"Living Wall","player_choice":"Change","floor":7,"damage_taken":0},{"event_name":"Dead Adventurer","player_choice":"Searched \u00273\u0027 times","floor":11,"damage_taken":0}],"boss_relics":[{"not_picked":["Ectoplasm","Orrery"],"picked":"Black Star"}],"potions_floor_spawned":[5,11,14,16],"seed_played":"-1194133929113454325","killed_by":"2 Thieves","ascension_level":2,"is_trial":false}