{"gold_per_floor":[114,131,56,56,30,65,65,79,103,137,150,169,186,206,206,206],"floor_reached":16,"playtime":795,"items_purged":[],"score":278,"play_id":"4c1414bf-644d-41af-aff6-73a07349da55","local_time":"20181124121949","is_ascension_mode":true,"campfire_choices":[{"data":"Noxious Fumes","floor":7,"key":"SMITH"},{"floor":15,"key":"REST"}],"neow_cost":"NONE","seed_source_timestamp":913911462865063,"circlet_count":0,"master_deck":["AscendersBane","Defend_G","Defend_G","Defend_G","Defend_G","Defend_G","Strike_G","Strike_G","Strike_G","Strike_G","Survivor","Neutralize","Noxious Fumes+1","Flying Knee","Sucker Punch","Dash","PiercingWail","Dodge and Roll","Deadly Poison","Dagger Throw","Noxious Fumes"],"relics":["Ring of the Snake","NeowsBlessing","Bag of Preparation","Torii","Centennial Puzzle","Sundial"],"potions_floor_usage":[10,12,14,16],"damage_taken":[{"damage":0,"enemies":"Jaw Worm","floor":1,"turns":1},{"damage":0,"enemies":"2 Louse","floor":2,"turns":1},{"damage":0,"enemies":"Gremlin Nob","floor":6,"turns":1},{"damage":0,"enemies":"Small Slimes","floor":8,"turns":4},{"damage":15,"enemies":"3 Sentries","floor":10,"turns":7},{"damage":7,"enemies":"Looter","floor":11,"turns":3},{"damage":8,"enemies":"Exordium Wildlife","floor":12,"turns":6},{"damage":7,"enemies":"Exordium Thugs","floor":13,"turns":5},{"damage":1,"enemies":"3 Louse","floor":14,"turns":3},{"damage":28,"enemies":"Slime Boss","floor":16,"turns":8}],"seed_played":"5182062020015429097","potions_obtained":[{"floor":1,"key":"Weak Potion"},{"floor":6,"key":"Ancient Potion"},{"floor":10,"key":"SkillPotion"},{"floor":14,"key":"Explosive Potion"}],"is_trial":false,"path_per_floor":["M","M","?","?","$","E","R","M","T","E","M","M","M","M","R","B"],"character_chosen":"THE_SILENT","items_purchased":["Sucker Punch"],"campfire_rested":1,"item_purchase_floors":[5],"current_hp_per_floor":[59,59,59,41,41,41,41,41,41,26,19,11,4,3,22,0],"gold":206,"neow_bonus":"THREE_ENEMY_KILL","is_prod":false,"is_daily":false,"chose_seed":false,"campfire_upgraded":1,"win_rate":0,"timestamp":1543079989,"path_taken":["M","M","?","?","?","E","R","M","T","E","M","M","M","M","R","BOSS"],"build_version":"2018-11-15","purchased_purges":0,"victory":false,"max_hp_per_floor":[66,66,66,66,66,66,66,66,66,66,66,66,66,66,66,66],"card_choices":[{"not_picked":["Well Laid Plans","Slice"],"picked":"Noxious Fumes","floor":1},{"not_picked":["Underhanded Strike","Skewer"],"picked":"Flying Knee","floor":2},{"not_picked":["Night Terror","Skewer"],"picked":"Dash","floor":6},{"not_picked":["Flying Knee","Finisher"],"picked":"PiercingWail","floor":8},{"not_picked":["Cloak And Dagger","Distraction"],"picked":"Dodge and Roll","floor":10},{"not_picked":["Accuracy","Dodge and Roll"],"picked":"Deadly Poison","floor":11},{"not_picked":["Accuracy","Tactician"],"picked":"Dagger Throw","floor":12},{"not_picked":["Bane","Grand Finale"],"picked":"Noxious Fumes","floor":13},{"not_picked":["Poisoned Stab","Outmaneuver","Slice"],"picked":"SKIP","floor":14}],"player_experience":2483105,"relics_obtained":[{"floor":6,"key":"Torii"},{"floor":9,"key":"Centennial Puzzle"},{"floor":10,"key":"Sundial"}],"event_choices":[{"cards_removed":["Strike_G"],"damage_healed":0,"gold_gain":0,"player_choice":"Card Removal","damage_taken":0,"max_hp_gain":0,"max_hp_loss":0,"event_name":"The Cleric","floor":3,"gold_loss":75},{"damage_healed":0,"gold_gain":0,"player_choice":"Success","damage_taken":18,"relics_obtained":["Bag of Preparation"],"max_hp_gain":0,"max_hp_loss":0,"event_name":"Scrap Ooze","floor":4,"gold_loss":0}],"is_beta":false,"boss_relics":[],"items_purged_floors":[],"is_endless":false,"potions_floor_spawned":[1,6,10,14],"killed_by":"Slime Boss","ascension_level":20}