{"gold_per_floor":[20,20,20,20,20,55,55,73,73,73,15,28,28,44,44,44],"floor_reached":16,"playtime":504,"items_purged":[],"score":196,"play_id":"884aee9f-476c-4f83-adef-7bd1f7c495ca","local_time":"20190428102436","is_ascension_mode":true,"campfire_choices":[{"data":"Sunder","floor":7,"key":"SMITH"},{"floor":10,"key":"REST"},{"data":"Zap","floor":13,"key":"SMITH"},{"data":"Loop","floor":15,"key":"SMITH"}],"neow_cost":"NO_GOLD","seed_source_timestamp":1609811537455119,"circlet_count":0,"master_deck":["AscendersBane","Strike_B","Strike_B","Defend_B","Defend_B","Defend_B","Defend_B","Zap+1","Dualcast","Ball Lightning","Heatsinks","Sunder+1","Conserve Battery","Steam","Capacitor","Loop+1"],"relics":["Cracked Core","Torii","Golden Idol","Lantern","Mummified Hand"],"potions_floor_usage":[],"damage_taken":[{"damage":1,"enemies":"2 Louse","floor":1,"turns":2},{"damage":33,"enemies":"3 Sentries","floor":6,"turns":9},{"damage":7,"enemies":"Jaw Worm","floor":8,"turns":2},{"damage":0,"enemies":"Small Slimes","floor":12,"turns":2},{"damage":0,"enemies":"Looter","floor":14,"turns":2},{"damage":42,"enemies":"Hexaghost","floor":16,"turns":9}],"seed_played":"3083416434733983497","potions_obtained":[{"floor":1,"key":"FairyPotion"},{"floor":8,"key":"FocusPotion"}],"is_trial":false,"path_per_floor":["M","?","?","?","?","E","R","M","T","R","$","M","R","M","R","B"],"character_chosen":"DEFECT","items_purchased":["Steam"],"campfire_rested":1,"item_purchase_floors":[11],"current_hp_per_floor":[63,63,56,56,56,23,23,16,16,35,35,35,35,35,35,0],"gold":44,"neow_bonus":"ONE_RARE_RELIC","is_prod":false,"is_daily":false,"chose_seed":false,"campfire_upgraded":3,"win_rate":0,"timestamp":1556461476,"path_taken":["M","?","?","?","?","E","R","M","T","R","?","M","R","?","R","BOSS"],"build_version":"2019-01-23","purchased_purges":0,"victory":false,"max_hp_per_floor":[71,71,71,64,64,64,64,64,64,64,64,64,64,64,64,64],"card_choices":[{"not_picked":["Aggregate","Redo"],"picked":"Ball Lightning","floor":1},{"not_picked":["Tempest","Cold Snap"],"picked":"Sunder","floor":6},{"not_picked":["Cold Snap","Rebound"],"picked":"Conserve Battery","floor":8},{"not_picked":["Lockon","Conserve Battery"],"picked":"Capacitor","floor":12},{"not_picked":["Sweeping Beam","Blizzard"],"picked":"Loop","floor":14}],"player_experience":3504480,"relics_obtained":[{"floor":6,"key":"Lantern"},{"floor":9,"key":"Mummified Hand"}],"event_choices":[{"damage_healed":0,"gold_gain":0,"cards_transformed":["Strike_B"],"player_choice":"Change","damage_taken":0,"max_hp_gain":0,"max_hp_loss":0,"event_name":"Living Wall","floor":2,"gold_loss":0,"cards_obtained":["Heatsinks"]},{"cards_removed":["Strike_B"],"damage_healed":0,"gold_gain":0,"player_choice":"Card Removal","damage_taken":7,"max_hp_gain":0,"max_hp_loss":0,"event_name":"Golden Wing","floor":3,"gold_loss":0},{"damage_healed":0,"gold_gain":0,"player_choice":"Lose Max HP","damage_taken":0,"relics_obtained":["Golden Idol"],"max_hp_gain":0,"max_hp_loss":7,"event_name":"Golden Idol","floor":4,"gold_loss":0},{"damage_healed":0,"gold_gain":0,"player_choice":"Ignored","damage_taken":0,"max_hp_gain":0,"max_hp_loss":0,"event_name":"Liars Game","floor":5,"gold_loss":0}],"is_beta":false,"boss_relics":[],"items_purged_floors":[],"is_endless":false,"potions_floor_spawned":[1,8],"killed_by":"Hexaghost","ascension_level":20}