{"gold_per_floor":[119,269,16,16,30,30,59,69,94,68,68,96,96,123,123,202,202,220,232,17,17,34,34,50,50,119,119,19,19,37,55,55,128,128,138,148,148,57,74,74,74,86,86,98,114,114,114,114,114,114,114,114,114,39,65,65],"floor_reached":56,"playtime":3737,"items_purged":["Doubt","Strike_G"],"score":1894,"play_id":"3caff356-d15c-432c-a8be-3d0e4debe176","local_time":"20181120164000","is_ascension_mode":true,"campfire_choices":[{"data":"Noxious Fumes","floor":6,"key":"SMITH"},{"data":"Envenom","floor":11,"key":"SMITH"},{"floor":13,"key":"REST"},{"data":"Noxious Fumes","floor":15,"key":"SMITH"},{"data":"Apotheosis","floor":23,"key":"SMITH"},{"data":"Neutralize","floor":27,"key":"SMITH"},{"data":"RitualDagger","floor":29,"key":"SMITH"},{"data":"Dodge and Roll","floor":32,"key":"SMITH"},{"data":"Noxious Fumes","floor":41,"key":"SMITH"},{"floor":47,"key":"REST"},{"floor":49,"key":"RECALL"},{"data":"Catalyst","floor":53,"key":"SMITH"}],"neow_cost":"NONE","seed_source_timestamp":580654338449538,"circlet_count":0,"master_deck":["AscendersBane","Defend_G","Defend_G","Defend_G","Defend_G","Defend_G","Strike_G","Survivor","Neutralize+1","Crippling Poison","Noxious Fumes+1","Leg Sweep","Slice","Envenom+1","PiercingWail","Flying Knee","Noxious Fumes+1","Dodge and Roll+1","Cloak And Dagger","Backflip","Well Laid Plans","Adrenaline","Noxious Fumes+1","Apotheosis+1","Finisher","Tools of the Trade","RitualDagger+1","Distraction+1","Backflip","Predator+1","Bandage Up","PiercingWail+1","Catalyst+1","Footwork"],"relics":["Ring of the Snake","NeowsBlessing","Blood Vial","Prayer Wheel","Singing Bowl","Busted Crown","Meat on the Bone","Cursed Key","Bag of Preparation"],"potions_floor_usage":[8,16,16,30,31,33,42,44,44,50,50],"damage_taken":[{"damage":0,"enemies":"Small Slimes","floor":1,"turns":1},{"damage":0,"enemies":"Cultist","floor":5,"turns":1},{"damage":0,"enemies":"Gremlin Nob","floor":7,"turns":1},{"damage":6,"enemies":"Jaw Worm","floor":8,"turns":4},{"damage":11,"enemies":"Exordium Thugs","floor":10,"turns":5},{"damage":11,"enemies":"Lagavulin","floor":12,"turns":6},{"damage":14,"enemies":"3 Sentries","floor":14,"turns":6},{"damage":17,"enemies":"The Guardian","floor":16,"turns":10},{"damage":4,"enemies":"Shell Parasite","floor":18,"turns":7},{"damage":7,"enemies":"3 Byrds","floor":19,"turns":4},{"damage":16,"enemies":"Centurion and Healer","floor":22,"turns":8},{"damage":7,"enemies":"3 Cultists","floor":24,"turns":5},{"damage":6,"enemies":"Snecko","floor":30,"turns":6},{"damage":13,"enemies":"Snake Plant","floor":31,"turns":6},{"damage":34,"enemies":"Automaton","floor":33,"turns":9},{"damage":8,"enemies":"3 Darklings","floor":35,"turns":4},{"damage":6,"enemies":"3 Shapes","floor":36,"turns":5},{"damage":10,"enemies":"3 Darklings","floor":39,"turns":6},{"damage":16,"enemies":"Jaw Worm Horde","floor":42,"turns":5},{"damage":42,"enemies":"Spire Growth","floor":44,"turns":7},{"damage":0,"enemies":"Sphere and 2 Shapes","floor":45,"turns":4},{"damage":73,"enemies":"Awakened One","floor":50,"turns":14},{"damage":19,"enemies":"Time Eater","floor":51,"turns":4},{"damage":73,"enemies":"Shield and Spear","floor":55,"turns":8},{"damage":57,"enemies":"The Heart","floor":56,"turns":2}],"seed_played":"1476720380854705940","potions_obtained":[{"floor":1,"key":"Weak Potion"},{"floor":10,"key":"Swift Potion"},{"floor":14,"key":"Swift Potion"},{"floor":24,"key":"Swift Potion"},{"floor":30,"key":"GhostInAJar"},{"floor":31,"key":"Energy Potion"},{"floor":36,"key":"PowerPotion"},{"floor":37,"key":"PowerPotion"},{"floor":42,"key":"Block Potion"},{"floor":44,"key":"LiquidBronze"},{"floor":45,"key":"Regen Potion"},{"floor":55,"key":"Weak Potion"}],"is_trial":false,"path_per_floor":["M","?","$","?","M","R","E","M","T","M","R","E","R","E","R","B",null,"M","M","$","?","M","R","M","?","T","R","$","R","M","M","R","B",null,"M","M","?","$","M","?","R","M","T","M","M","?","R","T","R","B","B",null,"R","$","E","B"],"character_chosen":"THE_SILENT","items_purchased":["Noxious Fumes","Leg Sweep","Slice","Apotheosis","Bandage Up","Footwork"],"campfire_rested":2,"item_purchase_floors":[3,3,3,20,38,54],"current_hp_per_floor":[59,59,59,59,59,59,59,55,55,46,46,37,56,44,44,29,57,57,56,56,56,46,46,45,39,39,39,39,39,51,54,54,36,75,71,69,69,69,69,69,69,65,65,45,63,63,94,94,94,55,50,91,91,91,40,0],"gold":65,"neow_bonus":"THREE_ENEMY_KILL","is_prod":false,"is_daily":false,"chose_seed":false,"campfire_upgraded":9,"win_rate":0,"timestamp":1542750000,"path_taken":["M","?","$","?","M","R","E","M","T","M","R","E","R","E","R","BOSS","M","M","?","?","M","R","?","?","T","R","$","R","M","M","R","BOSS","M","M","?","$","?","?","R","?","T","M","M","?","R","?","R","BOSS","BOSS","R","$","E","BOSS"],"build_version":"2018-11-15","purchased_purges":2,"victory":false,"max_hp_per_floor":[66,66,66,66,66,66,66,66,66,66,66,66,66,66,66,66,66,68,72,72,72,76,76,80,80,80,80,80,80,84,86,86,88,88,90,92,92,92,94,94,94,98,98,100,104,104,104,104,104,104,104,104,104,104,106,106],"card_choices":[{"not_picked":["Flechettes","Tactician"],"picked":"Crippling Poison","floor":1},{"not_picked":["Sucker Punch","Reflex"],"picked":"Flying Knee","floor":5},{"not_picked":["Sucker Punch","Endless Agony"],"picked":"Noxious Fumes","floor":7},{"not_picked":["Poisoned Stab","Dagger Throw"],"picked":"Dodge and Roll","floor":8},{"not_picked":["Dagger Throw","Quick Slash"],"picked":"Cloak And Dagger","floor":10},{"not_picked":["Cloak And Dagger","Blade Dance"],"picked":"Backflip","floor":12},{"not_picked":["Noxious Fumes","Deadly Poison"],"picked":"Well Laid Plans","floor":14},{"not_picked":["Envenom","A Thousand Cuts"],"picked":"Adrenaline","floor":16},{"not_picked":[],"picked":"Noxious Fumes","floor":18},{"not_picked":["Acrobatics+1"],"picked":"Singing Bowl","floor":18},{"not_picked":["Cloak And Dagger"],"picked":"Singing Bowl","floor":19},{"not_picked":["Deadly Poison"],"picked":"Singing Bowl","floor":19},{"not_picked":["Envenom"],"picked":"Singing Bowl","floor":22},{"not_picked":["Acrobatics"],"picked":"Singing Bowl","floor":22},{"not_picked":["Sucker Punch"],"picked":"Singing Bowl","floor":24},{"not_picked":["Noxious Fumes"],"picked":"Singing Bowl","floor":24},{"not_picked":["Distraction"],"picked":"Singing Bowl","floor":30},{"not_picked":["Expertise"],"picked":"Singing Bowl","floor":30},{"not_picked":["Setup"],"picked":"Singing Bowl","floor":31},{"not_picked":[],"picked":"Distraction+1","floor":31},{"not_picked":["Storm of Steel"],"picked":"Singing Bowl","floor":33},{"not_picked":["Sucker Punch"],"picked":"Singing Bowl","floor":35},{"not_picked":[],"picked":"Backflip","floor":35},{"not_picked":[],"picked":"Predator+1","floor":36},{"not_picked":["Dagger Throw"],"picked":"Singing Bowl","floor":36},{"not_picked":["Slice"],"picked":"Singing Bowl","floor":39},{"not_picked":[],"picked":"PiercingWail+1","floor":39},{"not_picked":["Slice"],"picked":"Singing Bowl","floor":42},{"not_picked":["Caltrops"],"picked":"Singing Bowl","floor":42},{"not_picked":["Skewer"],"picked":"Singing Bowl","floor":44},{"not_picked":[],"picked":"Catalyst","floor":44},{"not_picked":["Bane"],"picked":"Singing Bowl","floor":45},{"not_picked":["Crippling Poison"],"picked":"Singing Bowl","floor":45},{"not_picked":["Backflip"],"picked":"Singing Bowl","floor":55}],"player_experience":2412883,"relics_obtained":[{"floor":7,"key":"Blood Vial"},{"floor":12,"key":"Prayer Wheel"},{"floor":14,"key":"Singing Bowl"},{"floor":26,"key":"Meat on the Bone"},{"floor":55,"key":"Bag of Preparation"}],"event_choices":[{"damage_healed":0,"gold_gain":150,"player_choice":"AGREE","damage_taken":0,"max_hp_gain":0,"max_hp_loss":0,"event_name":"Liars Game","floor":2,"gold_loss":0,"cards_obtained":["Doubt"]},{"damage_healed":0,"gold_gain":0,"player_choice":"2 cards matched","damage_taken":0,"max_hp_gain":0,"max_hp_loss":0,"event_name":"Match and Keep!","floor":4,"gold_loss":0,"cards_obtained":["Envenom","PiercingWail"]},{"damage_healed":0,"gold_gain":0,"cards_transformed":["Strike_G","Strike_G"],"player_choice":"Became Test Subject","damage_taken":0,"max_hp_gain":0,"max_hp_loss":0,"event_name":"Drug Dealer","floor":21,"gold_loss":0,"cards_obtained":["Finisher","Tools of the Trade"]},{"damage_healed":0,"gold_gain":0,"player_choice":"Joined the Cult","damage_taken":6,"max_hp_gain":0,"max_hp_loss":0,"event_name":"Nest","floor":25,"gold_loss":0,"cards_obtained":["RitualDagger"]},{"damage_healed":0,"gold_gain":0,"player_choice":"Got Potions","damage_taken":0,"max_hp_gain":0,"max_hp_loss":0,"event_name":"Lab","floor":37,"gold_loss":0},{"cards_removed":["Strike_G"],"damage_healed":0,"gold_gain":0,"player_choice":"Purged","damage_taken":0,"max_hp_gain":0,"max_hp_loss":0,"event_name":"Purifier","floor":40,"gold_loss":0},{"damage_healed":0,"gold_gain":0,"player_choice":"Ignored","damage_taken":0,"max_hp_gain":0,"max_hp_loss":0,"event_name":"Mysterious Sphere","floor":46,"gold_loss":0}],"is_beta":false,"boss_relics":[{"not_picked":["Ring of the Serpent","Snecko Eye"],"picked":"Busted Crown"},{"not_picked":["Black Star","Lizard Tail"],"picked":"Cursed Key"}],"items_purged_floors":[3,28],"is_endless":false,"potions_floor_spawned":[1,10,14,24,30,31,36,42,44,45,55],"killed_by":"The Heart","ascension_level":20}