{"gold_per_floor":[116,135,152,152,302,302,367,367,394,10,10,35,35,73,73,73],"floor_reached":16,"playtime":932,"items_purged":[],"score":211,"play_id":"4f478a66-e869-4d5f-821d-b1b693470076","local_time":"20190620002432","is_ascension_mode":true,"campfire_choices":[{"data":"After Image","floor":6.0,"key":"SMITH"},{"floor":8.0,"key":"REST"},{"floor":13.0,"key":"REST"},{"floor":15,"key":"REST"}],"neow_cost":"NONE","seed_source_timestamp":0,"circlet_count":0,"master_deck":["AscendersBane","Strike_G","Strike_G","Strike_G","Strike_G","Strike_G","Defend_G","Defend_G","Defend_G","Defend_G","Defend_G","Survivor","Neutralize","After Image+1","Cloak And Dagger","Dodge and Roll","PiercingWail","Doubt","Cloak And Dagger","After Image","Adrenaline","Backflip","Blur","Venomology"],"special_seed":0,"relics":["Ring of the Snake","Golden Idol","Tiny Chest","Vajra","Art of War"],"potions_floor_usage":[14,14,14,16],"damage_taken":[{"damage":11.0,"enemies":"Cultist","floor":1.0,"turns":7.0},{"damage":2.0,"enemies":"Small Slimes","floor":2.0,"turns":4.0},{"damage":0.0,"enemies":"2 Louse","floor":3.0,"turns":5.0},{"damage":36.0,"enemies":"3 Sentries","floor":7.0,"turns":18.0},{"damage":3.0,"enemies":"Red Slaver","floor":12.0,"turns":5.0},{"damage":28,"enemies":"Gremlin Nob","floor":14,"turns":6},{"damage":45,"enemies":"The Guardian","floor":16,"turns":18}],"seed_played":"4036784427395805221","potions_obtained":[{"floor":1.0,"key":"Explosive Potion"},{"floor":3.0,"key":"SteroidPotion"},{"floor":11.0,"key":"EntropicBrew"}],"is_trial":false,"path_per_floor":["M","M","M","?","?","R","E","R","T","$","?","M","R","E","R","B"],"character_chosen":"THE_SILENT","items_purchased":["After Image","Adrenaline","Backflip"],"campfire_rested":3,"item_purchase_floors":[10,10,10],"current_hp_per_floor":[48,46,46,46,46,46,10,28,28,28,28,25,43,15,33,0],"gold":73,"neow_bonus":"ONE_RANDOM_RARE_CARD","is_prod":false,"is_daily":false,"chose_seed":false,"campfire_upgraded":1,"win_rate":0,"timestamp":1561011872,"path_taken":["M","M","?","?","?","R","E","R","T","$","?","?","R","E","R","BOSS"],"build_version":"2019-06-18","purchased_purges":0,"victory":false,"max_hp_per_floor":[66,66,66,60,60,60,60,60,60,60,60,60,60,60,60,60],"card_choices":[{"not_picked":["Endless Agony","Concentrate"],"picked":"Cloak And Dagger","floor":1.0},{"not_picked":["Dagger Throw","Deflect"],"picked":"Dodge and Roll","floor":2.0},{"not_picked":["Concentrate","Slice"],"picked":"PiercingWail","floor":3.0},{"not_picked":["Acrobatics","Dagger Spray"],"picked":"Cloak And Dagger","floor":7.0},{"not_picked":["Underhanded Strike","Dagger Spray"],"picked":"Blur","floor":12.0},{"not_picked":["Predator","Heel Hook"],"picked":"Venomology","floor":14}],"player_experience":1085620,"relics_obtained":[{"floor":7.0,"key":"Tiny Chest"},{"floor":9.0,"key":"Vajra"},{"floor":14,"key":"Art of War"}],"event_choices":[{"damage_healed":0.0,"max_hp_gain":0.0,"max_hp_loss":6.0,"gold_gain":0.0,"event_name":"Golden Idol","player_choice":"Lose Max HP","floor":4.0,"gold_loss":0.0,"damage_taken":0.0,"relics_obtained":["Golden Idol"]},{"damage_healed":0.0,"max_hp_gain":0.0,"max_hp_loss":0.0,"gold_gain":150.0,"event_name":"Liars Game","player_choice":"AGREE","floor":5.0,"gold_loss":0.0,"damage_taken":0.0,"cards_obtained":["Doubt"]},{"damage_healed":0.0,"max_hp_gain":0.0,"max_hp_loss":0.0,"gold_gain":0.0,"event_name":"Lab","player_choice":"Got Potions","floor":11.0,"gold_loss":0.0,"damage_taken":0.0}],"is_beta":true,"boss_relics":[],"items_purged_floors":[],"is_endless":false,"potions_floor_spawned":[1,3],"killed_by":"The Guardian","ascension_level":19}