{"path_per_floor":["M","?","$","M","?","R","$","R","T","M","R","M","M","M","R","B",null,"M","?","?","M","M","E","R","?","T","M","R","$","M","M","R","B",null,"M","?","$","?","?","R","M","M","T","?","M","M"],"character_chosen":"IRONCLAD","items_purchased":["Shrug It Off","Flame Barrier","Rampage","Self Forming Clay","Secret Weapon"],"gold_per_floor":[119,119,92,116,116,116,48,48,48,72,72,93,108,122,122,251,251,267,267,267,288,301,337,337,337,337,353,353,28,53,76,76,206,206,226,226,49,49,108,108,129,148,198,0,14,28],"floor_reached":47,"campfire_rested":6,"playtime":4046,"current_hp_per_floor":[78,58,58,58,58,80,80,80,80,80,80,72,59,59,80,49,80,74,74,74,57,42,6,30,56,56,53,77,77,63,46,70,38,80,73,73,73,63,54,78,62,28,35,35,12,12],"items_purged":[],"gold":28,"play_id":"d3ba280d-2968-4ac7-b202-94ab6eba6284","is_prod":false,"is_daily":false,"campfire_rituals":0,"campfire_upgraded":2,"is_hardmode":false,"path_taken":["M","?","$","M","?","R","?","R","T","M","R","?","M","M","R","BOSS","M","?","?","M","?","E","R","?","T","?","R","$","?","?","R","BOSS","M","?","$","?","?","R","M","?","T","?","M","M","?"],"build_version":"2018-01-11-PROD2","purchased_purges":0,"victory":false,"master_deck":["Strike_R","Strike_R","Strike_R","Strike_R","Defend_R","Defend_R","Defend_R","Defend_R","Bash","Perfected Strike","Shrug It Off","Pommel Strike","Injury","Whirlwind","Flame Barrier","Juggernaut","Shrug It Off","Pommel Strike","Infernal Blade","Berserk","Cleave","Hemokinesis","Thunderclap","Clothesline","Uppercut","Armaments","Rampage","Anger","Intimidate","Bludgeon","Shockwave","Body Slam","Bash","Secret Weapon","Madness","Madness","Twin Strike","Thunderclap","Seeing Red","True Grit","Seeing Red"],"max_hp_per_floor":[80,80,80,80,80,80,80,80,80,80,80,80,80,80,80,80,80,80,80,80,80,80,80,80,80,80,80,80,80,80,80,80,80,80,80,80,80,80,80,80,80,80,87,87,87,87],"relics":["Runic Dome","Golden Idol","Darkstone Periapt","Velvet Choker","Paper Frog","Red Skull","Self Forming Clay","Snecko Eye","Ice Cream","Strawberry","Red Mask"],"campfire_meditates":0,"card_choices":[{"not_picked":["Thunderclap","Intimidate"],"picked":"Perfected Strike"},{"not_picked":["Clash","Corruption"],"picked":"Pommel Strike"},{"not_picked":["Cleave","Clothesline"],"picked":"Juggernaut"},{"not_picked":["True Grit","Sword Boomerang"],"picked":"Shrug It Off"},{"not_picked":["Warcry","Sever Soul"],"picked":"Pommel Strike"},{"not_picked":["Cleave","Spot Weakness"],"picked":"Infernal Blade"},{"not_picked":["Offering","Demon Form"],"picked":"Berserk"},{"not_picked":["Corruption","Heavy Blade"],"picked":"Cleave"},{"not_picked":["Warcry","Body Slam"],"picked":"Thunderclap"},{"not_picked":["Headbutt","Iron Wave"],"picked":"Clothesline"},{"not_picked":["Cleave","Reckless Charge"],"picked":"Uppercut"},{"not_picked":["Body Slam","Flex"],"picked":"Armaments"},{"not_picked":["Combust","Pummel"],"picked":"Anger"},{"not_picked":["Pommel Strike","Reckless Charge"],"picked":"Intimidate"},{"not_picked":["Limit Break","Fiend Fire"],"picked":"Bludgeon"},{"not_picked":["Searing Blow","Reckless Charge"],"picked":"Shockwave"},{"not_picked":["Body Slam","Clash"],"picked":"Twin Strike"},{"not_picked":["True Grit","Clothesline"],"picked":"Thunderclap"},{"not_picked":["Body Slam","Reckless Charge"],"picked":"Seeing Red"},{"not_picked":["Warcry","Second Wind"],"picked":"True Grit"},{"not_picked":["Dark Embrace","Iron Wave"],"picked":"Seeing Red"}],"player_experience":7412,"potions_floor_usage":[23,23,23,33,33,39],"damage_taken":[{"damage":2,"enemies":"Small Slimes","floor":1,"turns":2},{"damage":0,"enemies":"2 Louse","floor":4,"turns":2},{"damage":0,"enemies":"Cultist","floor":10,"turns":2},{"damage":8,"enemies":"2 Fungi Beasts","floor":12,"turns":3},{"damage":13,"enemies":"Red Slaver","floor":13,"turns":2},{"damage":0,"enemies":"Lots of Slimes","floor":14,"turns":1},{"damage":31,"enemies":"Slime Boss","floor":16,"turns":5},{"damage":6,"enemies":"Shell Parasite","floor":18,"turns":4},{"damage":17,"enemies":"2 Thieves","floor":21,"turns":3},{"damage":15,"enemies":"Centurion and Healer","floor":22,"turns":4},{"damage":36,"enemies":"Gremlin Leader","floor":23,"turns":3},{"damage":3,"enemies":"Snecko","floor":27,"turns":3},{"damage":14,"enemies":"Snake Plant","floor":30,"turns":3},{"damage":17,"enemies":"Sentry and Sphere","floor":31,"turns":5},{"damage":32,"enemies":"Collector","floor":33,"turns":9},{"damage":7,"enemies":"Orb Walker","floor":35,"turns":3},{"damage":9,"enemies":"Mysterious Sphere","floor":39,"turns":2},{"damage":16,"enemies":"3 Darklings","floor":41,"turns":3},{"damage":34,"enemies":"4 Shapes","floor":42,"turns":3},{"damage":23,"enemies":"Sphere and 2 Shapes","floor":45,"turns":3},{"damage":0,"enemies":"3 Darklings","floor":46,"turns":1},{"damage":12,"enemies":"4 Shapes","floor":47,"turns":1}],"event_choices":[{"event_name":"Golden Idol","player_choice":"Take Damage","floor":2,"damage_taken":0},{"event_name":"Match and Keep!","player_choice":"2 cards matched","floor":5,"damage_taken":0},{"event_name":"Transmorgrifier","player_choice":"Transform","floor":19,"damage_taken":0},{"event_name":"Back to Basics","player_choice":"Simplicity","floor":20,"damage_taken":0},{"event_name":"The Library","player_choice":"Heal","floor":25,"damage_taken":0},{"event_name":"Match and Keep!","player_choice":"2 cards matched","floor":36,"damage_taken":0},{"event_name":"Winding Halls","player_choice":"Embrace Madness","floor":38,"damage_taken":0},{"event_name":"Mysterious Sphere","player_choice":"Fight","floor":39,"damage_taken":0},{"event_name":"Tomb of Lord Red Mask","player_choice":"Paid","floor":44,"damage_taken":0}],"boss_relics":[{"not_picked":["Runic Pyramid","Runic Cube"],"picked":"Velvet Choker"},{"not_picked":["Eternal Feather","Tiny House"],"picked":"Snecko Eye"}],"potions_floor_spawned":[10,13,14,22,23,31,33,41,45,46],"seed_played":"2260224157183647276","killed_by":"4 Shapes","is_trial":false}