{"gold_per_floor":[116,129,11,11,24,24,35,35,59,59,59,134,163,182,182,287,287,306,8,21,33,33,33,33,68,68,83,83,103,103,119,119,217,217,228,228,240,240,257,257,288,307,307,307,317,331,331,43,43,43],"floor_reached":51,"playtime":3389,"items_purged":[],"score":724,"play_id":"111778aa-80ca-43e1-8c04-0efd335c497d","local_time":"20190718142307","is_ascension_mode":false,"campfire_choices":[{"data":"Neutralize","floor":6,"key":"SMITH"},{"data":"Skewer","floor":8,"key":"SMITH"},{"data":"Dash","floor":11,"key":"SMITH"},{"data":"Deadly Poison","floor":15,"key":"SMITH"},{"data":"Phantasmal Killer","floor":23,"key":"SMITH"},{"floor":28,"key":"REST"},{"data":"Leg Sweep","floor":30,"key":"SMITH"},{"floor":32,"key":"REST"},{"data":"Backflip","floor":40,"key":"SMITH"},{"floor":47,"key":"REST"},{"floor":49,"key":"REST"}],"neow_cost":"NONE","seed_source_timestamp":652311613043707,"circlet_count":0,"master_deck":["Strike_G","Strike_G","Defend_G","Defend_G","Defend_G","Defend_G","Defend_G","Survivor","Neutralize+1","Leg Sweep+1","Dash+1","Deadly Poison+1","Skewer+1","Backflip","Phantasmal Killer+1","Adrenaline+1","Terror+1","Expertise+1","Setup+1","PiercingWail","Backflip+1","PiercingWail","Catalyst+1","Bullet Time","Catalyst+1"],"relics":["Ring of the Snake","Ancient Tea Set","Orichalcum","Pen Nib","Astrolabe","Singing Bowl","Mercury Hourglass","Snake Skull","Gremlin Horn","Busted Crown","Bag of Marbles","StoneCalendar","Thread and Needle"],"potions_floor_usage":[13,14,16,20,27,33,39,50,50],"damage_taken":[{"damage":0,"enemies":"Jaw Worm","floor":1,"turns":5},{"damage":0,"enemies":"Cultist","floor":2,"turns":5},{"damage":0,"enemies":"Small Slimes","floor":5,"turns":3},{"damage":4,"enemies":"Gremlin Gang","floor":7,"turns":7},{"damage":4,"enemies":"3 Sentries","floor":13,"turns":7},{"damage":5,"enemies":"Exordium Wildlife","floor":14,"turns":6},{"damage":13,"enemies":"The Guardian","floor":16,"turns":12},{"damage":0,"enemies":"Chosen","floor":18,"turns":4},{"damage":2,"enemies":"3 Byrds","floor":20,"turns":6},{"damage":0,"enemies":"Snecko","floor":21,"turns":5},{"damage":31,"enemies":"Gremlin Leader","floor":25,"turns":4},{"damage":9,"enemies":"Sentry and Sphere","floor":27,"turns":5},{"damage":5,"enemies":"3 Cultists","floor":29,"turns":6},{"damage":0,"enemies":"Centurion and Healer","floor":31,"turns":6},{"damage":57,"enemies":"Automaton","floor":33,"turns":13},{"damage":0,"enemies":"Orb Walker","floor":35,"turns":5},{"damage":2,"enemies":"3 Shapes","floor":37,"turns":2},{"damage":16,"enemies":"3 Darklings","floor":39,"turns":11},{"damage":38,"enemies":"Reptomancer","floor":41,"turns":4},{"damage":0,"enemies":"Writhing Mass","floor":42,"turns":4},{"damage":0,"enemies":"Maw","floor":45,"turns":3},{"damage":12,"enemies":"Jaw Worm Horde","floor":46,"turns":5},{"damage":6,"enemies":"Time Eater","floor":50,"turns":9}],"seed_played":"8040829510043774120","potions_obtained":[{"floor":1,"key":"Energy Potion"},{"floor":2,"key":"Poison Potion"},{"floor":7,"key":"Energy Potion"},{"floor":13,"key":"AttackPotion"},{"floor":20,"key":"Ancient Potion"},{"floor":25,"key":"Poison Potion"},{"floor":31,"key":"Block Potion"},{"floor":33,"key":"Regen Potion"},{"floor":42,"key":"Fire Potion"},{"floor":45,"key":"Dexterity Potion"},{"floor":46,"key":"Ancient Potion"}],"is_trial":false,"path_per_floor":["M","M","$","?","M","R","M","R","T","$","R","?","E","M","R","B",null,"M","$","M","M","$","R","?","E","T","M","R","M","R","M","R","B",null,"M","?","M","?","M","R","E","M","T","?","M","M","R","$","R","B",null],"character_chosen":"THE_SILENT","items_purchased":["Dash","Deadly Poison","Singing Bowl","PiercingWail","Thread and Needle"],"campfire_rested":4,"item_purchase_floors":[3,3,19,19,48],"current_hp_per_floor":[70,70,70,70,70,70,66,66,66,66,66,55,51,46,46,33,70,70,70,68,70,70,70,70,39,39,32,54,49,49,51,73,16,76,78,78,78,78,79,79,43,45,45,45,47,37,64,64,90,84],"gold":43,"neow_bonus":"RANDOM_COMMON_RELIC","is_prod":false,"is_daily":false,"chose_seed":false,"campfire_upgraded":7,"win_rate":0,"timestamp":1563474187,"path_taken":["M","M","$","?","?","R","M","R","T","?","R","?","E","M","R","BOSS","M","$","M","M","$","R","?","E","T","?","R","M","R","M","R","BOSS","M","?","M","?","?","R","E","M","T","?","?","M","R","$","R","BOSS"],"build_version":"2019-07-17","purchased_purges":0,"victory":true,"max_hp_per_floor":[70,70,70,70,70,70,70,70,70,70,70,70,70,70,70,70,70,70,70,70,72,72,72,72,72,72,74,74,74,74,76,76,76,76,78,78,80,80,82,82,84,86,86,86,88,90,90,90,90,90],"card_choices":[{"not_picked":["Finisher","Terror"],"picked":"Leg Sweep","floor":1},{"not_picked":["Tactician","Acrobatics"],"picked":"Infinite Blades","floor":2},{"not_picked":["Choke","Reflex","Setup"],"picked":"SKIP","floor":5},{"not_picked":["Heel Hook","Caltrops"],"picked":"Skewer","floor":7},{"not_picked":["Cloak And Dagger","Dagger Spray"],"picked":"Backflip","floor":13},{"not_picked":["Slice","Outmaneuver","Masterful Stab"],"picked":"SKIP","floor":14},{"not_picked":["Doppelganger","After Image"],"picked":"Phantasmal Killer","floor":16},{"not_picked":["Deadly Poison+1","Flying Knee"],"picked":"Setup","floor":18},{"not_picked":["Accuracy","Dash"],"picked":"Backflip","floor":20},{"not_picked":["Flying Knee+1","Backflip","Quick Slash"],"picked":"Singing Bowl","floor":21},{"not_picked":["Distraction","Dagger Spray+1"],"picked":"PiercingWail","floor":25},{"not_picked":["Infinite Blades","Accuracy","Riddle With Holes"],"picked":"Singing Bowl","floor":27},{"not_picked":["Bane","Outmaneuver"],"picked":"Catalyst+1","floor":29},{"not_picked":["Dagger Throw","Bane+1","Blade Dance"],"picked":"Singing Bowl","floor":31},{"not_picked":["Night Terror","Phantasmal Killer"],"picked":"Bullet Time","floor":33},{"not_picked":["Flechettes"],"picked":"Singing Bowl","floor":35},{"not_picked":["Flying Knee+1"],"picked":"Singing Bowl","floor":37},{"not_picked":["Terror"],"picked":"Singing Bowl","floor":39},{"not_picked":["Infinite Blades"],"picked":"Singing Bowl","floor":41},{"not_picked":["Poisoned Stab"],"picked":"Singing Bowl","floor":42},{"not_picked":["Dagger Spray+1"],"picked":"Singing Bowl","floor":45},{"not_picked":["Dash"],"picked":"Singing Bowl","floor":46}],"player_experience":4033037,"relics_obtained":[{"floor":9,"key":"Orichalcum"},{"floor":13,"key":"Pen Nib"},{"floor":25,"key":"Snake Skull"},{"floor":26,"key":"Gremlin Horn"},{"floor":41,"key":"Bag of Marbles"},{"floor":43,"key":"StoneCalendar"}],"event_choices":[{"damage_healed":0,"gold_gain":0,"player_choice":"Full Heal","damage_taken":0,"max_hp_gain":0,"max_hp_loss":0,"event_name":"Wheel of Change","floor":4,"gold_loss":0},{"damage_healed":0,"gold_gain":75,"player_choice":"Gather Gold","damage_taken":11,"max_hp_gain":0,"max_hp_loss":0,"event_name":"World of Goop","floor":12,"gold_loss":0},{"damage_healed":0,"gold_gain":0,"player_choice":"Gave Potion","damage_taken":0,"relics_obtained":["Mercury Hourglass"],"max_hp_gain":0,"max_hp_loss":0,"event_name":"WeMeetAgain","floor":24,"gold_loss":0},{"cards_removed":["Infinite Blades"],"damage_healed":0,"gold_gain":0,"player_choice":"Removed Power","damage_taken":0,"max_hp_gain":0,"max_hp_loss":0,"event_name":"Falling","floor":36,"gold_loss":0},{"damage_healed":0,"gold_gain":0,"player_choice":"Forge","damage_taken":0,"max_hp_gain":0,"max_hp_loss":0,"event_name":"Accursed Blacksmith","floor":38,"gold_loss":0,"cards_upgraded":["Setup"]},{"damage_healed":0,"gold_gain":0,"player_choice":"Copied","damage_taken":0,"max_hp_gain":0,"max_hp_loss":0,"event_name":"Duplicator","floor":44,"gold_loss":0,"cards_obtained":["Catalyst"]}],"is_beta":false,"boss_relics":[{"not_picked":["Black Star","Calling Bell"],"picked":"Astrolabe"},{"not_picked":["Runic Dome","Orrery"],"picked":"Busted Crown"}],"items_purged_floors":[],"is_endless":false,"potions_floor_spawned":[1,2,7,13,20,25,31,33,42,45,46],"ascension_level":0}