{"gold_per_floor":[20,20,38,38,38,38,38,73,73,94,94,113,113,138,138,138],"floor_reached":16,"playtime":805,"items_purged":[],"score":167,"play_id":"54d7118a-1cf8-4882-9836-e1edbfca9a45","local_time":"20190509235134","is_ascension_mode":true,"campfire_choices":[{"data":"Neutralize","floor":6,"key":"SMITH"},{"floor":11,"key":"REST"},{"data":"Venomology","floor":13,"key":"SMITH"},{"floor":15,"key":"REST"}],"neow_cost":"NO_GOLD","seed_source_timestamp":2522738950347984,"circlet_count":0,"master_deck":["AscendersBane","Defend_G","Defend_G","Defend_G","Defend_G","Defend_G","Strike_G","Strike_G","Strike_G","Survivor","Neutralize+1","Poisoned Stab","Cloak And Dagger","Regret","Leg Sweep","Footwork","Venomology+1","Well Laid Plans"],"relics":["Ring of the Snake","Golden Idol","StoneCalendar","Odd Mushroom","Dodecahedron"],"potions_floor_usage":[14,16,16,16],"damage_taken":[{"damage":0,"enemies":"Jaw Worm","floor":1,"turns":7},{"damage":1,"enemies":"Small Slimes","floor":3,"turns":4},{"damage":35,"enemies":"The Mushroom Lair","floor":8,"turns":7},{"damage":3,"enemies":"2 Louse","floor":10,"turns":3},{"damage":13,"enemies":"Looter","floor":12,"turns":5},{"damage":3,"enemies":"Exordium Wildlife","floor":14,"turns":4},{"damage":41,"enemies":"Hexaghost","floor":16,"turns":12}],"seed_played":"1266416551598396869","potions_obtained":[{"floor":8,"key":"Fire Potion"},{"floor":10,"key":"FearPotion"}],"is_trial":false,"path_per_floor":["M","?","M","?","$","R","$","?","T","M","R","M","R","M","R","B"],"character_chosen":"THE_SILENT","items_purchased":[],"campfire_rested":2,"item_purchase_floors":[],"current_hp_per_floor":[59,59,58,58,58,58,58,23,23,20,38,25,25,22,40,0],"gold":138,"neow_bonus":"REMOVE_TWO","is_prod":false,"is_daily":false,"chose_seed":false,"campfire_upgraded":2,"win_rate":0,"timestamp":1557467494,"path_taken":["M","?","M","?","?","R","$","?","T","M","R","M","R","M","R","BOSS"],"build_version":"2019-05-07","purchased_purges":0,"victory":false,"max_hp_per_floor":[66,60,60,60,60,60,60,60,60,60,60,60,60,60,60,60],"card_choices":[{"not_picked":["Prepared","Distraction"],"picked":"Poisoned Stab","floor":1},{"not_picked":["Distraction","Deflect"],"picked":"Cloak And Dagger","floor":3},{"not_picked":["Calculated Gamble","Terror"],"picked":"Leg Sweep","floor":8},{"not_picked":["Sucker Punch","Underhanded Strike"],"picked":"Footwork","floor":10},{"not_picked":["Quick Slash","Acrobatics"],"picked":"Venomology","floor":12},{"not_picked":["Outmaneuver","Accuracy"],"picked":"Well Laid Plans","floor":14}],"player_experience":984367,"relics_obtained":[{"floor":8,"key":"Odd Mushroom"},{"floor":9,"key":"Dodecahedron"}],"event_choices":[{"damage_healed":0,"gold_gain":0,"player_choice":"Lose Max HP","damage_taken":0,"relics_obtained":["Golden Idol"],"max_hp_gain":0,"max_hp_loss":6,"event_name":"Golden Idol","floor":2,"gold_loss":0},{"damage_healed":0,"gold_gain":0,"player_choice":"Box","damage_taken":0,"relics_obtained":["StoneCalendar"],"max_hp_gain":0,"max_hp_loss":0,"event_name":"Big Fish","floor":4,"gold_loss":0,"cards_obtained":["Regret"]},{"damage_healed":0,"gold_gain":0,"player_choice":"Fought Mushrooms","damage_taken":0,"max_hp_gain":0,"max_hp_loss":0,"event_name":"Mushrooms","floor":8,"gold_loss":0}],"is_beta":true,"boss_relics":[],"items_purged_floors":[],"is_endless":false,"potions_floor_spawned":[8,10],"killed_by":"Hexaghost","ascension_level":17}