{"gold_per_floor":[113,129,142,157,28,28,45,45,45,56,56,17,17,91,91,187,187,207,257,257,280,304,304,318,318,318,341,341],"floor_reached":28,"playtime":6290,"items_purged":["Strike_B"],"score":403,"play_id":"a1505114-73e0-4f74-9a47-62d8f6ab21b7","local_time":"20190410185527","is_ascension_mode":true,"campfire_choices":[{"floor":6,"key":"REST"},{"data":"Chill","floor":8,"key":"SMITH"},{"data":"Capacitor","floor":11,"key":"SMITH"},{"floor":15,"key":"REST"},{"floor":23,"key":"REST"},{"floor":25,"key":"REST"}],"neow_cost":"NONE","seed_source_timestamp":79466816977908,"circlet_count":0,"master_deck":["AscendersBane","Defend_B","Defend_B","Defend_B","Defend_B","Zap","Dualcast","FTL","Coolheaded","Chill+1","Cold Snap","FTL","Capacitor+1","Hello World","Glacier","Hyperbeam","Rainbow+1","Storm+1","Loop+1","Consume","Defragment","Genetic Algorithm","Skim+1"],"relics":["Cracked Core","Darkstone Periapt","Golden Idol","Sundial","Astrolabe","Kunai"],"potions_floor_usage":[4,14,14,24],"damage_taken":[{"damage":1,"enemies":"Cultist","floor":1,"turns":3},{"damage":5,"enemies":"2 Louse","floor":2,"turns":2},{"damage":0,"enemies":"Small Slimes","floor":3,"turns":2},{"damage":29,"enemies":"Gremlin Gang","floor":4,"turns":5},{"damage":3,"enemies":"2 Fungi Beasts","floor":7,"turns":3},{"damage":2,"enemies":"Looter","floor":10,"turns":3},{"damage":27,"enemies":"Lagavulin Event","floor":14,"turns":8},{"damage":21,"enemies":"The Guardian","floor":16,"turns":16},{"damage":14,"enemies":"Shell Parasite","floor":18,"turns":6},{"damage":22,"enemies":"Chosen","floor":21,"turns":5},{"damage":0,"enemies":"Centurion and Healer","floor":22,"turns":9},{"damage":19,"enemies":"Snake Plant","floor":24,"turns":4},{"damage":24,"enemies":"Snecko","floor":27,"turns":7},{"damage":21,"enemies":"Shelled Parasite and Fungi","floor":28,"turns":2}],"seed_played":"-7083909692025119524","potions_obtained":[{"floor":2,"key":"FearPotion"},{"floor":3,"key":"Swift Potion"},{"floor":7,"key":"Dexterity Potion"},{"floor":18,"key":"FocusPotion"},{"floor":21,"key":"Ancient Potion"}],"is_trial":false,"path_per_floor":["M","M","M","M","$","R","M","R","T","M","R","$","?","?","R","B",null,"M","?","?","M","M","R","M","R","T","M","M"],"character_chosen":"DEFECT","items_purchased":["PowerPotion","Hello World"],"campfire_rested":4,"item_purchase_floors":[5,12],"current_hp_per_floor":[70,65,65,36,36,59,56,56,56,54,54,54,54,27,48,27,60,46,46,39,17,17,38,19,40,40,16,0],"gold":341,"neow_bonus":"TEN_PERCENT_HP_BONUS","is_prod":false,"is_daily":false,"chose_seed":false,"campfire_upgraded":2,"win_rate":0,"timestamp":1554936927,"path_taken":["M","M","M","M","$","R","M","R","T","M","R","$","?","?","R","BOSS","M","?","?","M","M","R","M","R","T","M","M"],"build_version":"2019-01-23","purchased_purges":1,"victory":false,"max_hp_per_floor":[78,78,78,78,78,78,78,78,78,78,78,78,71,71,71,71,71,71,71,71,71,71,71,71,71,71,71,71],"card_choices":[{"not_picked":["Cold Snap","Turbo"],"picked":"FTL","floor":1},{"not_picked":["Sweeping Beam","Leap"],"picked":"Coolheaded","floor":2},{"not_picked":["Force Field","Gash"],"picked":"Chill","floor":3},{"not_picked":["Ball Lightning","Beam Cell"],"picked":"Cold Snap","floor":4},{"not_picked":["BootSequence","Leap"],"picked":"FTL","floor":7},{"not_picked":["Steam","Barrage"],"picked":"Capacitor","floor":10},{"not_picked":["Doom and Gloom","Stack"],"picked":"Glacier","floor":14},{"not_picked":["Meteor Strike","Reboot"],"picked":"Hyperbeam","floor":16},{"not_picked":["Heatsinks","Turbo"],"picked":"Consume","floor":18},{"not_picked":["Leap","Cold Snap"],"picked":"Defragment","floor":21},{"not_picked":["Hologram","Darkness"],"picked":"Genetic Algorithm","floor":22},{"not_picked":["Lockon","Ball Lightning"],"picked":"Skim+1","floor":24},{"not_picked":["Rip and Tear","Static Discharge","Leap"],"picked":"SKIP","floor":27}],"player_experience":3337740,"relics_obtained":[{"floor":9,"key":"Darkstone Periapt"},{"floor":14,"key":"Sundial"},{"floor":26,"key":"Kunai"}],"event_choices":[{"damage_healed":0,"gold_gain":0,"player_choice":"Lose Max HP","damage_taken":0,"relics_obtained":["Golden Idol"],"max_hp_gain":0,"max_hp_loss":7,"event_name":"Golden Idol","floor":13,"gold_loss":0},{"damage_healed":0,"gold_gain":0,"player_choice":"Searched \u00271\u0027 times","damage_taken":0,"max_hp_gain":0,"max_hp_loss":0,"event_name":"Dead Adventurer","floor":14,"gold_loss":0},{"damage_healed":0,"gold_gain":50,"player_choice":"Stole From Cult","damage_taken":0,"max_hp_gain":0,"max_hp_loss":0,"event_name":"Nest","floor":19,"gold_loss":0},{"damage_healed":0,"gold_gain":0,"player_choice":"","damage_taken":7,"max_hp_gain":0,"max_hp_loss":0,"event_name":"Knowing Skull","floor":20,"potions_obtained":[],"gold_loss":0,"cards_obtained":[]}],"is_beta":false,"boss_relics":[{"not_picked":["White Beast Statue","Nuclear Battery"],"picked":"Astrolabe"}],"items_purged_floors":[5],"is_endless":false,"potions_floor_spawned":[2,3,7,10,18,21],"killed_by":"Shelled Parasite and Fungi","ascension_level":18}