{"gold_per_floor":[19,32,46,66,86,118,118,118,191,191,366,19,50,50,50,145,145,160,160,29,42,42,42,52,52,132,132,147,147,72,85,85,187,187,201,218,231,29,29,56,56,71,71,71,71,171,228,188,188,188],"floor_reached":51,"playtime":4981,"items_purged":["Doubt"],"score":713,"play_id":"865a2dbc-9142-4ee8-9ec6-d73aea28c086","local_time":"20181107143212","is_ascension_mode":false,"campfire_choices":[{"data":"Bouncing Flask","floor":7,"key":"SMITH"},{"data":"Dodge and Roll","floor":10,"key":"SMITH"},{"floor":15,"key":"DIG"},{"floor":23,"key":"DIG"},{"floor":27,"key":"DIG"},{"data":"Footwork","floor":32,"key":"SMITH"},{"floor":41,"key":"DIG"},{"floor":44,"key":"REST"},{"floor":49,"key":"REST"}],"neow_cost":"NO_GOLD","seed_source_timestamp":242298819762446,"circlet_count":0,"master_deck":["Defend_G","Defend_G+1","Defend_G+1","Defend_G","Survivor","Neutralize","Poisoned Stab","Outmaneuver","Bouncing Flask+1","Sucker Punch","Dodge and Roll+1","Backflip","Noxious Fumes","A Thousand Cuts","Bite","Bite","Bite","Bite","Catalyst","Well Laid Plans","Caltrops","Footwork+1","Venomology","Shame","Decay","Backflip+1","Bane+1","Footwork+1","Catalyst"],"relics":["Ring of the Snake","WingedGreaves","Orichalcum","Singing Bowl","Shovel","Turnip","Smiling Mask","Centennial Puzzle","Velvet Choker","StoneCalendar","Meat on the Bone","PreservedInsect","Calling Bell","Mango","Dodecahedron","War Paint","TwistedFunnel","Juzu Bracelet","Bottled Flame","Sundial","Prayer Wheel","Tiny Chest"],"potions_floor_usage":[13,13,18,33,33,36,37,37,40,40,47,50,50,50,50],"damage_taken":[{"damage":0,"enemies":"2 Louse","floor":1,"turns":2},{"damage":9,"enemies":"Small Slimes","floor":2,"turns":4},{"damage":0,"enemies":"Jaw Worm","floor":3,"turns":5},{"damage":12,"enemies":"Looter","floor":4,"turns":4},{"damage":0,"enemies":"Blue Slaver","floor":5,"turns":4},{"damage":8,"enemies":"Lagavulin","floor":6,"turns":6},{"damage":11,"enemies":"3 Sentries","floor":13,"turns":9},{"damage":1,"enemies":"Hexaghost","floor":16,"turns":8},{"damage":8,"enemies":"3 Byrds","floor":18,"turns":4},{"damage":5,"enemies":"Shell Parasite","floor":21,"turns":3},{"damage":2,"enemies":"Snecko","floor":24,"turns":4},{"damage":10,"enemies":"Chosen and Byrds","floor":28,"turns":6},{"damage":0,"enemies":"Centurion and Healer","floor":31,"turns":7},{"damage":18,"enemies":"Automaton","floor":33,"turns":8},{"damage":24,"enemies":"3 Shapes","floor":35,"turns":7},{"damage":4,"enemies":"Orb Walker","floor":36,"turns":4},{"damage":12,"enemies":"3 Darklings","floor":37,"turns":7},{"damage":43,"enemies":"Reptomancer","floor":40,"turns":8},{"damage":51,"enemies":"Spire Growth","floor":42,"turns":6},{"damage":0,"enemies":"Mind Bloom Boss Battle","floor":46,"turns":7},{"damage":39,"enemies":"Giant Head","floor":47,"turns":9},{"damage":57,"enemies":"Donu and Deca","floor":50,"turns":11}],"seed_played":"5812515208731472930","potions_obtained":[{"floor":1,"key":"LiquidBronze"},{"floor":3,"key":"FearPotion"},{"floor":13,"key":"FearPotion"},{"floor":16,"key":"Fire Potion"},{"floor":21,"key":"SkillPotion"},{"floor":28,"key":"GhostInAJar"},{"floor":35,"key":"Dexterity Potion"},{"floor":40,"key":"SteroidPotion"},{"floor":42,"key":"EssenceOfSteel"},{"floor":46,"key":"LiquidBronze"}],"is_trial":false,"path_per_floor":["M","M","M","M","M","E","R","?","T","R","?","$","E","T","R","B",null,"M","?","$","M","?","R","M","?","T","R","M","?","$","M","R","B",null,"M","M","M","$","?","E","R","M","T","R","?","?","E","?","R","B",null],"character_chosen":"THE_SILENT","items_purchased":["Shovel","Backflip","Catalyst","Footwork","TwistedFunnel"],"campfire_rested":2,"item_purchase_floors":[12,12,20,30,38],"current_hp_per_floor":[70,61,61,49,49,41,41,34,34,34,34,34,23,23,23,22,70,64,50,50,52,44,44,50,50,50,50,50,50,50,61,61,57,75,63,65,63,63,63,46,46,15,15,38,38,48,37,37,61,30],"gold":188,"neow_bonus":"ONE_RARE_RELIC","is_prod":false,"is_daily":false,"chose_seed":false,"campfire_upgraded":3,"win_rate":0,"timestamp":1541619132,"path_taken":["M","M","M","M","M","E","R","?","T","R","?","$","E","?","R","BOSS","M","?","$","M","?","R","M","?","T","R","?","?","$","M","R","BOSS","M","M","M","$","?","E","R","M","T","R","?","?","E","?","R","BOSS"],"build_version":"2018-11-01","purchased_purges":1,"victory":true,"max_hp_per_floor":[70,70,70,70,70,70,70,70,70,70,70,70,70,70,70,70,70,72,50,50,52,57,57,57,57,57,57,59,59,59,61,61,61,75,77,77,77,77,77,79,79,79,79,79,79,79,81,81,81,81],"card_choices":[{"not_picked":["Concentrate","Acrobatics"],"picked":"Poisoned Stab","floor":1},{"not_picked":["Slice","Cloak And Dagger"],"picked":"Outmaneuver","floor":2},{"not_picked":["Night Terror","Deflect"],"picked":"Bouncing Flask","floor":3},{"not_picked":["Flechettes","Acrobatics"],"picked":"Sucker Punch","floor":4},{"not_picked":["Sucker Punch","Tactician","Caltrops"],"picked":"SKIP","floor":5},{"not_picked":["Tactician","Poisoned Stab"],"picked":"Dodge and Roll","floor":6},{"not_picked":["Tactician","Quick Slash"],"picked":"Noxious Fumes","floor":13},{"not_picked":["Unload","Phantasmal Killer"],"picked":"A Thousand Cuts","floor":16},{"not_picked":["Heel Hook","Endless Agony","Poisoned Stab"],"picked":"Singing Bowl","floor":18},{"not_picked":["Flying Knee","All Out Attack","Heel Hook"],"picked":"Singing Bowl","floor":21},{"not_picked":["Leg Sweep","Calculated Gamble+1"],"picked":"Well Laid Plans","floor":24},{"not_picked":["Slice+1","Heel Hook+1","Calculated Gamble"],"picked":"Singing Bowl","floor":28},{"not_picked":["Outmaneuver","Acrobatics","Bouncing Flask"],"picked":"Singing Bowl","floor":31},{"not_picked":["Wraith Form v2","Tools of the Trade"],"picked":"Venomology","floor":33},{"not_picked":["Flying Knee","Well Laid Plans","Calculated Gamble+1"],"picked":"Singing Bowl","floor":35},{"not_picked":["Catalyst+1","Blade Dance+1"],"picked":"Backflip+1","floor":36},{"not_picked":["Backflip","Finisher+1"],"picked":"Bane+1","floor":37},{"not_picked":["Acrobatics","Eviscerate","Well Laid Plans"],"picked":"Singing Bowl","floor":40},{"not_picked":["Accuracy+1","Cloak And Dagger+1"],"picked":"Footwork+1","floor":42},{"not_picked":["Quick Slash+1","Acrobatics"],"picked":"Catalyst","floor":46},{"not_picked":["Outmaneuver","Acrobatics","Caltrops+1"],"picked":"Singing Bowl","floor":47}],"player_experience":2137343,"relics_obtained":[{"floor":6,"key":"Orichalcum"},{"floor":9,"key":"Singing Bowl"},{"floor":13,"key":"Turnip"},{"floor":14,"key":"Smiling Mask"},{"floor":15,"key":"Centennial Puzzle"},{"floor":23,"key":"StoneCalendar"},{"floor":26,"key":"Meat on the Bone"},{"floor":27,"key":"PreservedInsect"},{"floor":34,"key":"Mango"},{"floor":34,"key":"Dodecahedron"},{"floor":34,"key":"War Paint"},{"floor":40,"key":"Juzu Bracelet"},{"floor":41,"key":"Bottled Flame"},{"floor":43,"key":"Sundial"},{"floor":46,"key":"Prayer Wheel"},{"floor":47,"key":"Tiny Chest"}],"event_choices":[{"cards_removed":["Strike_G"],"damage_healed":0,"gold_gain":0,"player_choice":"Card Removal","damage_taken":7,"max_hp_gain":0,"max_hp_loss":0,"event_name":"Golden Wing","floor":8,"gold_loss":0},{"damage_healed":0,"gold_gain":175,"player_choice":"AGREE","damage_taken":0,"max_hp_gain":0,"max_hp_loss":0,"event_name":"Liars Game","floor":11,"gold_loss":0,"cards_obtained":["Doubt"]},{"damage_healed":0,"gold_gain":0,"player_choice":"Became a vampire","damage_taken":0,"max_hp_gain":0,"max_hp_loss":22,"event_name":"Vampires","floor":19,"gold_loss":0,"cards_obtained":["Bite","Bite","Bite","Bite","Bite"]},{"damage_healed":0,"gold_gain":0,"player_choice":"Shed Blood","damage_taken":13,"max_hp_gain":5,"max_hp_loss":0,"event_name":"Forgotten Altar","floor":22,"gold_loss":0},{"damage_healed":0,"gold_gain":0,"cards_transformed":["Defend_G"],"player_choice":"Transformed","damage_taken":0,"max_hp_gain":0,"max_hp_loss":0,"event_name":"Transmorgrifier","floor":25,"gold_loss":0,"cards_obtained":["Caltrops"]},{"damage_healed":0,"gold_gain":0,"player_choice":"Ignored","damage_taken":0,"max_hp_gain":0,"max_hp_loss":0,"event_name":"Ghosts","floor":29,"gold_loss":0},{"cards_removed":["Bite"],"damage_healed":0,"gold_gain":0,"player_choice":"Removed Attack","damage_taken":0,"max_hp_gain":0,"max_hp_loss":0,"event_name":"Falling","floor":39,"gold_loss":0},{"cards_removed":["Pain"],"damage_healed":0,"gold_gain":0,"player_choice":"Purged","damage_taken":0,"max_hp_gain":0,"max_hp_loss":0,"event_name":"Purifier","floor":45,"gold_loss":0},{"damage_healed":0,"gold_gain":0,"player_choice":"Fight","damage_taken":0,"max_hp_gain":0,"max_hp_loss":0,"event_name":"MindBloom","floor":46,"gold_loss":0},{"damage_healed":0,"gold_gain":0,"player_choice":"Bought 3 Potions","damage_taken":0,"max_hp_gain":0,"max_hp_loss":0,"event_name":"The Woman in Blue","floor":48,"gold_loss":0}],"is_beta":false,"boss_relics":[{"not_picked":["Orrery","Black Star"],"picked":"Velvet Choker"},{"not_picked":["Pandora\u0027s Box","Runic Dome"],"picked":"Calling Bell"}],"items_purged_floors":[20],"is_endless":false,"potions_floor_spawned":[1,3,13,16,21,28,35,40,42,46,47],"ascension_level":0}