{"path_per_floor":["M","?","$","?","$","E","M","?","T","$","M","E","M","M","R","B",null,"M","?","M","M","?","R","M","$","T","E","R","M","R","M","R","B",null,"M","M","?","$","M","R","?","M","T","R","?","M","?","$","R"],"character_chosen":"THE_SILENT","items_purchased":["Noxious Fumes","Backflip","Mercury Hourglass","Backflip"],"gold_per_floor":[113,113,38,38,38,103,119,144,144,11,25,51,61,79,79,179,179,189,114,127,141,141,141,159,59,59,91,91,101,101,121,121,219,219,234,249,295,9,20,20,20,39,39,39,0,15,15,15,15],"floor_reached":50,"campfire_rested":6,"playtime":3952,"current_hp_per_floor":[63,56,56,56,56,56,56,38,38,38,36,5,5,5,26,25,59,59,59,53,31,31,52,52,52,52,35,56,45,45,25,46,20,58,38,25,6,6,6,27,17,3,3,24,24,23,60,60,60],"items_purged":["Strike_G","Choke"],"gold":15,"play_id":"5616179a-0580-4d05-ad62-5961e31ea09a","is_prod":false,"is_daily":false,"is_ascension_mode":true,"campfire_upgraded":2,"path_taken":["M","?","$","?","?","E","?","?","T","$","?","E","M","M","R","BOSS","M","?","M","?","?","R","?","?","T","E","R","M","R","M","R","BOSS","M","M","?","$","M","R","?","M","T","R","?","?","?","$","R","BOSS"],"build_version":"2018-02-01-PROD3","purchased_purges":2,"victory":false,"master_deck":["Defend_G+1","Defend_G+1","Defend_G+1","Defend_G+1","Survivor","Neutralize","Dagger Spray","Noxious Fumes","Backflip","Deadly Poison","Acrobatics","Burst+1","Doppelganger+1","Catalyst+1","Outmaneuver+1","Noxious Fumes+1","Distraction+1","Backflip","Noxious Fumes+1","Dagger Spray+1","Venomology","Backflip","Backflip+1","Madness","Madness+1","Deadly Poison+1"],"max_hp_per_floor":[70,70,70,70,70,70,70,70,70,70,70,70,70,70,70,70,70,70,70,70,70,70,70,70,70,70,70,70,70,70,70,70,70,70,70,70,70,70,70,70,70,70,70,70,70,70,60,60,60],"relics":["Ring of the Snake","NeowsBlessing","Tiny Chest","Odd Mushroom","Bag of Preparation","Bronze Scales","Astrolabe","Paper Crane","Bag of Marbles","The Specimen","Unceasing Top","Mercury Hourglass","The Courier","Red Mask"],"card_choices":[{"not_picked":["Riddle With Holes","Poisoned Stab"],"picked":"Deadly Poison"},{"not_picked":["Finisher","Burst"],"picked":"Dagger Spray"},{"not_picked":["Distraction","Bane"],"picked":"Deadly Poison"},{"not_picked":["Cloak And Dagger","Eviscerate"],"picked":"Acrobatics"},{"not_picked":["Storm of Steel","Bullet Time"],"picked":"Burst"},{"not_picked":["Dagger Spray","Prepared"],"picked":"Noxious Fumes"},{"not_picked":["Quick Slash","Well Laid Plans"],"picked":"Distraction"},{"not_picked":["Prepared","Skewer"],"picked":"Backflip"},{"not_picked":["Endless Agony","Underhanded Strike"],"picked":"Noxious Fumes"},{"not_picked":["Deadly Poison","Acrobatics"],"picked":"Dagger Spray"},{"not_picked":["Wraith Form","Die Die Die"],"picked":"Venomology"},{"not_picked":["Leg Sweep","Escape Plan"],"picked":"Backflip"},{"not_picked":["Calculated Gamble","Dagger Throw"],"picked":"Deadly Poison"}],"player_experience":624636,"potions_floor_usage":[8,8,12,16,27,27,31,33,33,35,37,39,39,39,46,50,50,50,50,50],"damage_taken":[{"damage":0,"enemies":"Small Slimes","floor":1,"turns":1},{"damage":0,"enemies":"Lagavulin","floor":6,"turns":1},{"damage":0,"enemies":"2 Louse","floor":7,"turns":1},{"damage":18,"enemies":"The Mushroom Lair","floor":8,"turns":4},{"damage":2,"enemies":"Cultist","floor":11,"turns":4},{"damage":31,"enemies":"Gremlin Nob","floor":12,"turns":5},{"damage":0,"enemies":"Red Slaver","floor":13,"turns":4},{"damage":0,"enemies":"Exordium Wildlife","floor":14,"turns":2},{"damage":1,"enemies":"Hexaghost","floor":16,"turns":9},{"damage":0,"enemies":"Chosen","floor":18,"turns":4},{"damage":6,"enemies":"3 Byrds","floor":20,"turns":3},{"damage":22,"enemies":"Slaver and Parasite","floor":21,"turns":5},{"damage":0,"enemies":"Snake Plant","floor":24,"turns":2},{"damage":17,"enemies":"Slavers","floor":27,"turns":5},{"damage":11,"enemies":"Centurion and Healer","floor":29,"turns":5},{"damage":20,"enemies":"Cultist and Chosen","floor":31,"turns":6},{"damage":26,"enemies":"Automaton","floor":33,"turns":8},{"damage":20,"enemies":"3 Shapes","floor":35,"turns":5},{"damage":13,"enemies":"3 Darklings","floor":36,"turns":5},{"damage":19,"enemies":"Mysterious Sphere","floor":37,"turns":5},{"damage":0,"enemies":"Sphere and 2 Shapes","floor":39,"turns":3},{"damage":14,"enemies":"4 Shapes","floor":42,"turns":5},{"damage":1,"enemies":"Maw","floor":46,"turns":7},{"damage":60,"enemies":"Donu and Deca","floor":50,"turns":6}],"event_choices":[{"event_name":"Golden Wing","player_choice":"Card Removal","floor":2,"damage_taken":0},{"event_name":"Transmorgrifier","player_choice":"Transform","floor":4,"damage_taken":0},{"event_name":"Mushrooms","player_choice":"Fought Mushrooms","floor":8,"damage_taken":0},{"event_name":"Beggar","player_choice":"Gave Gold","floor":19,"damage_taken":0},{"event_name":"Back to Basics","player_choice":"Simplicity","floor":22,"damage_taken":0},{"event_name":"Mysterious Sphere","player_choice":"Fight","floor":37,"damage_taken":0},{"event_name":"Winding Halls","player_choice":"Embrace Madness","floor":41,"damage_taken":0},{"event_name":"Tomb of Lord Red Mask","player_choice":"Paid","floor":45,"damage_taken":0},{"event_name":"The Moai Head","player_choice":"Heal","floor":47,"damage_taken":0}],"boss_relics":[{"not_picked":["Lizard Tail","Calling Bell"],"picked":"Astrolabe"},{"not_picked":["Black Star","Runic Dome"],"picked":"The Specimen"}],"potions_floor_spawned":[1,6,11,12,14,16,21,24,27,31,33,37,42],"seed_played":"3324730968410535942","killed_by":"Donu and Deca","ascension_level":8,"is_trial":false}