{"gold_per_floor":[112,112,123,123,88,88,115,115,138,157,157,157,189,189,189,263,263,276,66,66,66,83,83,283,300,300,300,310,310],"floor_reached":29,"playtime":1639,"items_purged":[],"score":435,"play_id":"a92479d8-6e1a-4b6a-954b-f8c10484a7da","local_time":"20190410092956","is_ascension_mode":true,"campfire_choices":[{"data":"Zap","floor":6,"key":"SMITH"},{"data":"Darkness","floor":8,"key":"SMITH"},{"data":"Doom and Gloom","floor":12,"key":"SMITH"},{"data":"Glacier","floor":15,"key":"SMITH"},{"data":"Ghostly","floor":23,"key":"SMITH"},{"data":"Ghostly","floor":27,"key":"SMITH"}],"neow_cost":"NONE","seed_source_timestamp":50193070117555,"circlet_count":0,"master_deck":["AscendersBane","Strike_B","Strike_B","Strike_B","Defend_B","Defend_B","Defend_B","Defend_B","Zap+1","Dualcast","Darkness+1","Glacier+1","BootSequence","Doom and Gloom+1","Rebound","Echo Form","Barrage+1","Echo Form","Ghostly+1","Ghostly+1","Ghostly","Coolheaded+1","Conserve Battery+1"],"relics":["Cracked Core","Juzu Bracelet","Regal Pillow","Ancient Tea Set","Pear","Question Card","Pantograph","Sozu","DollysMirror","Toxic Egg 2"],"potions_floor_usage":[13,18],"damage_taken":[{"damage":8,"enemies":"2 Louse","floor":1,"turns":3},{"damage":11,"enemies":"Cultist","floor":3,"turns":4},{"damage":6,"enemies":"Lagavulin","floor":7,"turns":10},{"damage":0,"enemies":"Jaw Worm","floor":10,"turns":3},{"damage":26,"enemies":"Gremlin Nob","floor":13,"turns":4},{"damage":42,"enemies":"Hexaghost","floor":16,"turns":9},{"damage":18,"enemies":"3 Byrds","floor":18,"turns":4},{"damage":0,"enemies":"Chosen","floor":22,"turns":3},{"damage":0,"enemies":"Centurion and Healer","floor":25,"turns":8},{"damage":39,"enemies":"Chosen and Byrds","floor":28,"turns":6},{"damage":19,"enemies":"Book of Stabbing","floor":29,"turns":5}],"seed_played":"566965609765581339","potions_obtained":[{"floor":1,"key":"FearPotion"},{"floor":3,"key":"Swift Potion"},{"floor":13,"key":"FearPotion"}],"is_trial":false,"path_per_floor":["M","?","M","?","?","R","E","R","T","M","T","R","E","?","R","B",null,"M","$","?","?","M","R","?","M","T","R","M","E"],"character_chosen":"DEFECT","items_purchased":["DollysMirror"],"campfire_rested":0,"item_purchase_floors":[19],"current_hp_per_floor":[56,56,45,45,62,62,56,56,56,56,66,66,40,40,40,23,67,49,49,49,40,40,40,40,40,40,40,1,0],"gold":310,"neow_bonus":"RANDOM_COMMON_RELIC","is_prod":false,"is_daily":false,"chose_seed":false,"campfire_upgraded":6,"win_rate":0,"timestamp":1554902996,"path_taken":["M","?","M","?","?","R","E","R","T","M","?","R","E","?","R","BOSS","M","$","?","?","M","R","?","M","T","R","M","E"],"build_version":"2019-01-23","purchased_purges":0,"victory":false,"max_hp_per_floor":[71,71,71,71,71,71,71,71,71,71,81,81,81,81,81,81,81,81,81,81,40,40,40,40,40,40,40,40,40],"card_choices":[{"not_picked":["Chaos","White Noise"],"picked":"Darkness","floor":1},{"not_picked":["Melter","Ball Lightning"],"picked":"Glacier","floor":3},{"not_picked":["Compile Driver","Coolheaded"],"picked":"BootSequence","floor":7},{"not_picked":["Sweeping Beam","Turbo"],"picked":"Doom and Gloom","floor":10},{"not_picked":["Recycle","Compile Driver"],"picked":"Rebound","floor":13},{"not_picked":["Meteor Strike","Electrodynamics","Buffer"],"picked":"Echo Form","floor":16},{"not_picked":["Ball Lightning","Storm","Gash"],"picked":"Barrage+1","floor":18},{"not_picked":["White Noise","Streamline","Gash"],"picked":"Coolheaded+1","floor":22},{"not_picked":["Streamline","Redo","Steam","Barrage"],"picked":"SKIP","floor":25},{"not_picked":["Heatsinks","Stack+1","Coolheaded+1"],"picked":"Conserve Battery+1","floor":28}],"player_experience":3324603,"relics_obtained":[{"floor":7,"key":"Regal Pillow"},{"floor":9,"key":"Ancient Tea Set"},{"floor":11,"key":"Pear"},{"floor":13,"key":"Question Card"},{"floor":26,"key":"Toxic Egg 2"}],"event_choices":[{"cards_removed":["Strike_B"],"damage_healed":0,"gold_gain":0,"player_choice":"Offered Basic","damage_taken":0,"max_hp_gain":0,"max_hp_loss":0,"event_name":"Bonfire Elementals","floor":2,"gold_loss":0},{"damage_healed":0,"gold_gain":0,"player_choice":"Ignored","damage_taken":0,"max_hp_gain":0,"max_hp_loss":0,"event_name":"Liars Game","floor":4,"gold_loss":0},{"damage_healed":17,"gold_gain":0,"player_choice":"Healed","damage_taken":0,"max_hp_gain":0,"max_hp_loss":0,"event_name":"The Cleric","floor":5,"gold_loss":35},{"damage_healed":0,"gold_gain":0,"player_choice":"Gave Potion","damage_taken":0,"relics_obtained":["Pantograph"],"max_hp_gain":0,"max_hp_loss":0,"event_name":"WeMeetAgain","floor":14,"gold_loss":0},{"damage_healed":0,"gold_gain":0,"player_choice":"Ignored","damage_taken":0,"max_hp_gain":0,"max_hp_loss":0,"event_name":"The Mausoleum","floor":20,"gold_loss":0},{"damage_healed":0,"gold_gain":0,"player_choice":"Became a Ghost","damage_taken":0,"max_hp_gain":0,"max_hp_loss":41,"event_name":"Ghosts","floor":21,"gold_loss":0,"cards_obtained":["Ghostly","Ghostly","Ghostly"]},{"damage_healed":0,"gold_gain":200,"player_choice":"Gold","damage_taken":0,"max_hp_gain":0,"max_hp_loss":0,"event_name":"Wheel of Change","floor":24,"gold_loss":0}],"is_beta":false,"boss_relics":[{"not_picked":["FrozenCore","Runic Pyramid"],"picked":"Sozu"}],"items_purged_floors":[],"is_endless":false,"potions_floor_spawned":[1,3,13,25],"killed_by":"Book of Stabbing","ascension_level":18}