{"gold_per_floor":[114,114,15,15,25,55,73,73,96,51,85,110,110,130,130,230,230,249,249,229,241,32,32,49,49,49,49,49,49,79,79,79,178,178,191,191,204,204,204,204,229,81,150,169,169,186,186,209,209,209],"floor_reached":51,"playtime":2510,"items_purged":["Strike_R","Strike_R"],"score":964,"play_id":"f06daf0c-3f6f-42de-a5e4-62cf482f7686","local_time":"20181210114015","is_ascension_mode":true,"campfire_choices":[{"data":"Bash","floor":8,"key":"SMITH"},{"data":"Entrench","floor":13,"key":"SMITH"},{"data":"Clothesline","floor":15,"key":"SMITH"},{"data":"Demon Form","floor":23,"key":"SMITH"},{"data":"Iron Wave","floor":25,"key":"SMITH"},{"data":"Shrug It Off","floor":27,"key":"SMITH"},{"data":"Shrug It Off","floor":29,"key":"SMITH"},{"floor":32,"key":"REST"},{"floor":40,"key":"REST"},{"floor":45,"key":"REST"},{"data":"Heavy Blade","floor":47,"key":"SMITH"},{"floor":49,"key":"REST"}],"neow_cost":"NONE","seed_source_timestamp":2292218058592782,"circlet_count":0,"master_deck":["Strike_R","Strike_R","Strike_R","Defend_R","Defend_R","Defend_R","Defend_R","Bash+1","Iron Wave+1","Heavy Blade+1","Shrug It Off+1","Entrench+1","Pommel Strike","Clothesline+1","Shrug It Off","Demon Form+1","Pummel+1","Entrench+1","Shrug It Off+1","Iron Wave","Forethought","Impervious","Armaments+1","Madness","Madness","Offering","Metallicize"],"relics":["Burning Blood","NeowsBlessing","GremlinMask","Kunai","Anchor","Orichalcum","Juzu Bracelet","Odd Mushroom","Philosopher\u0027s Stone","DollysMirror","Shuriken","Red Mask","Mark of Pain","Bag of Marbles","Red Skull"],"potions_floor_usage":[16,16,21,33,46,50,50],"damage_taken":[{"damage":0,"enemies":"Jaw Worm","floor":1,"turns":1},{"damage":0,"enemies":"Cultist","floor":5,"turns":1},{"damage":0,"enemies":"3 Sentries","floor":6,"turns":2},{"damage":0,"enemies":"Small Slimes","floor":7,"turns":4},{"damage":13,"enemies":"Gremlin Nob","floor":11,"turns":4},{"damage":23,"enemies":"The Mushroom Lair","floor":12,"turns":7},{"damage":6,"enemies":"Looter","floor":14,"turns":4},{"damage":25,"enemies":"Slime Boss","floor":16,"turns":9},{"damage":30,"enemies":"2 Thieves","floor":18,"turns":5},{"damage":27,"enemies":"Spheric Guardian","floor":21,"turns":6},{"damage":11,"enemies":"Chosen and Byrds","floor":24,"turns":6},{"damage":28,"enemies":"Masked Bandits","floor":30,"turns":5},{"damage":36,"enemies":"Champ","floor":33,"turns":9},{"damage":3,"enemies":"3 Shapes","floor":35,"turns":7},{"damage":16,"enemies":"3 Darklings","floor":37,"turns":6},{"damage":21,"enemies":"Nemesis","floor":41,"turns":8},{"damage":28,"enemies":"Sphere and 2 Shapes","floor":44,"turns":9},{"damage":21,"enemies":"4 Shapes","floor":46,"turns":11},{"damage":57,"enemies":"Donu and Deca","floor":50,"turns":9}],"seed_played":"-4098561728685460173","potions_obtained":[{"floor":5,"key":"Strength Potion"},{"floor":11,"key":"PowerPotion"},{"floor":12,"key":"SkillPotion"},{"floor":20,"key":"Regen Potion"},{"floor":21,"key":"Swift Potion"},{"floor":24,"key":"SpeedPotion"},{"floor":46,"key":"Block Potion"}],"is_trial":false,"path_per_floor":["M","?","$","T","M","E","M","R","T","$","E","?","R","M","R","B",null,"M","?","?","M","$","R","M","R","T","R","$","R","?","?","R","B",null,"M","?","M","$","?","R","E","$","T","M","R","M","R","T","R","B",null],"character_chosen":"IRONCLAD","items_purchased":["Heavy Blade","Clothesline","DollysMirror","Block Potion"],"campfire_rested":4,"item_purchase_floors":[3,10,22,42],"current_hp_per_floor":[78,78,78,78,80,80,80,80,80,80,73,56,56,56,56,37,69,45,71,71,62,62,62,57,57,57,57,57,57,35,35,59,29,67,70,70,60,60,50,74,59,59,59,37,61,46,46,46,70,19],"gold":209,"neow_bonus":"THREE_ENEMY_KILL","is_prod":false,"is_daily":false,"chose_seed":false,"campfire_upgraded":8,"win_rate":0,"timestamp":1544460015,"path_taken":["M","?","$","?","?","E","M","R","T","$","E","?","R","M","R","BOSS","M","?","?","M","$","R","M","R","T","R","$","R","?","?","R","BOSS","M","?","M","$","?","R","E","$","T","M","R","M","R","?","R","BOSS"],"build_version":"2018-12-06","purchased_purges":2,"victory":true,"max_hp_per_floor":[80,80,80,80,80,80,80,80,80,80,80,80,80,80,80,80,80,80,80,80,80,80,80,80,80,80,80,80,80,80,80,80,80,80,80,80,80,80,80,80,80,80,80,80,80,80,80,80,80,80],"card_choices":[{"not_picked":["True Grit","Havoc"],"picked":"Iron Wave","floor":1},{"not_picked":["Blood for Blood","Havoc"],"picked":"Shrug It Off","floor":5},{"not_picked":["Second Wind","Cleave"],"picked":"Entrench","floor":6},{"not_picked":["Havoc","Shrug It Off"],"picked":"Pommel Strike","floor":7},{"not_picked":["Twin Strike","Anger","Sword Boomerang"],"picked":"SKIP","floor":11},{"not_picked":["Inflame","Thunderclap"],"picked":"Shrug It Off","floor":12},{"not_picked":["Shockwave","Wild Strike","Thunderclap"],"picked":"SKIP","floor":14},{"not_picked":["Feed","Limit Break"],"picked":"Demon Form","floor":16},{"not_picked":["True Grit","Headbutt"],"picked":"Pummel+1","floor":18},{"not_picked":["Clothesline","Pommel Strike","Clash"],"picked":"SKIP","floor":21},{"not_picked":["Feed","Intimidate"],"picked":"Shrug It Off","floor":24},{"not_picked":["Havoc","Flex"],"picked":"Iron Wave","floor":30},{"not_picked":["Dark Embrace","Exhume"],"picked":"Impervious","floor":33},{"not_picked":["Blood for Blood","Pommel Strike+1"],"picked":"Shrug It Off","floor":35},{"not_picked":["Combust","Clothesline+1"],"picked":"Armaments+1","floor":37},{"not_picked":["Intimidate","Rampage"],"picked":"Offering","floor":41},{"not_picked":["Sword Boomerang","Clash+1","Reckless Charge"],"picked":"SKIP","floor":44},{"not_picked":["Carnage","Second Wind"],"picked":"Metallicize","floor":46}],"player_experience":2802455,"relics_obtained":[{"floor":4,"key":"Kunai"},{"floor":6,"key":"Anchor"},{"floor":9,"key":"Orichalcum"},{"floor":11,"key":"Juzu Bracelet"},{"floor":12,"key":"Odd Mushroom"},{"floor":26,"key":"Shuriken"},{"floor":30,"key":"Red Mask"},{"floor":41,"key":"Bag of Marbles"},{"floor":48,"key":"Red Skull"}],"event_choices":[{"damage_healed":0,"gold_gain":0,"player_choice":"Trade","damage_taken":0,"relics_obtained":["GremlinMask"],"max_hp_gain":0,"max_hp_loss":0,"event_name":"FaceTrader","floor":2,"gold_loss":0},{"damage_healed":0,"gold_gain":0,"player_choice":"Fought Mushrooms","damage_taken":0,"max_hp_gain":0,"max_hp_loss":0,"event_name":"Mushrooms","floor":12,"gold_loss":0},{"damage_healed":26,"gold_gain":0,"player_choice":"Heal","damage_taken":0,"max_hp_gain":0,"max_hp_loss":0,"event_name":"The Library","floor":19,"gold_loss":0},{"damage_healed":0,"gold_gain":0,"player_choice":"Bought 1 Potion","damage_taken":0,"max_hp_gain":0,"max_hp_loss":0,"event_name":"The Woman in Blue","floor":20,"gold_loss":0},{"damage_healed":0,"gold_gain":0,"player_choice":"Fought Bandits","damage_taken":0,"max_hp_gain":0,"max_hp_loss":0,"event_name":"Masked Bandits","floor":30,"gold_loss":0},{"damage_healed":0,"gold_gain":0,"player_choice":"1 cards matched","damage_taken":0,"max_hp_gain":0,"max_hp_loss":0,"event_name":"Match and Keep!","floor":31,"gold_loss":0,"cards_obtained":["Forethought"]},{"cards_removed":["Shrug It Off"],"damage_healed":0,"gold_gain":0,"player_choice":"Removed Skill","damage_taken":0,"max_hp_gain":0,"max_hp_loss":0,"event_name":"Falling","floor":36,"gold_loss":0},{"damage_healed":0,"gold_gain":0,"player_choice":"Embrace Madness","damage_taken":10,"max_hp_gain":0,"max_hp_loss":0,"event_name":"Winding Halls","floor":39,"gold_loss":0,"cards_obtained":["Madness","Madness"]}],"is_beta":false,"boss_relics":[{"not_picked":["Cursed Key","Runic Pyramid"],"picked":"Philosopher\u0027s Stone"},{"not_picked":["Black Star","Runic Cube"],"picked":"Mark of Pain"}],"items_purged_floors":[3,42],"is_endless":false,"potions_floor_spawned":[5,11,12,21,24,30,46],"ascension_level":7}