{"path_per_floor":["M","$","?","M","?","R","E","R","T","M","M","?","M","?","R","B",null,"M","$","M"],"character_chosen":"THE_SILENT","items_purchased":["Caltrops","Tough Bandages"],"gold_per_floor":[112,3,3,23,23,23,48,48,94,104,124,124,138,213,213,314,314,324,36,0],"floor_reached":21,"campfire_rested":2,"playtime":2133,"current_hp_per_floor":[70,70,63,63,63,63,14,35,35,28,23,23,34,23,44,54,94,59,59,55],"items_purged":["Injury","Pain"],"gold":0,"play_id":"87bd3f3b-6ae1-496b-a8f4-9999384af940","is_prod":false,"is_daily":false,"is_ascension_mode":true,"campfire_upgraded":1,"path_taken":["M","$","?","M","?","R","E","R","T","M","M","?","M","?","R","BOSS","M","$","M","M"],"build_version":"2018-01-25-PROD3","purchased_purges":2,"victory":false,"master_deck":["Defend_G","Defend_G","Defend_G","Defend_G","Defend_G","Strike_G","Strike_G","Strike_G","Strike_G","Survivor","Neutralize","Calculated Gamble","Caltrops+1","Footwork+1","Doubt","Injury","Acrobatics"],"max_hp_per_floor":[70,70,70,70,70,70,70,70,70,70,70,70,70,70,70,70,94,94,94,94],"relics":["Ring of the Snake","Unceasing Top","Smiling Mask","Frozen Egg","Calling Bell","Anchor","Mango","Pear","Tough Bandages"],"card_choices":[{"not_picked":["Dodge and Roll","Deflect"],"picked":"Calculated Gamble"},{"not_picked":["Malaise","Bane"],"picked":"Footwork"},{"not_picked":["Bane","Underhanded Strike"],"picked":"Acrobatics"}],"player_experience":345806,"potions_floor_usage":[13,16,16],"damage_taken":[{"damage":0,"enemies":"2 Louse","floor":1,"turns":3},{"damage":0,"enemies":"Small Slimes","floor":4,"turns":3},{"damage":49,"enemies":"Gremlin Nob","floor":7,"turns":7},{"damage":7,"enemies":"Cultist","floor":10,"turns":4},{"damage":5,"enemies":"Lots of Slimes","floor":11,"turns":4},{"damage":4,"enemies":"Exordium Thugs","floor":13,"turns":7},{"damage":5,"enemies":"The Guardian","floor":16,"turns":17},{"damage":35,"enemies":"Spheric Guardian","floor":18,"turns":12},{"damage":4,"enemies":"2 Thieves","floor":20,"turns":5},{"damage":73,"enemies":"3 Cultists","floor":21,"turns":7}],"event_choices":[{"event_name":"Golden Wing","player_choice":"Card Removal","floor":3,"damage_taken":0},{"event_name":"Wheel of Change","player_choice":"Curse","floor":5,"damage_taken":0},{"event_name":"Living Wall","player_choice":"Forget","floor":12,"damage_taken":0},{"event_name":"World of Goop","player_choice":"Gather Gold","floor":14,"damage_taken":0}],"boss_relics":[{"not_picked":["Lizard Tail","Ectoplasm"],"picked":"Calling Bell"}],"potions_floor_spawned":[7,11,13],"seed_played":"6632839511938210835","killed_by":"3 Cultists","ascension_level":1,"is_trial":false}