{"path_per_floor":["M","M","M","M","M","E","R","M","T","M","R","?","R","?","R","B",null,"M","?","?","M","?","R","?","$","T","M","$","M","R","M","R"],"character_chosen":"THE_SILENT","items_purchased":["Noxious Fumes","Blur"],"gold_per_floor":[15,32,52,68,85,120,120,131,154,173,173,173,173,150,150,253,253,273,273,273,284,184,184,184,2,2,17,17,32,32,47,47,47],"floor_reached":33,"campfire_rested":0,"playtime":1494,"current_hp_per_floor":[70,70,70,70,70,63,63,63,63,63,63,63,63,63,63,63,70,68,55,55,55,55,55,55,55,55,55,55,55,55,57,57,0],"items_purged":["Venomology"],"gold":47,"score":299,"play_id":"a517e549-37fd-4a90-ab14-67cd56d84b4b","local_time":"20180404162811","is_prod":false,"is_daily":false,"is_ascension_mode":false,"campfire_upgraded":4,"timestamp":1522873691,"path_taken":["M","?","M","M","M","E","R","M","T","?","R","?","R","?","R","BOSS","M","?","?","?","?","R","?","$","T","M","$","M","R","M","R","BOSS"],"build_version":"2018-03-29v2","purchased_purges":1,"victory":false,"master_deck":["Defend_G","Defend_G","Defend_G","Defend_G","Defend_G","Strike_G","Strike_G","Strike_G","Strike_G","Survivor","Neutralize+1","Slice","Backflip","Calculated Gamble+1","Dash","Flying Knee","Deadly Poison","Prepared","Backstab","Cloak And Dagger+1","Deflect","J.A.X.+1","Noxious Fumes+1","Blur","Dagger Spray+1","Blur+1"],"max_hp_per_floor":[70,70,70,70,70,70,70,70,70,70,70,70,70,70,70,70,70,70,75,75,75,75,75,75,75,75,75,75,75,75,77,77,77],"relics":["Ring of the Snake","Thread and Needle","Girya","Oddly Smooth Stone","Sozu","Happy Flower","Singing Bowl"],"card_choices":[{"not_picked":["Heel Hook","All Out Attack"],"picked":"Slice","floor":1},{"not_picked":["Underhanded Strike","Blade Dance"],"picked":"Backflip","floor":2},{"not_picked":["Dodge and Roll","Skewer"],"picked":"Calculated Gamble","floor":3},{"not_picked":["Dagger Throw","Prepared"],"picked":"Dash","floor":4},{"not_picked":["Infinite Blades","Cloak And Dagger"],"picked":"Flying Knee","floor":5},{"not_picked":["All Out Attack","Caltrops"],"picked":"Deadly Poison","floor":6},{"not_picked":["Dodge and Roll","Finisher"],"picked":"Prepared","floor":8},{"not_picked":["Acrobatics","Dagger Throw"],"picked":"Backstab","floor":10},{"not_picked":["Glass Knife","Night Terror"],"picked":"Venomology","floor":16},{"not_picked":["Eviscerate","Sucker Punch"],"picked":"Cloak And Dagger","floor":18},{"not_picked":["Flying Knee","Blade Dance"],"picked":"Deflect","floor":21},{"not_picked":["Outmaneuver","Backstab"],"picked":"Dagger Spray","floor":27},{"not_picked":["Outmaneuver","Deflect"],"picked":"Blur","floor":29}],"player_experience":1110012,"potions_floor_usage":[5,6],"damage_taken":[{"damage":0,"enemies":"Cultist","floor":1,"turns":3},{"damage":0,"enemies":"Jaw Worm","floor":2,"turns":6},{"damage":0,"enemies":"2 Louse","floor":3,"turns":3},{"damage":0,"enemies":"Looter","floor":4,"turns":4},{"damage":0,"enemies":"Large Slime","floor":5,"turns":9},{"damage":7,"enemies":"3 Sentries","floor":6,"turns":8},{"damage":0,"enemies":"3 Louse","floor":8,"turns":4},{"damage":0,"enemies":"Looter","floor":10,"turns":2},{"damage":0,"enemies":"Slime Boss","floor":16,"turns":8},{"damage":2,"enemies":"Chosen","floor":18,"turns":4},{"damage":0,"enemies":"Shell Parasite","floor":21,"turns":4},{"damage":0,"enemies":"Cultist and Chosen","floor":27,"turns":7},{"damage":0,"enemies":"Snecko","floor":29,"turns":4},{"damage":0,"enemies":"3 Cultists","floor":31,"turns":4},{"damage":77,"enemies":"Champ","floor":33,"turns":12}],"event_choices":[{"event_name":"Purifier","player_choice":"One Purge","floor":12,"damage_taken":0},{"event_name":"World of Goop","player_choice":"Left","floor":14,"damage_taken":0},{"event_name":"Forgotten Altar","player_choice":"Shed Blood","floor":19,"damage_taken":0},{"event_name":"The Mausoleum","player_choice":"Yes","floor":20,"damage_taken":0},{"event_name":"Drug Dealer","player_choice":"Got JAXXED","floor":22,"damage_taken":0},{"event_name":"Vampires","player_choice":"Ignored","floor":24,"damage_taken":0}],"boss_relics":[{"not_picked":["Lizard Tail","Black Star"],"picked":"Sozu"}],"potions_floor_spawned":[1,2,3,16,21,29,31],"seed_played":"-1861406588879640193","killed_by":"Champ","ascension_level":0,"is_trial":false}