{"gold_per_floor":[111,31,31,44,8,46,82,94,131,179,191,268,280,308,320,332],"floor_reached":16,"playtime":547,"items_purged":[],"score":266,"play_id":"111b2773-2b4c-46a2-84ed-68191baf5b13","local_time":"20190507093904","is_ascension_mode":true,"campfire_choices":[{"data":"Bash","floor":8,"key":"SMITH"},{"data":"Defend_R","floor":11,"key":"SMITH"},{"floor":15,"key":"REST"}],"neow_cost":"NONE","seed_source_timestamp":2384637147785926,"circlet_count":0,"master_deck":["AscendersBane","Strike_R","Strike_R","Strike_R","Strike_R","Defend_R","Defend_R","Defend_R","Defend_R+1","Bash+1","Twin Strike","Warcry","Rampage","Rampage","Spot Weakness","Feel No Pain","Disarm","Reaper"],"relics":["Burning Blood","NeowsBlessing","Golden Idol","MawBank","Boot","Pen Nib","Dodecahedron"],"potions_floor_usage":[10,14,16],"damage_taken":[{"damage":0,"enemies":"Small Slimes","floor":1,"turns":1},{"damage":0,"enemies":"2 Louse","floor":4,"turns":1},{"damage":0,"enemies":"Lagavulin","floor":6,"turns":1},{"damage":1,"enemies":"Cultist","floor":7,"turns":3},{"damage":8,"enemies":"Gremlin Nob","floor":10,"turns":3},{"damage":43,"enemies":"3 Sentries","floor":12,"turns":7},{"damage":24,"enemies":"Gremlin Gang","floor":14,"turns":5},{"damage":38,"enemies":"Hexaghost","floor":16,"turns":9}],"seed_played":"-1937690553182439264","potions_obtained":[{"floor":6,"key":"AttackPotion"},{"floor":7,"key":"SpeedPotion"},{"floor":14,"key":"Explosive Potion"}],"is_trial":false,"path_per_floor":["M","$","?","M","$","E","M","R","T","E","R","?","?","M","R","B"],"character_chosen":"IRONCLAD","items_purchased":["Twin Strike","Warcry","Rampage"],"campfire_rested":1,"item_purchase_floors":[2,2,5],"current_hp_per_floor":[74,74,68,68,68,68,68,68,68,66,66,29,29,11,31,0],"gold":332,"neow_bonus":"THREE_ENEMY_KILL","is_prod":false,"is_daily":false,"chose_seed":false,"campfire_upgraded":2,"win_rate":0,"timestamp":1557236344,"path_taken":["M","$","?","M","$","E","M","R","T","E","R","?","?","?","R","BOSS"],"build_version":"2019-01-23","purchased_purges":0,"victory":false,"max_hp_per_floor":[75,75,68,68,68,68,68,68,68,68,68,68,68,68,68,68],"card_choices":[{"not_picked":["Armaments","Rage","Dropkick"],"picked":"SKIP","floor":1},{"not_picked":["Rupture","Heavy Blade"],"picked":"Rampage","floor":4},{"not_picked":["Perfected Strike","Armaments"],"picked":"Spot Weakness","floor":6},{"not_picked":["Flex","Sentinel"],"picked":"Feel No Pain","floor":7},{"not_picked":["Twin Strike","Headbutt","Flex"],"picked":"SKIP","floor":10},{"not_picked":["Flex","Shrug It Off"],"picked":"Disarm","floor":12},{"not_picked":["Sword Boomerang","Armaments"],"picked":"Reaper","floor":14}],"player_experience":3619499,"relics_obtained":[{"floor":6,"key":"MawBank"},{"floor":9,"key":"Boot"},{"floor":10,"key":"Pen Nib"},{"floor":12,"key":"Dodecahedron"}],"event_choices":[{"damage_healed":0,"gold_gain":0,"player_choice":"Lose Max HP","damage_taken":0,"relics_obtained":["Golden Idol"],"max_hp_gain":0,"max_hp_loss":7,"event_name":"Golden Idol","floor":3,"gold_loss":0},{"damage_healed":0,"gold_gain":30,"player_choice":"Searched \u00272\u0027 times","damage_taken":0,"max_hp_gain":0,"max_hp_loss":0,"event_name":"Dead Adventurer","floor":12,"gold_loss":0},{"cards_removed":["Strike_R"],"damage_healed":0,"gold_gain":0,"player_choice":"Purged","damage_taken":0,"max_hp_gain":0,"max_hp_loss":0,"event_name":"Purifier","floor":13,"gold_loss":0}],"is_beta":false,"boss_relics":[],"items_purged_floors":[],"is_endless":false,"potions_floor_spawned":[6,7,14],"killed_by":"Hexaghost","ascension_level":20}