{"gold_per_floor":[362,372,372,10,0,0,11,11,11,11,30,30,30,45,45,147,147,167,178,277,9,9,21,21,21,102,18,37,37,57,72,72,72],"floor_reached":33,"playtime":1729,"items_purged":["Strike_R"],"score":237,"play_id":"77dbf6c6-0620-4d93-b7a8-faf3d448cdb3","local_time":"20181116161103","is_ascension_mode":false,"campfire_choices":[{"data":"Rampage","floor":6,"key":"SMITH"},{"data":"Seeing Red","floor":8,"key":"SMITH"},{"data":"Bash","floor":10,"key":"SMITH"},{"data":"Infernal Blade","floor":12,"key":"SMITH"},{"data":"Wild Strike","floor":15,"key":"SMITH"},{"floor":24,"key":"REST"},{"data":"Whirlwind","floor":29,"key":"SMITH"},{"data":"Feel No Pain","floor":32,"key":"SMITH"}],"neow_cost":"TEN_PERCENT_HP_LOSS","seed_source_timestamp":235649481587856,"circlet_count":0,"master_deck":["Strike_R+1","Strike_R","Strike_R","Defend_R","Defend_R","Defend_R+1","Defend_R+1","Bash+1","Infernal Blade+1","Rampage+1","Seeing Red+1","Wild Strike+1","Feed+1","Havoc+1","Burning Pact+1","Warcry+1","Feel No Pain+1","Shame","Warcry+1","Whirlwind+1","Iron Wave+1","Metallicize+1"],"relics":["Burning Blood","Ginger","Nunchaku","Mark of Pain","War Paint","Blue Candle"],"potions_floor_usage":[11,16,16,19,23,28,30,30,31],"damage_taken":[{"damage":0,"enemies":"2 Louse","floor":1,"turns":2},{"damage":6,"enemies":"Jaw Worm","floor":2,"turns":2},{"damage":1,"enemies":"Cultist","floor":7,"turns":3},{"damage":0,"enemies":"3 Louse","floor":11,"turns":2},{"damage":7,"enemies":"Blue Slaver","floor":14,"turns":2},{"damage":38,"enemies":"Hexaghost","floor":16,"turns":8},{"damage":2,"enemies":"Chosen","floor":18,"turns":3},{"damage":16,"enemies":"Shell Parasite","floor":19,"turns":5},{"damage":34,"enemies":"Snake Plant","floor":23,"turns":5},{"damage":6,"enemies":"Snecko","floor":28,"turns":4},{"damage":15,"enemies":"Cultist and Chosen","floor":30,"turns":5},{"damage":2,"enemies":"Sentry and Sphere","floor":31,"turns":4},{"damage":68,"enemies":"Automaton","floor":33,"turns":8}],"seed_played":"3418047885538780579","potions_obtained":[{"floor":2,"key":"Explosive Potion"},{"floor":14,"key":"Regen Potion"},{"floor":16,"key":"GamblersBrew"},{"floor":23,"key":"AttackPotion"},{"floor":28,"key":"GamblersBrew"}],"is_trial":false,"path_per_floor":["M","M","?","$","?","R","M","R","T","R","M","R","?","M","R","B",null,"M","M","?","$","?","M","R","?","T","$","M","R","M","M","R","B"],"character_chosen":"IRONCLAD","items_purchased":["Ginger","Strength Potion","Warcry","Feel No Pain","Strength Potion","Block Potion","Whirlwind","Strength Potion"],"campfire_rested":1,"item_purchase_floors":[4,4,21,21,21,21,27,27],"current_hp_per_floor":[72,72,58,58,58,58,63,63,63,63,69,69,69,68,68,50,72,75,65,65,65,65,37,59,59,59,59,59,59,54,62,62,0],"gold":72,"neow_bonus":"TWO_FIFTY_GOLD","is_prod":false,"is_daily":false,"chose_seed":false,"campfire_upgraded":7,"win_rate":0,"timestamp":1542402663,"path_taken":["M","M","?","$","?","R","M","R","T","R","M","R","?","M","R","BOSS","M","M","?","$","?","M","R","?","T","$","M","R","M","?","R","BOSS"],"build_version":"2018-11-15","purchased_purges":1,"victory":false,"max_hp_per_floor":[72,72,72,72,72,72,72,72,72,72,72,72,72,72,72,72,72,75,75,75,75,75,75,75,75,75,75,75,75,79,83,83,83],"card_choices":[{"not_picked":["Flex","True Grit"],"picked":"Infernal Blade","floor":1},{"not_picked":["Cleave","Havoc"],"picked":"Rampage","floor":2},{"not_picked":["Wild Strike","Shrug It Off"],"picked":"Seeing Red","floor":7},{"not_picked":["Sentinel","Seeing Red","Warcry"],"picked":"SKIP","floor":11},{"not_picked":["Second Wind","Cleave"],"picked":"Wild Strike","floor":14},{"not_picked":["Brutality","Impervious"],"picked":"Feed","floor":16},{"not_picked":["Evolve","Twin Strike"],"picked":"Havoc+1","floor":18},{"not_picked":["Spot Weakness+1","Clothesline"],"picked":"Burning Pact+1","floor":19},{"not_picked":["Flex","Iron Wave"],"picked":"Warcry+1","floor":23},{"not_picked":["Thunderclap","Reckless Charge","Anger"],"picked":"SKIP","floor":28},{"not_picked":["Anger","Evolve"],"picked":"Iron Wave+1","floor":30},{"not_picked":["Pummel","Intimidate"],"picked":"Metallicize+1","floor":31}],"player_experience":2340975,"relics_obtained":[{"floor":9,"key":"Nunchaku"},{"floor":26,"key":"Blue Candle"}],"event_choices":[{"damage_healed":0,"gold_gain":0,"player_choice":"Entered Light","damage_taken":14,"max_hp_gain":0,"max_hp_loss":0,"event_name":"Shining Light","floor":3,"gold_loss":0,"cards_upgraded":["Defend_R","Strike_R"]},{"damage_healed":0,"gold_gain":0,"player_choice":"Left Gold","damage_taken":0,"max_hp_gain":0,"max_hp_loss":0,"event_name":"World of Goop","floor":5,"gold_loss":10},{"cards_removed":["Strike_R"],"damage_healed":0,"gold_gain":0,"player_choice":"Forget","damage_taken":0,"max_hp_gain":0,"max_hp_loss":0,"event_name":"Living Wall","floor":13,"gold_loss":0},{"damage_healed":0,"gold_gain":99,"player_choice":"Stole From Cult","damage_taken":0,"max_hp_gain":0,"max_hp_loss":0,"event_name":"Nest","floor":20,"gold_loss":0},{"damage_healed":0,"gold_gain":0,"player_choice":"Stole Relic","damage_taken":0,"relics_obtained":["War Paint"],"max_hp_gain":0,"max_hp_loss":0,"event_name":"Addict","floor":22,"gold_loss":0,"cards_obtained":["Shame"]},{"damage_healed":0,"gold_gain":0,"player_choice":"Upgraded","damage_taken":0,"max_hp_gain":0,"max_hp_loss":0,"event_name":"Upgrade Shrine","floor":25,"gold_loss":0,"cards_upgraded":["Feed"]}],"is_beta":false,"boss_relics":[{"not_picked":["Runic Pyramid","Calling Bell"],"picked":"Mark of Pain"}],"items_purged_floors":[21],"is_endless":false,"potions_floor_spawned":[2,14,16,23,28],"killed_by":"Automaton","ascension_level":0}