{"gold_per_floor":[111,122,132,58,58,58,71,71,96,96,121,139,139,139,139,238,238,178,8,8,8,8,8,8,8,8,8,8,8,8,8,8,8,8,8,8,8,8,8,8,8,8,8,8,8,8,8,8,8,8],"floor_reached":51,"playtime":3080,"items_purged":["Strike_G"],"score":701,"play_id":"bd1206d4-ea81-4542-beec-e64e6b6c1a80","local_time":"20190703112422","is_ascension_mode":false,"campfire_choices":[{"data":"Noxious Fumes","floor":6,"key":"SMITH"},{"data":"Neutralize","floor":8,"key":"SMITH"},{"data":"Caltrops","floor":10,"key":"SMITH"},{"data":"Sucker Punch","floor":13,"key":"SMITH"},{"data":"Survivor","floor":15,"key":"SMITH"},{"data":"Malaise","floor":23,"key":"SMITH"},{"data":"Backflip","floor":25,"key":"SMITH"},{"floor":32,"key":"REST"},{"floor":40,"key":"REST"},{"data":"Footwork","floor":42,"key":"SMITH"},{"data":"Backflip","floor":46,"key":"SMITH"},{"floor":49,"key":"REST"}],"neow_cost":"NONE","seed_source_timestamp":1765650996187173,"circlet_count":0,"master_deck":["Strike_G+1","Strike_G","Defend_G","Defend_G","Defend_G","Defend_G","Defend_G","Survivor+1","Neutralize+1","Masterful Stab+1","Sucker Punch+1","Caltrops+1","Noxious Fumes+1","Backstab","Blur","Malaise+1","Dash","Backflip+1","RitualDagger","Backflip+1","Dodge and Roll+1","Footwork+1","Catalyst+1","Escape Plan","Catalyst","After Image","Catalyst+1","Footwork+1","Calculated Gamble+1","Dash+1"],"relics":["Ring of the Snake","Blood Vial","Whetstone","Ectoplasm","The Courier","Red Mask","Cursed Key","StoneCalendar"],"potions_floor_usage":[29,33,33,36,50,50,50],"damage_taken":[{"damage":0,"enemies":"Cultist","floor":1,"turns":4},{"damage":0,"enemies":"Small Slimes","floor":2,"turns":3},{"damage":0,"enemies":"2 Louse","floor":3,"turns":3},{"damage":0,"enemies":"Blue Slaver","floor":7,"turns":4},{"damage":3,"enemies":"Lagavulin","floor":11,"turns":6},{"damage":0,"enemies":"3 Louse","floor":12,"turns":2},{"damage":21,"enemies":"Hexaghost","floor":16,"turns":10},{"damage":4,"enemies":"2 Thieves","floor":18,"turns":4},{"damage":0,"enemies":"Chosen","floor":21,"turns":6},{"damage":8,"enemies":"Sentry and Sphere","floor":24,"turns":6},{"damage":0,"enemies":"Cultist and Chosen","floor":27,"turns":6},{"damage":0,"enemies":"Snecko","floor":28,"turns":10},{"damage":6,"enemies":"Masked Bandits","floor":29,"turns":5},{"damage":0,"enemies":"Snake Plant","floor":30,"turns":5},{"damage":0,"enemies":"Shelled Parasite and Fungi","floor":31,"turns":7},{"damage":0,"enemies":"Automaton","floor":33,"turns":9},{"damage":0,"enemies":"3 Shapes","floor":35,"turns":4},{"damage":43,"enemies":"2 Orb Walkers","floor":36,"turns":7},{"damage":0,"enemies":"Orb Walker","floor":37,"turns":4},{"damage":0,"enemies":"Jaw Worm Horde","floor":41,"turns":5},{"damage":0,"enemies":"Maw","floor":45,"turns":7},{"damage":20,"enemies":"Transient","floor":47,"turns":5},{"damage":6,"enemies":"4 Shapes","floor":48,"turns":5},{"damage":17,"enemies":"Donu and Deca","floor":50,"turns":10}],"seed_played":"8651900464278125245","potions_obtained":[{"floor":3,"key":"Poison Potion"},{"floor":7,"key":"Dexterity Potion"},{"floor":16,"key":"LiquidBronze"},{"floor":31,"key":"AttackPotion"},{"floor":41,"key":"Strength Potion"},{"floor":47,"key":"SkillPotion"},{"floor":48,"key":"Energy Potion"}],"is_trial":false,"path_per_floor":["M","M","M","$","?","R","M","R","T","R","E","M","R","?","R","B",null,"M","$","?","M","?","R","M","R","T","M","M","?","M","M","R","B",null,"M","?","M","$","?","R","M","R","T","?","M","R","M","M","R","B",null],"character_chosen":"THE_SILENT","items_purchased":["Noxious Fumes","Backflip","Dexterity Potion"],"campfire_rested":3,"item_purchase_floors":[4,19,19],"current_hp_per_floor":[70,70,70,70,70,70,70,70,70,70,67,69,69,69,69,49,70,66,66,60,62,49,49,43,43,43,45,47,43,45,47,69,71,75,75,32,34,34,34,56,58,58,58,58,60,60,42,38,60,45],"gold":8,"neow_bonus":"TRANSFORM_CARD","is_prod":false,"is_daily":false,"chose_seed":false,"campfire_upgraded":9,"win_rate":0,"timestamp":1562167462,"path_taken":["M","M","M","$","?","R","M","R","T","R","E","?","R","?","R","BOSS","M","$","?","M","?","R","M","R","T","M","M","?","M","M","R","BOSS","M","?","M","$","?","R","?","R","T","?","M","R","?","M","R","BOSS"],"build_version":"2019-07-01","purchased_purges":1,"victory":true,"max_hp_per_floor":[70,70,70,70,70,70,70,70,70,70,70,70,70,70,70,70,70,70,70,70,70,75,75,75,75,75,75,75,75,75,75,75,75,75,75,75,75,75,75,75,75,75,75,75,75,75,75,75,75,75],"card_choices":[{"not_picked":["Acrobatics","Blur"],"picked":"Sucker Punch","floor":1},{"not_picked":["Sucker Punch","Bane"],"picked":"Caltrops","floor":2},{"not_picked":["Dodge and Roll","Outmaneuver","Sucker Punch"],"picked":"SKIP","floor":3},{"not_picked":["Sucker Punch","Accuracy"],"picked":"Backstab","floor":7},{"not_picked":["Accuracy","Phantasmal Killer"],"picked":"Blur","floor":11},{"not_picked":["Prepared","Outmaneuver","Deadly Poison"],"picked":"SKIP","floor":12},{"not_picked":["Tools of the Trade","Die Die Die"],"picked":"Malaise","floor":16},{"not_picked":["Distraction","Tactician+1"],"picked":"Dash","floor":18},{"not_picked":["Cloak And Dagger","Distraction"],"picked":"Backflip","floor":21},{"not_picked":["Heel Hook","Tactician"],"picked":"Dodge and Roll+1","floor":24},{"not_picked":["Bane","Flying Knee"],"picked":"Footwork","floor":27},{"not_picked":["Reflex","Underhanded Strike"],"picked":"Catalyst+1","floor":28},{"not_picked":["Outmaneuver","Expertise"],"picked":"Escape Plan","floor":29},{"not_picked":["Outmaneuver","Blade Dance","Acrobatics"],"picked":"SKIP","floor":30},{"not_picked":["Flechettes","Cloak And Dagger"],"picked":"Catalyst","floor":31},{"not_picked":["Phantasmal Killer","Malaise"],"picked":"After Image","floor":33},{"not_picked":["Outmaneuver+1","Setup","Deflect"],"picked":"SKIP","floor":35},{"not_picked":["Flechettes","Endless Agony+1","Concentrate+1"],"picked":"SKIP","floor":37},{"not_picked":["Underhanded Strike","Deadly Poison"],"picked":"Catalyst+1","floor":41},{"not_picked":["Deadly Poison+1","Infinite Blades+1"],"picked":"Calculated Gamble+1","floor":45},{"not_picked":["Dagger Spray","Dagger Throw+1","Calculated Gamble+1"],"picked":"SKIP","floor":47},{"not_picked":["Finisher+1","Flying Knee"],"picked":"Dash+1","floor":48}],"player_experience":3888393,"relics_obtained":[{"floor":9,"key":"Blood Vial"},{"floor":11,"key":"Whetstone"},{"floor":26,"key":"The Courier"},{"floor":29,"key":"Red Mask"},{"floor":36,"key":"StoneCalendar"}],"event_choices":[{"damage_healed":0,"gold_gain":0,"player_choice":"0 cards matched","damage_taken":0,"max_hp_gain":0,"max_hp_loss":0,"event_name":"Match and Keep!","floor":5,"gold_loss":0,"cards_obtained":[]},{"cards_removed":["Strike_G"],"damage_healed":0,"gold_gain":0,"player_choice":"Forget","damage_taken":0,"max_hp_gain":0,"max_hp_loss":0,"event_name":"Living Wall","floor":14,"gold_loss":0},{"damage_healed":0,"gold_gain":0,"player_choice":"Joined the Cult","damage_taken":6,"max_hp_gain":0,"max_hp_loss":0,"event_name":"Nest","floor":20,"gold_loss":0,"cards_obtained":["RitualDagger"]},{"damage_healed":0,"gold_gain":0,"player_choice":"Shed Blood","damage_taken":18,"max_hp_gain":5,"max_hp_loss":0,"event_name":"Forgotten Altar","floor":22,"gold_loss":0},{"damage_healed":0,"gold_gain":0,"player_choice":"Fought Bandits","damage_taken":0,"max_hp_gain":0,"max_hp_loss":0,"event_name":"Masked Bandits","floor":29,"gold_loss":0},{"damage_healed":0,"gold_gain":0,"player_choice":"Fight","damage_taken":0,"max_hp_gain":0,"max_hp_loss":0,"event_name":"Mysterious Sphere","floor":36,"gold_loss":0},{"damage_healed":0,"gold_gain":0,"player_choice":"Memory 1","damage_taken":0,"max_hp_gain":0,"max_hp_loss":0,"event_name":"SensoryStone","floor":39,"gold_loss":0},{"damage_healed":0,"gold_gain":0,"player_choice":"Copied","damage_taken":0,"max_hp_gain":0,"max_hp_loss":0,"event_name":"Duplicator","floor":44,"gold_loss":0,"cards_obtained":["Footwork"]}],"is_beta":false,"boss_relics":[{"not_picked":["HoveringKite","Empty Cage"],"picked":"Ectoplasm"},{"not_picked":["Fusion Hammer","Runic Dome"],"picked":"Cursed Key"}],"items_purged_floors":[19],"is_endless":false,"potions_floor_spawned":[3,7,16,18,24,27,31,41,47,48],"ascension_level":0}