{"gold_per_floor":[112,62,62,14,89,89,118,176,244,272,305,383,383,383,383,486,486,503,570,179,28,348,348,374,444,444,444,475,80,112,124,124,219,219,236,286,336,180,33,33,61,61,61,61,94,125,142,153,153,153],"floor_reached":50,"playtime":7978,"items_purged":[],"score":965,"play_id":"cabe443e-a061-4df4-8aa5-d754a3c1246e","local_time":"20190716232455","daily_mods":["SealedDeck","Allstar","Colorless Cards","Heirloom","Time Dilation","Flight"],"is_ascension_mode":true,"campfire_choices":[{"data":"Flex","floor":6,"key":"SMITH"},{"data":"Sword Boomerang","floor":13,"key":"SMITH"},{"floor":15,"key":"REST"},{"floor":23,"key":"REST"},{"data":"Limit Break","floor":27,"key":"SMITH"},{"data":"Blind","floor":32,"key":"SMITH"},{"data":"Berserk","floor":40,"key":"SMITH"},{"floor":42,"key":"REST"},{"floor":44,"key":"REST"},{"floor":49,"key":"REST"}],"neow_cost":"","seed_source_timestamp":486945611592457,"circlet_count":0,"master_deck":["Headbutt","Flex+1","Heavy Blade","Intimidate","Headbutt","Blind+1","Sword Boomerang+1","Cleave","Sword Boomerang","Dark Shackles","Corruption","Sword Boomerang+1","Heavy Blade+1","Headbutt+1","Limit Break+1","Purity","Sword Boomerang+1","Limit Break","Parasite","Cleave+1","Shrug It Off","Finesse","Heavy Blade+1","Good Instincts+1","Berserk+1","Madness","Madness","Mind Blast+1","Sword Boomerang+1","Writhe","Cleave+1","Purity+1","Warcry+1","Pummel+1"],"relics":["Burning Blood","Peace Pipe","Molten Egg 2","Tiny Chest","Mummified Hand","Odd Mushroom","Gambling Chip","SsserpentHead","Cursed Key","Kunai","Art of War","Bag of Preparation","Potion Belt","Ginger","Darkstone Periapt","Toy Ornithopter","Paper Frog","Lizard Tail","Juzu Bracelet","Lantern","Red Skull","Ice Cream","Nunchaku","Dream Catcher"],"potions_floor_usage":[7,10,33,33,41,41,45,46,46,50,50],"damage_taken":[{"damage":8,"enemies":"Jaw Worm","floor":1,"turns":2},{"damage":0,"enemies":"Lagavulin","floor":7,"turns":3},{"damage":10,"enemies":"Gremlin Nob","floor":8,"turns":3},{"damage":8,"enemies":"The Mushroom Lair","floor":10,"turns":2},{"damage":15,"enemies":"3 Sentries","floor":11,"turns":3},{"damage":16,"enemies":"Hexaghost","floor":16,"turns":7},{"damage":0,"enemies":"Spheric Guardian","floor":18,"turns":2},{"damage":21,"enemies":"2 Thieves","floor":19,"turns":3},{"damage":0,"enemies":"Gremlin Leader","floor":24,"turns":2},{"damage":0,"enemies":"Shelled Parasite and Fungi","floor":25,"turns":2},{"damage":0,"enemies":"Slavers","floor":28,"turns":1},{"damage":0,"enemies":"Gremlin Leader","floor":30,"turns":2},{"damage":0,"enemies":"3 Cultists","floor":31,"turns":2},{"damage":56,"enemies":"Collector","floor":33,"turns":7},{"damage":1,"enemies":"3 Shapes","floor":35,"turns":2},{"damage":81,"enemies":"Nemesis","floor":41,"turns":7},{"damage":28,"enemies":"Reptomancer","floor":45,"turns":5},{"damage":129,"enemies":"Giant Head","floor":46,"turns":9},{"damage":11,"enemies":"3 Darklings","floor":47,"turns":3},{"damage":14,"enemies":"Writhing Mass","floor":48,"turns":3},{"damage":85,"enemies":"Awakened One","floor":50,"turns":6}],"seed_played":"3847372799784984036","potions_obtained":[{"floor":8,"key":"SkillPotion"},{"floor":10,"key":"BloodPotion"},{"floor":16,"key":"Energy Potion"},{"floor":19,"key":"Block Potion"},{"floor":25,"key":"LiquidBronze"},{"floor":30,"key":"Swift Potion"},{"floor":33,"key":"Energy Potion"},{"floor":41,"key":"BloodPotion"},{"floor":45,"key":"Regen Potion"},{"floor":46,"key":"Weak Potion"},{"floor":47,"key":"SpeedPotion"}],"is_trial":true,"path_per_floor":["M","?","$","$","?","R","E","E","T","?","E","T","R","?","R","B",null,"M","M","$","$","?","R","E","M","T","R","E","$","E","M","R","B",null,"M","?","?","$","$","R","E","R","T","R","E","E","M","M","R","B"],"character_chosen":"IRONCLAD","items_purchased":["PowerPotion","Kunai","Art of War","Bag of Preparation","Shrug It Off","Toy Ornithopter","PowerPotion","Finesse","Juzu Bracelet","Lantern"],"campfire_rested":5,"item_purchase_floors":[4,20,20,21,29,29,29,29,38,39],"current_hp_per_floor":[78,78,78,78,67,67,73,69,69,67,58,58,58,58,80,70,80,80,65,65,65,33,57,63,69,69,69,75,75,80,80,80,40,80,80,70,70,70,70,70,25,49,55,80,84,49,44,36,61,0],"gold":153,"neow_bonus":"","is_prod":false,"is_daily":false,"chose_seed":false,"campfire_upgraded":5,"win_rate":0,"timestamp":1563333895,"path_taken":["M","?","$","$","?","R","E","E","T","?","E","?","R","?","R","BOSS","M","?","$","$","?","R","E","?","T","R","E","$","E","M","R","BOSS","M","?","?","$","$","R","E","R","T","R","E","E","M","M","R","BOSS"],"build_version":"2019-07-05","purchased_purges":0,"victory":false,"max_hp_per_floor":[80,80,80,80,80,80,80,80,80,80,80,80,80,80,80,80,80,80,80,80,80,80,80,80,80,80,80,80,80,80,80,80,80,80,80,80,80,80,80,80,80,80,86,86,86,86,86,86,86,86],"card_choices":[{"not_picked":["Discovery","Clash"],"picked":"Panacea","floor":1},{"not_picked":["Madness","Armaments"],"picked":"Corruption","floor":7},{"not_picked":["Clothesline+1","Flex"],"picked":"Sword Boomerang+1","floor":8},{"not_picked":["Dramatic Entrance+1","Pummel+1"],"picked":"Heavy Blade+1","floor":10},{"not_picked":["Apotheosis","Flex"],"picked":"Headbutt+1","floor":11},{"not_picked":["Exhume","HandOfGreed+1"],"picked":"Limit Break","floor":16},{"not_picked":["Havoc","Forethought"],"picked":"Purity","floor":18},{"not_picked":["Cleave+1","Thunderclap+1"],"picked":"Sword Boomerang+1","floor":19},{"not_picked":["Wild Strike+1","Havoc"],"picked":"Limit Break","floor":24},{"not_picked":["Clash+1","Pommel Strike+1","Clothesline+1"],"picked":"SKIP","floor":25},{"not_picked":["Anger+1","Thunderclap+1"],"picked":"Cleave+1","floor":28},{"not_picked":["Thunderclap+1","Pommel Strike+1"],"picked":"Heavy Blade+1","floor":30},{"not_picked":["Perfected Strike+1","Body Slam+1"],"picked":"Good Instincts+1","floor":31},{"not_picked":["Double Tap","Mayhem"],"picked":"Berserk","floor":33},{"not_picked":["Clash+1","Carnage+1","Cleave+1"],"picked":"SKIP","floor":35},{"not_picked":["Trip","Discovery"],"picked":"Mind Blast+1","floor":37},{"not_picked":["Forethought","PanicButton+1"],"picked":"Sword Boomerang+1","floor":41},{"not_picked":["Havoc+1","Shrug It Off"],"picked":"Cleave+1","floor":45},{"not_picked":["Havoc+1","Clash+1","Headbutt+1"],"picked":"SKIP","floor":46},{"not_picked":["Body Slam+1","Sword Boomerang+1"],"picked":"Purity+1","floor":47},{"not_picked":["Pommel Strike+1","Wild Strike+1"],"picked":"Warcry+1","floor":48},{"not_picked":["Evolve+1","Shrug It Off"],"picked":"Pummel+1","floor":49}],"player_experience":4004231,"relics_obtained":[{"floor":7,"key":"Molten Egg 2"},{"floor":8,"key":"Tiny Chest"},{"floor":9,"key":"Mummified Hand"},{"floor":10,"key":"Odd Mushroom"},{"floor":11,"key":"Gambling Chip"},{"floor":24,"key":"Potion Belt"},{"floor":26,"key":"Ginger"},{"floor":28,"key":"Darkstone Periapt"},{"floor":30,"key":"Paper Frog"},{"floor":41,"key":"Red Skull"},{"floor":43,"key":"Ice Cream"},{"floor":45,"key":"Nunchaku"},{"floor":46,"key":"Dream Catcher"}],"event_choices":[{"cards_removed":["Panacea"],"damage_healed":0,"gold_gain":0,"player_choice":"Card Removal","damage_taken":0,"max_hp_gain":0,"max_hp_loss":0,"event_name":"The Cleric","floor":2,"gold_loss":50},{"damage_healed":0,"gold_gain":75,"player_choice":"Gather Gold","damage_taken":11,"max_hp_gain":0,"max_hp_loss":0,"event_name":"World of Goop","floor":5,"gold_loss":0},{"damage_healed":0,"gold_gain":0,"player_choice":"Fought Mushrooms","damage_taken":0,"max_hp_gain":0,"max_hp_loss":0,"event_name":"Mushrooms","floor":10,"gold_loss":0},{"damage_healed":0,"gold_gain":0,"player_choice":"Trade","damage_taken":0,"relics_obtained":["SsserpentHead"],"max_hp_gain":0,"max_hp_loss":0,"event_name":"FaceTrader","floor":14,"gold_loss":0},{"damage_healed":0,"gold_gain":270,"player_choice":"GOLD GOLD GOLD ","damage_taken":32,"max_hp_gain":0,"max_hp_loss":0,"event_name":"Knowing Skull","floor":22,"potions_obtained":[],"gold_loss":0,"cards_obtained":[]},{"damage_healed":0,"gold_gain":0,"player_choice":"Embrace Madness","damage_taken":10,"max_hp_gain":0,"max_hp_loss":0,"event_name":"Winding Halls","floor":36,"gold_loss":0,"cards_obtained":["Madness","Madness"]},{"damage_healed":0,"gold_gain":0,"player_choice":"Memory 1","damage_taken":0,"max_hp_gain":0,"max_hp_loss":0,"event_name":"SensoryStone","floor":37,"gold_loss":0}],"is_beta":false,"boss_relics":[{"not_picked":["Busted Crown","Mark of Pain"],"picked":"Cursed Key"},{"not_picked":["Sozu","Fusion Hammer"],"picked":"Lizard Tail"}],"items_purged_floors":[],"is_endless":true,"potions_floor_spawned":[8,10,16,18,19,25,30,33,41,45,46,47],"killed_by":"Awakened One","ascension_level":1}