{"gold_per_floor":[109,59,59,20,36,36,56,56,56,56,56,56,87,107,107,202,202,217,228,153,153,166,166,201,220,243,243,243,254,272,289,289,391,391,405,423,523,534,534,534,120,140,140,140,156,31,47,47,47,47],"floor_reached":51,"playtime":2288,"items_purged":["Anger","Regret","Flex+1"],"score":912,"play_id":"5d4c0ac8-0298-4f4b-977d-441de238e4be","local_time":"20190721154431","is_ascension_mode":true,"campfire_choices":[{"data":"Uppercut","floor":6.0,"key":"SMITH"},{"data":"Flex","floor":8.0,"key":"SMITH"},{"data":"Immolate","floor":12.0,"key":"SMITH"},{"floor":15.0,"key":"REST"},{"data":"Demon Form","floor":23.0,"key":"SMITH"},{"floor":27.0,"key":"REST"},{"floor":32.0,"key":"REST"},{"floor":40.0,"key":"REST"},{"data":"Heavy Blade","floor":44,"key":"SMITH"},{"floor":49,"key":"REST"}],"neow_cost":"NONE","seed_source_timestamp":0,"circlet_count":0,"master_deck":["Strike_R+1","Strike_R","Strike_R","Strike_R+1","Defend_R","Defend_R","Defend_R","Defend_R","Bash","Immolate+1","Uppercut+1","Armaments","Demon Form+1","Shrug It Off","Heavy Blade+1","Heavy Blade+1","Impervious","Impervious","Body Slam+1"],"special_seed":0,"relics":["Burning Blood","Kunai","Matryoshka","Snecko Eye","Boot","Ancient Tea Set","Omamori","Bronze Scales","Calling Bell","Oddly Smooth Stone","Mercury Hourglass","Mango","StoneCalendar","Whetstone","Dream Catcher"],"potions_floor_usage":[50,50],"damage_taken":[{"damage":12.0,"enemies":"Small Slimes","floor":1.0,"turns":2.0},{"damage":4.0,"enemies":"Cultist","floor":5.0,"turns":3.0},{"damage":4.0,"enemies":"2 Louse","floor":7.0,"turns":2.0},{"damage":33.0,"enemies":"Gremlin Nob","floor":13.0,"turns":4.0},{"damage":4.0,"enemies":"Large Slime","floor":14.0,"turns":3.0},{"damage":49.0,"enemies":"The Guardian","floor":16.0,"turns":8.0},{"damage":3.0,"enemies":"Chosen","floor":18.0,"turns":3.0},{"damage":2.0,"enemies":"3 Byrds","floor":19.0,"turns":3.0},{"damage":18.0,"enemies":"Snecko","floor":22.0,"turns":3.0},{"damage":20.0,"enemies":"Book of Stabbing","floor":24.0,"turns":3.0},{"damage":2.0,"enemies":"Cultist and Chosen","floor":25.0,"turns":5.0},{"damage":7.0,"enemies":"Shelled Parasite and Fungi","floor":29.0,"turns":4.0},{"damage":16.0,"enemies":"Snecko","floor":30.0,"turns":4.0},{"damage":8.0,"enemies":"Snake Plant","floor":31.0,"turns":3.0},{"damage":32.0,"enemies":"Champ","floor":33.0,"turns":6.0},{"damage":15.0,"enemies":"Orb Walker","floor":35.0,"turns":3.0},{"damage":10.0,"enemies":"3 Shapes","floor":36.0,"turns":3.0},{"damage":48.0,"enemies":"Writhing Mass","floor":38.0,"turns":4.0},{"damage":0.0,"enemies":"Sphere and 2 Shapes","floor":42.0,"turns":3.0},{"damage":16,"enemies":"Maw","floor":45,"turns":5},{"damage":21,"enemies":"4 Shapes","floor":47,"turns":5},{"damage":45,"enemies":"Awakened One","floor":50,"turns":7}],"seed_played":"-573879817584824462","potions_obtained":[{"floor":5.0,"key":"Strength Potion"},{"floor":14.0,"key":"SkillPotion"},{"floor":16.0,"key":"BloodPotion"},{"floor":18.0,"key":"PowerPotion"},{"floor":24.0,"key":"Fire Potion"},{"floor":36.0,"key":"SpeedPotion"},{"floor":38.0,"key":"SteroidPotion"}],"is_trial":false,"path_per_floor":["M","?","?","$","M","R","M","R","T","$","?","R","E","M","R","B",null,"M","M","$","?","M","R","E","M","T","R","?","M","M","M","R","B",null,"M","M","?","M","?","R","$","M","T","R","M","$","M","?","R","B",null],"character_chosen":"IRONCLAD","items_purchased":["Uppercut","StoneCalendar"],"campfire_rested":5,"item_purchase_floors":[4,41],"current_hp_per_floor":[66,66,66,66,68,68,70,70,70,70,75,75,48,50,75,32,72,75,79,79,79,67,67,53,57,57,82,82,81,71,69,85,59,93,84,80,80,38,38,67,67,73,73,73,63,63,48,48,77,62],"gold":47,"neow_bonus":"ONE_RANDOM_RARE_CARD","is_prod":false,"is_daily":false,"chose_seed":false,"campfire_upgraded":5,"win_rate":0,"timestamp":1563749071,"path_taken":["M","?","?","$","?","R","M","R","T","$","?","R","E","M","R","BOSS","M","M","$","?","M","R","E","M","T","R","?","?","M","M","R","BOSS","M","M","?","?","?","R","?","?","T","R","M","$","M","?","R","BOSS"],"build_version":"2019-07-05","purchased_purges":3,"victory":true,"max_hp_per_floor":[80,80,80,80,80,80,80,80,80,80,85,85,85,85,85,85,85,85,85,85,85,85,85,85,85,85,85,85,85,85,85,85,85,99,99,99,99,99,99,99,99,99,99,99,99,99,99,99,99,99],"card_choices":[{"not_picked":["Twin Strike","Entrench"],"picked":"Anger","floor":1.0},{"not_picked":["Anger","Perfected Strike","Wild Strike"],"picked":"SKIP","floor":5.0},{"not_picked":["Rampage","Headbutt"],"picked":"Flex","floor":7.0},{"not_picked":["Brutality","Rampage"],"picked":"Armaments","floor":13.0},{"not_picked":["Clothesline","Carnage","Sword Boomerang"],"picked":"SKIP","floor":14.0},{"not_picked":["Fiend Fire","Dark Embrace"],"picked":"Demon Form","floor":16.0},{"not_picked":["Iron Wave","Rage+1"],"picked":"Shrug It Off","floor":18.0},{"not_picked":["Cleave+1","Corruption"],"picked":"Heavy Blade","floor":19.0},{"not_picked":["Corruption+1","Pummel"],"picked":"Heavy Blade+1","floor":22.0},{"not_picked":["Twin Strike","Berserk"],"picked":"Impervious","floor":24.0},{"not_picked":["Clash","Heavy Blade","Inflame"],"picked":"SKIP","floor":25.0},{"not_picked":["Thunderclap","Pommel Strike","Juggernaut"],"picked":"SKIP","floor":29.0},{"not_picked":["Warcry","Thunderclap+1","Havoc+1"],"picked":"SKIP","floor":30.0},{"not_picked":["Carnage","Perfected Strike","Anger+1"],"picked":"SKIP","floor":31.0},{"not_picked":["Barricade","Immolate"],"picked":"Impervious","floor":33.0},{"not_picked":["Flex","Sentinel+1","Warcry"],"picked":"SKIP","floor":35.0},{"not_picked":["Berserk","Searing Blow","Entrench"],"picked":"SKIP","floor":36.0},{"not_picked":["Perfected Strike","Shockwave","Intimidate"],"picked":"SKIP","floor":38.0},{"not_picked":["Rampage+1","Heavy Blade+1","Flex"],"picked":"SKIP","floor":42.0},{"not_picked":["Clothesline+1","Sword Boomerang+1","True Grit+1"],"picked":"SKIP","floor":45},{"not_picked":["Wild Strike+1","Iron Wave+1"],"picked":"Body Slam+1","floor":47}],"player_experience":82526,"relics_obtained":[{"floor":9.0,"key":"Kunai"},{"floor":13.0,"key":"Matryoshka"},{"floor":24.0,"key":"Boot"},{"floor":26.0,"key":"Ancient Tea Set"},{"floor":26.0,"key":"Omamori"},{"floor":34.0,"key":"Oddly Smooth Stone"},{"floor":34.0,"key":"Mercury Hourglass"},{"floor":34.0,"key":"Mango"},{"floor":43.0,"key":"Whetstone"},{"floor":43.0,"key":"Dream Catcher"}],"event_choices":[{"cards_removed":["Strike_R"],"damage_healed":0.0,"max_hp_gain":0.0,"max_hp_loss":0.0,"gold_gain":0.0,"event_name":"The Cleric","player_choice":"Card Removal","floor":2.0,"gold_loss":50.0,"damage_taken":0.0},{"damage_healed":0.0,"max_hp_gain":0.0,"max_hp_loss":0.0,"gold_gain":0.0,"event_name":"The Woman in Blue","player_choice":"Bought 0 Potions","floor":3.0,"gold_loss":0.0,"damage_taken":0.0},{"damage_healed":0.0,"max_hp_gain":5.0,"max_hp_loss":0.0,"gold_gain":0.0,"event_name":"Big Fish","player_choice":"Donut","floor":11.0,"gold_loss":0.0,"damage_taken":0.0},{"damage_healed":0.0,"max_hp_gain":0.0,"max_hp_loss":0.0,"gold_gain":0.0,"event_name":"Vampires","player_choice":"Ignored","floor":21.0,"gold_loss":0.0,"damage_taken":0.0},{"damage_healed":0.0,"max_hp_gain":0.0,"max_hp_loss":0.0,"gold_gain":0.0,"event_name":"The Mausoleum","player_choice":"Opened","floor":28.0,"gold_loss":0.0,"damage_taken":0.0,"relics_obtained":["Bronze Scales"]},{"damage_healed":0.0,"max_hp_gain":0.0,"max_hp_loss":0.0,"gold_gain":100.0,"event_name":"Golden Shrine","player_choice":"Pray","floor":37.0,"gold_loss":0.0,"damage_taken":0.0},{"damage_healed":0.0,"max_hp_gain":0.0,"max_hp_loss":0.0,"gold_gain":0.0,"event_name":"The Moai Head","player_choice":"Ignored","floor":39.0,"gold_loss":0.0,"damage_taken":0.0},{"damage_healed":0,"gold_gain":0,"player_choice":"Ignored","damage_taken":0,"max_hp_gain":0,"max_hp_loss":0,"event_name":"Mysterious Sphere","floor":48,"gold_loss":0}],"is_beta":false,"boss_relics":[{"not_picked":["Mark of Pain","Empty Cage"],"picked":"Snecko Eye"},{"not_picked":["Philosopher\u0027s Stone","Runic Pyramid"],"picked":"Calling Bell"}],"items_purged_floors":[20,41,46],"is_endless":false,"potions_floor_spawned":[5,14,16,18,19,24,25,36,38,42,47],"ascension_level":6}