{"gold_per_floor":[111,111,124,199,149,183,59,11,311,326,359,379,389,408,408,509,509,529,38,49,61,61,9,9,25,25,53,53,68,68,100,100,197,247,265,282,282,282,300,300,310,322,398,398],"floor_reached":44,"playtime":2924,"items_purged":["Strike_B"],"score":613,"play_id":"a3be3a19-9893-4939-88f2-1c05ae4e394d","local_time":"20181127164454","is_ascension_mode":true,"campfire_choices":[{"data":"Rip and Tear","floor":15,"key":"SMITH"},{"data":"Electrodynamics","floor":24,"key":"SMITH"},{"data":"Zap","floor":28,"key":"SMITH"},{"data":"Go for the Eyes","floor":30,"key":"SMITH"},{"data":"Glacier","floor":32,"key":"SMITH"},{"floor":40,"key":"REST"}],"neow_cost":"NONE","seed_source_timestamp":1186887287519813,"circlet_count":0,"master_deck":["Strike_B","Defend_B+1","Defend_B","Defend_B","Defend_B","Zap+1","Dualcast","Coolheaded","Glacier+1","Auto Shields","Cold Snap","Cold Snap","Conserve Battery+1","Rip and Tear+1","Electrodynamics+1","Melter","Apotheosis+1","Conserve Battery+1","BootSequence+1","Ball Lightning+1","Go for the Eyes+1","Panacea+1","Darkness+1","Hologram+1","Core Surge","Conserve Battery+1","Conserve Battery+1","Stack+1","Loop+1","Chill+1","Echo Form"],"relics":["Cracked Core","NeowsBlessing","Question Card","Old Coin","Mummified Hand","Nuclear Battery","Toxic Egg 2","Mercury Hourglass","Potion Belt","Shuriken","Tiny House"],"potions_floor_usage":[11,12,12,16,16,31,31,31,33,44],"damage_taken":[{"damage":0,"enemies":"Jaw Worm","floor":1,"turns":1},{"damage":0,"enemies":"Small Slimes","floor":3,"turns":1},{"damage":0,"enemies":"Lagavulin","floor":6,"turns":1},{"damage":0,"enemies":"2 Louse","floor":10,"turns":2},{"damage":10,"enemies":"3 Sentries","floor":11,"turns":14},{"damage":0,"enemies":"Lots of Slimes","floor":12,"turns":1},{"damage":5,"enemies":"3 Louse","floor":13,"turns":4},{"damage":2,"enemies":"Blue Slaver","floor":14,"turns":5},{"damage":2,"enemies":"The Guardian","floor":16,"turns":13},{"damage":6,"enemies":"Chosen","floor":18,"turns":7},{"damage":0,"enemies":"Shell Parasite","floor":20,"turns":4},{"damage":2,"enemies":"Snake Plant","floor":21,"turns":5},{"damage":2,"enemies":"Cultist and Chosen","floor":25,"turns":5},{"damage":3,"enemies":"Gremlin Leader","floor":27,"turns":7},{"damage":3,"enemies":"Shelled Parasite and Fungi","floor":29,"turns":3},{"damage":0,"enemies":"Book of Stabbing","floor":31,"turns":6},{"damage":8,"enemies":"Collector","floor":33,"turns":12},{"damage":5,"enemies":"3 Darklings","floor":35,"turns":5},{"damage":0,"enemies":"3 Shapes","floor":36,"turns":2},{"damage":35,"enemies":"Spire Growth","floor":39,"turns":6},{"damage":5,"enemies":"Sphere and 2 Shapes","floor":41,"turns":5},{"damage":9,"enemies":"Writhing Mass","floor":42,"turns":7},{"damage":59,"enemies":"Maw","floor":44,"turns":9}],"seed_played":"-3788374300745882610","potions_obtained":[{"floor":6,"key":"Strength Potion"},{"floor":10,"key":"AttackPotion"},{"floor":11,"key":"Poison Potion"},{"floor":12,"key":"AttackPotion"},{"floor":25,"key":"AttackPotion"},{"floor":27,"key":"Weak Potion"},{"floor":29,"key":"FearPotion"},{"floor":33,"key":"Dexterity Potion"},{"floor":34,"key":"Dexterity Potion"},{"floor":35,"key":"Dexterity Potion"},{"floor":42,"key":"AttackPotion"}],"is_trial":false,"path_per_floor":["M","?","M","?","?","E","$","$","T","M","E","M","M","M","R","B",null,"M","$","M","M","?","$","R","M","T","E","R","M","R","E","R","B",null,"M","M","?","?","M","R","M","M","T","M"],"character_chosen":"DEFECT","items_purchased":["Cold Snap","PowerPotion","Toxic Egg 2","Apotheosis+1","Conserve Battery+1","Dexterity Potion"],"campfire_rested":1,"item_purchase_floors":[7,8,19,19,19,23],"current_hp_per_floor":[75,68,68,57,57,57,57,57,57,57,47,47,42,40,40,38,75,69,69,69,67,67,67,67,65,65,62,62,59,59,59,59,51,80,75,75,75,75,40,64,59,50,50,0],"gold":398,"neow_bonus":"THREE_ENEMY_KILL","is_prod":false,"is_daily":false,"chose_seed":false,"campfire_upgraded":5,"win_rate":0,"timestamp":1543355094,"path_taken":["M","?","M","?","?","E","?","$","T","?","E","M","M","M","R","BOSS","M","$","M","M","?","$","R","M","T","E","R","?","R","E","R","BOSS","M","M","?","?","?","R","M","M","T","M"],"build_version":"2018-11-15","purchased_purges":1,"victory":false,"max_hp_per_floor":[75,75,75,75,75,75,75,75,75,75,75,75,75,75,75,75,75,75,75,75,75,75,75,75,75,75,75,75,75,75,75,75,75,80,80,80,80,80,80,80,80,80,80,80],"card_choices":[{"not_picked":["Redo","Compile Driver"],"picked":"Coolheaded","floor":1},{"not_picked":["Go for the Eyes","Coolheaded"],"picked":"Glacier","floor":3},{"not_picked":["Double Energy","Hologram"],"picked":"Auto Shields","floor":6},{"not_picked":["Rebound","Turbo","Compile Driver"],"picked":"Cold Snap","floor":10},{"not_picked":["Compile Driver","Rebound","Force Field"],"picked":"Conserve Battery","floor":11},{"not_picked":["All For One","Beam Cell","Aggregate","Redo"],"picked":"SKIP","floor":12},{"not_picked":["Sunder","Turbo","Stack","Double Energy"],"picked":"SKIP","floor":13},{"not_picked":["Chill","Hologram","Go for the Eyes"],"picked":"Rip and Tear","floor":14},{"not_picked":["Machine Learning","Echo Form","Creative AI"],"picked":"Electrodynamics","floor":16},{"not_picked":["Leap","Coolheaded+1","Streamline"],"picked":"Melter","floor":18},{"not_picked":["Rip and Tear","Recycle+1","Fusion+1"],"picked":"BootSequence+1","floor":20},{"not_picked":["Lockon","Auto Shields+1","Recycle+1"],"picked":"Ball Lightning+1","floor":21},{"not_picked":["Gash+1","Sweeping Beam","Coolheaded+1"],"picked":"Darkness+1","floor":25},{"not_picked":["Sunder","Undo+1","Go for the Eyes+1","Rip and Tear"],"picked":"SKIP","floor":27},{"not_picked":["Genetic Algorithm+1","Stack+1","Storm"],"picked":"Hologram+1","floor":29},{"not_picked":["Genetic Algorithm+1","All For One","Sunder","Compile Driver"],"picked":"SKIP","floor":31},{"not_picked":["Amplify+1","Multi-Cast+1","Hyperbeam"],"picked":"Core Surge","floor":33},{"not_picked":["Compile Driver+1","Beam Cell","Go for the Eyes"],"picked":"Conserve Battery+1","floor":34},{"not_picked":["Auto Shields+1","Reinforced Body+1","Beam Cell"],"picked":"Conserve Battery+1","floor":35},{"not_picked":["Leap+1","Ball Lightning+1","Steam+1"],"picked":"Stack+1","floor":36},{"not_picked":["Conserve Battery+1","Steam+1","Blizzard"],"picked":"Loop+1","floor":39},{"not_picked":["Conserve Battery+1","Hologram+1","Sweeping Beam+1"],"picked":"Chill+1","floor":41},{"not_picked":["Storm","Ball Lightning+1","Stack+1"],"picked":"Echo Form","floor":42}],"player_experience":2526654,"relics_obtained":[{"floor":6,"key":"Question Card"},{"floor":9,"key":"Old Coin"},{"floor":11,"key":"Mummified Hand"},{"floor":26,"key":"Mercury Hourglass"},{"floor":27,"key":"Potion Belt"},{"floor":31,"key":"Shuriken"}],"event_choices":[{"cards_removed":["Strike_B"],"damage_healed":0,"gold_gain":0,"player_choice":"Card Removal","damage_taken":7,"max_hp_gain":0,"max_hp_loss":0,"event_name":"Golden Wing","floor":2,"gold_loss":0},{"damage_healed":0,"gold_gain":75,"player_choice":"Gather Gold","damage_taken":11,"max_hp_gain":0,"max_hp_loss":0,"event_name":"World of Goop","floor":4,"gold_loss":0},{"cards_removed":["Strike_B"],"damage_healed":0,"gold_gain":0,"player_choice":"Card Removal","damage_taken":0,"max_hp_gain":0,"max_hp_loss":0,"event_name":"The Cleric","floor":5,"gold_loss":50},{"damage_healed":0,"gold_gain":0,"player_choice":"2 cards matched","damage_taken":0,"max_hp_gain":0,"max_hp_loss":0,"event_name":"Match and Keep!","floor":22,"gold_loss":0,"cards_obtained":["Go for the Eyes","Panacea"]},{"damage_healed":0,"gold_gain":0,"player_choice":"Ignored","damage_taken":0,"max_hp_gain":0,"max_hp_loss":0,"event_name":"Tomb of Lord Red Mask","floor":37,"gold_loss":0},{"damage_healed":0,"gold_gain":0,"player_choice":"Forge","damage_taken":0,"max_hp_gain":0,"max_hp_loss":0,"event_name":"Accursed Blacksmith","floor":38,"gold_loss":0,"cards_upgraded":["Conserve Battery"]}],"is_beta":false,"boss_relics":[{"not_picked":["Pandora\u0027s Box","Fusion Hammer"],"picked":"Nuclear Battery"},{"not_picked":["Orrery","Velvet Choker"],"picked":"Tiny House"}],"items_purged_floors":[7],"is_endless":false,"potions_floor_spawned":[6,10,11,12,25,27,29,33,35,42],"killed_by":"Maw","ascension_level":2}