{"path_per_floor":["M","$","?","M","M","R","E","R","T","M","R","?","?","M","R","B",null,"M","?","$","?","M"],"character_chosen":"THE_SILENT","items_purchased":["Snake Skull","Dramatic Entrance","Caltrops"],"gold_per_floor":[17,17,17,27,40,40,71,71,71,91,91,91,266,280,280,378,378,359,284,5,5,19],"floor_reached":23,"campfire_rested":0,"playtime":2098,"current_hp_per_floor":[70,70,56,56,56,56,47,47,47,47,47,47,47,47,47,34,70,55,55,55,55,40],"items_purged":[],"gold":19,"play_id":"0bb950ef-beec-4cd4-9fde-a3b2849b9a09","is_prod":false,"is_daily":false,"is_ascension_mode":true,"campfire_upgraded":4,"path_taken":["M","$","?","M","M","R","E","R","T","M","R","?","?","?","R","BOSS","M","?","$","?","M","E"],"build_version":"2018-02-01-PROD1","purchased_purges":0,"victory":false,"master_deck":["Defend_G+1","Defend_G+1","Defend_G+1","Defend_G","Strike_G","Strike_G","Strike_G+1","Strike_G","Survivor","Neutralize+1","After Image","Dash+1","Noxious Fumes+1","Die Die Die","Caltrops+1","After Image","Footwork","Prepared","Backflip","Infinite Blades+1","Dramatic Entrance","Caltrops","Escape Plan"],"max_hp_per_floor":[70,70,70,70,70,70,70,70,70,70,70,70,70,70,70,70,70,70,70,70,70,70],"relics":["Ring of the Snake","Omamori","War Paint","Orrery","Snake Skull"],"card_choices":[{"not_picked":["Night Terror","Doppelganger"],"picked":"After Image"},{"not_picked":["Blade Dance","Flying Knee"],"picked":"Dash"},{"not_picked":["Outmaneuver","Deadly Poison"],"picked":"Noxious Fumes"},{"not_picked":["Quick Slash","Doppelganger"],"picked":"Caltrops"},{"not_picked":["Venomology","Adrenaline"],"picked":"After Image"},{"not_picked":["Outmaneuver","Acrobatics"],"picked":"Footwork"},{"not_picked":["Leg Sweep","All Out Attack"],"picked":"Prepared"},{"not_picked":["Quick Slash","Outmaneuver"],"picked":"Backflip"},{"not_picked":["Deflect","Flechettes"],"picked":"Infinite Blades"},{"not_picked":["Underhanded Strike","Tactician"],"picked":"Escape Plan"}],"player_experience":448128,"potions_floor_usage":[7,7,18,22,23],"damage_taken":[{"damage":0,"enemies":"Jaw Worm","floor":1,"turns":8},{"damage":0,"enemies":"Cultist","floor":4,"turns":4},{"damage":0,"enemies":"2 Louse","floor":5,"turns":4},{"damage":9,"enemies":"3 Sentries","floor":7,"turns":11},{"damage":0,"enemies":"Exordium Thugs","floor":10,"turns":5},{"damage":0,"enemies":"Lots of Slimes","floor":14,"turns":1},{"damage":13,"enemies":"The Guardian","floor":16,"turns":11},{"damage":15,"enemies":"2 Thieves","floor":18,"turns":4},{"damage":15,"enemies":"Chosen","floor":22,"turns":6},{"damage":40,"enemies":"Slavers","floor":23,"turns":6}],"event_choices":[{"event_name":"Shining Light","player_choice":"Entered Light","floor":3,"damage_taken":0},{"event_name":"Transmorgrifier","player_choice":"Transform","floor":12,"damage_taken":0},{"event_name":"Liars Game","player_choice":"agreed","floor":13,"damage_taken":0},{"event_name":"Beggar","player_choice":"Gave Gold","floor":19,"damage_taken":0},{"event_name":"Wheel of Change","player_choice":"Curse","floor":21,"damage_taken":0}],"boss_relics":[{"not_picked":["Runic Pyramid","Philosopher\u0027s Stone"],"picked":"Orrery"}],"potions_floor_spawned":[1,5,14,18,22],"seed_played":"1580064452829242957","killed_by":"Slavers","ascension_level":3,"is_trial":false}