{"gold_per_floor":[209,209,169,182,201,201,217,247,270,270,301,1,1,301,301,401,401,411,411,11,30,30,63,63,75,99,99,115,149,149,165,165,165],"floor_reached":33,"playtime":1502,"items_purged":[],"score":352,"play_id":"c8e427cd-929c-421e-bc2e-e2a4498ed66c","local_time":"20190720202808","is_ascension_mode":true,"campfire_choices":[{"data":"Zap","floor":6,"key":"SMITH"},{"floor":10,"key":"REST"},{"floor":13,"key":"DIG"},{"floor":15,"key":"DIG"},{"floor":24,"key":"DIG"},{"floor":30,"key":"REST"},{"floor":32,"key":"DIG"}],"neow_cost":"NONE","seed_source_timestamp":3425274393790,"circlet_count":0,"master_deck":["Strike_B","Strike_B","Strike_B","Strike_B","Defend_B","Defend_B","Defend_B","Zap+1","Dualcast","Genetic Algorithm","Undo","Gash","Hologram","Chill","Machine Learning+1","Turbo","Electrodynamics","White Noise","Storm+1","Storm+1","Hologram","Turbo+1","Capacitor","BootSequence"],"relics":["Cracked Core","Strawberry","Omamori","Regal Pillow","Shovel","Juzu Bracelet","Old Coin","Bag of Marbles","Sozu","Bottled Tornado","Boot","Bronze Scales","Anchor","Meat on the Bone","Art of War"],"potions_floor_usage":[16,16,16],"damage_taken":[{"damage":0,"enemies":"2 Louse","floor":1,"turns":2},{"damage":8,"enemies":"Jaw Worm","floor":4,"turns":3},{"damage":0,"enemies":"Cultist","floor":5,"turns":3},{"damage":0,"enemies":"2 Fungi Beasts","floor":7,"turns":3},{"damage":18,"enemies":"3 Sentries","floor":8,"turns":8},{"damage":25,"enemies":"Lagavulin","floor":11,"turns":9},{"damage":26,"enemies":"Slime Boss","floor":16,"turns":11},{"damage":15,"enemies":"Shell Parasite","floor":18,"turns":8},{"damage":8,"enemies":"Chosen","floor":21,"turns":5},{"damage":18,"enemies":"Gremlin Leader","floor":23,"turns":5},{"damage":0,"enemies":"Centurion and Healer","floor":25,"turns":4},{"damage":14,"enemies":"Snake Plant","floor":28,"turns":3},{"damage":9,"enemies":"Book of Stabbing","floor":29,"turns":5},{"damage":8,"enemies":"Snecko","floor":31,"turns":3},{"damage":55,"enemies":"Champ","floor":33,"turns":9}],"seed_played":"6890504647509131731","potions_obtained":[{"floor":3,"key":"Dexterity Potion"},{"floor":3,"key":"SkillPotion"},{"floor":3,"key":"GamblersBrew"},{"floor":4,"key":"Swift Potion"},{"floor":16,"key":"LiquidBronze"}],"is_trial":false,"path_per_floor":["M","?","?","M","M","R","M","E","T","R","E","$","R","?","R","B",null,"M","?","$","M","?","E","R","M","T","?","M","E","R","M","R","B"],"character_chosen":"DEFECT","items_purchased":["Shovel","Electrodynamics","Bottled Tornado","White Noise"],"campfire_rested":2,"item_purchase_floors":[12,20,20,20],"current_hp_per_floor":[75,68,68,60,60,60,60,49,49,73,48,48,48,48,48,22,82,67,67,67,59,59,41,41,41,41,41,27,18,57,49,49,0],"gold":165,"neow_bonus":"HUNDRED_GOLD","is_prod":false,"is_daily":false,"chose_seed":false,"campfire_upgraded":1,"win_rate":0,"timestamp":1563647288,"path_taken":["M","?","?","?","M","R","M","E","T","R","E","$","R","?","R","BOSS","M","?","$","M","?","E","R","M","T","?","M","E","R","M","R","BOSS"],"build_version":"2019-07-17","purchased_purges":0,"victory":false,"max_hp_per_floor":[75,75,75,75,75,75,75,82,82,82,82,82,82,82,82,82,82,82,82,82,82,82,82,82,82,82,82,82,82,82,82,82,82],"card_choices":[{"not_picked":["Go for the Eyes","Darkness"],"picked":"Genetic Algorithm","floor":1},{"not_picked":["Skim","Melter"],"picked":"Undo","floor":4},{"not_picked":["Go for the Eyes","Hologram"],"picked":"Gash","floor":5},{"not_picked":["Cold Snap","Stack"],"picked":"Hologram","floor":7},{"not_picked":["Barrage","Melter","Double Energy"],"picked":"SKIP","floor":8},{"not_picked":["Reboot","Streamline"],"picked":"Chill","floor":11},{"not_picked":["Buffer","Amplify"],"picked":"Machine Learning","floor":16},{"not_picked":["Darkness","Streamline"],"picked":"Turbo","floor":18},{"not_picked":["Barrage","Beam Cell"],"picked":"Storm+1","floor":21},{"not_picked":["Skim+1","Coolheaded","Sweeping Beam+1"],"picked":"SKIP","floor":23},{"not_picked":["Compile Driver","Conserve Battery+1"],"picked":"Hologram","floor":25},{"not_picked":["Aggregate","Gash+1"],"picked":"Turbo+1","floor":28},{"not_picked":["Fission","Hologram"],"picked":"Capacitor","floor":29},{"not_picked":["Hologram","Coolheaded"],"picked":"BootSequence","floor":31}],"player_experience":186775,"relics_obtained":[{"floor":8,"key":"Strawberry"},{"floor":9,"key":"Omamori"},{"floor":11,"key":"Regal Pillow"},{"floor":13,"key":"Juzu Bracelet"},{"floor":15,"key":"Bag of Marbles"},{"floor":23,"key":"Boot"},{"floor":24,"key":"Bronze Scales"},{"floor":26,"key":"Anchor"},{"floor":29,"key":"Meat on the Bone"},{"floor":32,"key":"Art of War"}],"event_choices":[{"cards_removed":["Defend_B"],"damage_healed":0,"gold_gain":0,"player_choice":"Card Removal","damage_taken":7,"max_hp_gain":0,"max_hp_loss":0,"event_name":"Golden Wing","floor":2,"gold_loss":0},{"damage_healed":0,"gold_gain":0,"player_choice":"Bought 3 Potions","damage_taken":0,"max_hp_gain":0,"max_hp_loss":0,"event_name":"The Woman in Blue","floor":3,"gold_loss":0},{"damage_healed":0,"gold_gain":0,"player_choice":"Searched \u00271\u0027 times","damage_taken":0,"relics_obtained":["Old Coin"],"max_hp_gain":0,"max_hp_loss":0,"event_name":"Dead Adventurer","floor":14,"gold_loss":0},{"damage_healed":0,"gold_gain":0,"player_choice":"Upgraded","damage_taken":0,"max_hp_gain":0,"max_hp_loss":0,"event_name":"Upgrade Shrine","floor":19,"gold_loss":0,"cards_upgraded":["Machine Learning"]},{"damage_healed":0,"gold_gain":0,"player_choice":"Copied","damage_taken":0,"max_hp_gain":0,"max_hp_loss":0,"event_name":"Duplicator","floor":22,"gold_loss":0,"cards_obtained":["Storm"]},{"damage_healed":0,"gold_gain":0,"player_choice":"0 cards matched","damage_taken":0,"max_hp_gain":0,"max_hp_loss":0,"event_name":"Match and Keep!","floor":27,"gold_loss":0,"cards_obtained":[]}],"is_beta":false,"boss_relics":[{"not_picked":["Ectoplasm","Lizard Tail"],"picked":"Sozu"}],"items_purged_floors":[],"is_endless":false,"potions_floor_spawned":[4,7,16,23,25],"killed_by":"Champ","ascension_level":4}