{"path_per_floor":["M","M","?","M","M","R","$","M","T","R","M","R","$","?","R","B",null,"M","M","M","$","M","R","?","M","T","E","?","M","R","M","R","B",null,"M","M","$","?","?","R","E","M","T","?","R","?","M","M","R","B"],"character_chosen":"THE_SILENT","items_purchased":["Frozen Egg 2","Footwork","Calculated Gamble","Happy Flower","Finesse","Prepared"],"gold_per_floor":[366,382,382,395,412,412,8,21,21,21,31,31,31,31,31,133,133,143,159,176,21,33,33,33,51,51,85,10,22,22,38,38,133,133,144,157,15,15,15,15,47,62,62,0,0,55,70,87,87,87],"floor_reached":51,"campfire_rested":7,"playtime":9721,"current_hp_per_floor":[33,29,29,29,19,40,40,40,40,40,30,30,30,30,51,32,70,58,68,61,61,44,65,65,65,65,40,40,29,50,34,55,15,70,54,40,40,30,60,60,51,32,32,32,50,45,38,38,56,8],"items_purged":[],"gold":87,"play_id":"9f9f5d89-a86d-438a-bf71-f256309bce79","is_prod":false,"is_daily":false,"is_ascension_mode":true,"campfire_upgraded":3,"path_taken":["M","M","?","?","M","R","$","M","T","R","M","R","$","?","R","BOSS","M","M","M","$","M","R","?","?","T","E","?","?","R","M","R","BOSS","M","M","$","?","?","R","E","?","T","?","R","?","M","M","R","BOSS"],"build_version":"2018-02-01-PROD3","purchased_purges":0,"victory":true,"master_deck":["Defend_G","Defend_G","Defend_G","Defend_G","Defend_G","Strike_G","Strike_G","Strike_G","Survivor","Neutralize","Backflip","Deadly Poison","Caltrops","Choke+1","Blade Dance+1","Footwork+1","Calculated Gamble","Cloak And Dagger+1","Venomology","Neutralize","A Thousand Cuts+1","Venomology","Prepared","Malaise+1","Setup+1","Adrenaline","Outmaneuver","Envenom+1","Calculated Gamble","Finesse","Prepared","Madness","Madness","Backstab+1","Malaise+1","Backflip+1","Backflip+1"],"max_hp_per_floor":[70,70,70,70,70,70,70,70,70,70,70,70,70,70,70,70,70,70,70,70,70,70,70,70,70,70,70,70,70,70,70,70,70,70,70,70,70,70,60,60,60,60,60,60,60,60,60,60,60,60],"relics":["Ring of the Snake","Frozen Egg 2","Gremlin Horn","Question Card","Happy Flower","Du-Vu Doll","Letter Opener","White Beast Statue","Bag of Marbles","Juzu Bracelet","Red Mask","Thread and Needle"],"card_choices":[{"not_picked":["Crippling Poison","Eviscerate"],"picked":"Backflip"},{"not_picked":["Malaise","Predator"],"picked":"Deadly Poison"},{"not_picked":["Backflip","PiercingWail"],"picked":"Choke"},{"not_picked":["Outmaneuver","Heel Hook"],"picked":"Blade Dance"},{"not_picked":["Malaise","Flying Knee"],"picked":"Cloak And Dagger"},{"not_picked":["Masterful Stab","Backflip"],"picked":"Venomology"},{"not_picked":["Grand Finale","Tools of the Trade"],"picked":"Venomology"},{"not_picked":["Dodge and Roll","Heel Hook","Dagger Throw"],"picked":"Prepared"},{"not_picked":["Poisoned Stab","Bane","Riddle With Holes"],"picked":"Malaise"},{"not_picked":["Backflip","Dagger Spray","Cloak And Dagger"],"picked":"Setup"},{"not_picked":["Prepared","All Out Attack","Backflip"],"picked":"Adrenaline"},{"not_picked":["Acrobatics","Sucker Punch","Bane"],"picked":"Outmaneuver"},{"not_picked":["Bullet Time","Tools of the Trade","Corpse Explosion"],"picked":"Envenom"},{"not_picked":["Outmaneuver","Underhanded Strike","Flechettes"],"picked":"Calculated Gamble"},{"not_picked":["Phantasmal Killer","Finisher","Storm of Steel"],"picked":"Backstab"},{"not_picked":["Dagger Throw","Underhanded Strike","Endless Agony"],"picked":"Malaise"},{"not_picked":["Malaise","Dagger Spray","Flying Knee"],"picked":"Backflip"},{"not_picked":["Dagger Spray","Flying Knee","Outmaneuver"],"picked":"Backflip"}],"player_experience":468075,"potions_floor_usage":[8,8,18,18,18,19,19,20,20,20,22,22,27,27,29,31,31,33,33,33,36,36,36,41,41,41,41,42,42,46,47,47,47,47,50,50,50,50,50],"damage_taken":[{"damage":2,"enemies":"2 Louse","floor":1,"turns":4},{"damage":4,"enemies":"Small Slimes","floor":2,"turns":4},{"damage":0,"enemies":"Blue Slaver","floor":4,"turns":6},{"damage":10,"enemies":"3 Louse","floor":5,"turns":3},{"damage":0,"enemies":"Lots of Slimes","floor":8,"turns":5},{"damage":10,"enemies":"Exordium Wildlife","floor":11,"turns":7},{"damage":19,"enemies":"Slime Boss","floor":16,"turns":8},{"damage":12,"enemies":"3 Byrds","floor":18,"turns":3},{"damage":5,"enemies":"Shell Parasite","floor":19,"turns":8},{"damage":22,"enemies":"Cultist and Chosen","floor":20,"turns":8},{"damage":17,"enemies":"Sentry and Sphere","floor":22,"turns":7},{"damage":0,"enemies":"Chosen and Byrds","floor":25,"turns":4},{"damage":25,"enemies":"Slavers","floor":27,"turns":8},{"damage":20,"enemies":"3 Cultists","floor":29,"turns":4},{"damage":16,"enemies":"Slaver and Parasite","floor":31,"turns":5},{"damage":40,"enemies":"Collector","floor":33,"turns":8},{"damage":16,"enemies":"Orb Walker","floor":35,"turns":5},{"damage":14,"enemies":"3 Darklings","floor":36,"turns":4},{"damage":18,"enemies":"Nemesis","floor":41,"turns":7},{"damage":31,"enemies":"Maw","floor":42,"turns":8},{"damage":5,"enemies":"Mysterious Sphere","floor":46,"turns":4},{"damage":13,"enemies":"Sphere and 2 Shapes","floor":47,"turns":4},{"damage":0,"enemies":"4 Shapes","floor":48,"turns":6},{"damage":48,"enemies":"Donu and Deca","floor":50,"turns":12}],"event_choices":[{"event_name":"Living Wall","player_choice":"Change","floor":3,"damage_taken":0},{"event_name":"Match and Keep!","player_choice":"2 cards matched","floor":14,"damage_taken":0},{"event_name":"Match and Keep!","player_choice":"2 cards matched","floor":14,"damage_taken":0},{"event_name":"Accursed Blacksmith","player_choice":"Forge","floor":24,"damage_taken":0},{"event_name":"Beggar","player_choice":"Gave Gold","floor":28,"damage_taken":0},{"event_name":"Winding Halls","player_choice":"Embrace Madness","floor":38,"damage_taken":0},{"event_name":"The Moai Head","player_choice":"Heal","floor":39,"damage_taken":0},{"event_name":"Tomb of Lord Red Mask","player_choice":"Paid","floor":44,"damage_taken":0},{"event_name":"Mysterious Sphere","player_choice":"Fight","floor":46,"damage_taken":0}],"boss_relics":[{"not_picked":["Sozu","Snecko Eye"],"picked":"Question Card"},{"not_picked":["Velvet Choker","Runic Pyramid"],"picked":"White Beast Statue"}],"potions_floor_spawned":[2,5,16,19,20,22,31,35,36,41,42,46,47,48],"seed_played":"-2138515452929325653","ascension_level":3,"is_trial":false}