{"path_per_floor":["M","?","M","M","?","M","E","?","T","?","M","?","M","T","R"],"character_chosen":"THE_SILENT","items_purchased":[],"gold_per_floor":[109,109,126,140,90,102,127,147,147,147,162,162,175,201,201],"floor_reached":16,"campfire_rested":0,"playtime":1626,"current_hp_per_floor":[70,70,66,66,66,56,24,19,19,12,12,18,15,15,15],"items_purged":[],"gold":201,"play_id":"02334950-638e-4502-8679-f2cf6ec747aa","is_prod":false,"is_daily":false,"is_ascension_mode":false,"campfire_upgraded":1,"path_taken":["M","?","M","M","?","M","E","?","T","?","?","?","M","?","R","BOSS"],"build_version":"2018-01-25-PROD3","purchased_purges":0,"victory":false,"master_deck":["Defend_G","Defend_G","Defend_G","Defend_G","Strike_G","Strike_G","Strike_G","Strike_G","Survivor","Neutralize+1","Backflip","Blur","Cloak And Dagger","Dagger Throw","Acrobatics+1","Grand Finale","Injury"],"max_hp_per_floor":[70,70,70,70,70,70,70,70,70,70,70,76,76,76,76],"relics":["Ring of the Snake","Gambling Chip","Odd Mushroom","Toxic Egg","Darkstone Periapt","Golden Idol","Juzu Bracelet"],"card_choices":[{"not_picked":["Reflex","Outmaneuver"],"picked":"Backflip"},{"not_picked":["Infinite Blades","Night Terror"],"picked":"Blur"},{"not_picked":["Poisoned Stab","Slice"],"picked":"Cloak And Dagger"},{"not_picked":["Flying Knee","Choke"],"picked":"Dagger Throw"},{"not_picked":["Well Laid Plans","Catalyst"],"picked":"Acrobatics"},{"not_picked":["PiercingWail","Eviscerate"],"picked":"Grand Finale"}],"player_experience":219912,"potions_floor_usage":[7,11,13,16,16],"damage_taken":[{"damage":0,"enemies":"Cultist","floor":1,"turns":4},{"damage":4,"enemies":"Blue Slaver","floor":3,"turns":4},{"damage":0,"enemies":"Jaw Worm","floor":4,"turns":5},{"damage":10,"enemies":"Large Slime","floor":6,"turns":10},{"damage":32,"enemies":"Gremlin Nob","floor":7,"turns":6},{"damage":5,"enemies":"The Mushroom Lair","floor":8,"turns":7},{"damage":0,"enemies":"2 Fungi Beasts","floor":11,"turns":4},{"damage":3,"enemies":"3 Louse","floor":13,"turns":6},{"damage":16,"enemies":"Slime Boss","floor":16,"turns":9}],"event_choices":[{"event_name":"Bonfire Elementals","player_choice":"BASIC","floor":2,"damage_taken":0},{"event_name":"The Cleric","player_choice":"Card Removal","floor":5,"damage_taken":0},{"event_name":"Mushrooms","player_choice":"Fought Mushrooms","floor":8,"damage_taken":0},{"event_name":"Scrap Ooze","player_choice":"success","floor":10,"damage_taken":7},{"event_name":"Golden Idol","player_choice":"Take Wound","floor":12,"damage_taken":0}],"boss_relics":[],"potions_floor_spawned":[1,4,8,11,13],"seed_played":"-3418265336401520560","killed_by":"Slime Boss","ascension_level":0,"is_trial":false}