{"gold_per_floor":[144,189,234,279,324,414,459,549,549,594,594,566,656,701,701,1001,1001,1046,1091,1142,1187,1232,1322,1322,1367,1367,649,649,739,89,134,134,434,434,479,524,569,569,32,32,122,167,192,282,327,327,372,417,417,417],"floor_reached":51,"playtime":3349,"items_purged":["Strike_R","Strike_R"],"score":1002,"play_id":"d3e0660e-1361-438d-a8a3-2a1c1256cc4d","local_time":"20190521224027","daily_mods":["Heirloom","Time Dilation","Midas"],"is_ascension_mode":false,"campfire_choices":[{"floor":15,"key":"REST"},{"floor":24,"key":"REST"},{"floor":32,"key":"DIG"},{"floor":40,"key":"DIG"},{"floor":46,"key":"DIG"},{"floor":49,"key":"DIG"}],"neow_cost":"","seed_source_timestamp":0,"circlet_count":0,"master_deck":["Strike_R+1","Strike_R+1","Defend_R","Defend_R","Defend_R","Defend_R+1","Bash","Uppercut","Seeing Red","Fiend Fire","Battle Trance","Rampage","Reaper","Flame Barrier","Demon Form","Clothesline+1","Disarm","Spot Weakness","Impervious","Infernal Blade+1","Offering","Immolate","RitualDagger","Offering","Limit Break","Battle Trance+1","Ghostly Armor","Impervious","Disarm+1","Entrench+1","True Grit+1"],"special_seed":18038,"relics":["Burning Blood","Gambling Chip","Whetstone","Anchor","Happy Flower","FossilizedHelix","Mark of Pain","Red Mask","Orichalcum","Blue Candle","PreservedInsect","Pantograph","Meat on the Bone","Shovel","Mercury Hourglass","Centennial Puzzle","Runic Pyramid","Kunai","Potion Belt","Bag of Marbles","Lantern","Bronze Scales","Bird Faced Urn","War Paint","Pen Nib"],"potions_floor_usage":[6,8,8,13,16,20,33,33,33,50,50],"damage_taken":[{"damage":1,"enemies":"Jaw Worm","floor":1,"turns":5},{"damage":0,"enemies":"Small Slimes","floor":2,"turns":3},{"damage":4,"enemies":"Cultist","floor":3,"turns":3},{"damage":10,"enemies":"Large Slime","floor":4,"turns":5},{"damage":11,"enemies":"3 Louse","floor":5,"turns":2},{"damage":14,"enemies":"Gremlin Nob","floor":6,"turns":3},{"damage":5,"enemies":"Lots of Slimes","floor":7,"turns":2},{"damage":21,"enemies":"Lagavulin","floor":8,"turns":5},{"damage":0,"enemies":"Exordium Thugs","floor":10,"turns":3},{"damage":0,"enemies":"Gremlin Nob","floor":13,"turns":2},{"damage":0,"enemies":"Exordium Wildlife","floor":14,"turns":3},{"damage":29,"enemies":"Hexaghost","floor":16,"turns":7},{"damage":0,"enemies":"Shell Parasite","floor":18,"turns":3},{"damage":0,"enemies":"2 Thieves","floor":19,"turns":4},{"damage":16,"enemies":"Masked Bandits","floor":20,"turns":5},{"damage":25,"enemies":"Shelled Parasite and Fungi","floor":21,"turns":5},{"damage":10,"enemies":"3 Cultists","floor":22,"turns":5},{"damage":0,"enemies":"Gremlin Leader","floor":23,"turns":3},{"damage":8,"enemies":"Snecko","floor":25,"turns":6},{"damage":0,"enemies":"Book of Stabbing","floor":29,"turns":2},{"damage":6,"enemies":"Shelled Parasite and Fungi","floor":31,"turns":2},{"damage":54,"enemies":"Automaton","floor":33,"turns":8},{"damage":10,"enemies":"3 Shapes","floor":35,"turns":3},{"damage":19,"enemies":"3 Darklings","floor":36,"turns":3},{"damage":6,"enemies":"Transient","floor":37,"turns":5},{"damage":0,"enemies":"Reptomancer","floor":41,"turns":3},{"damage":7,"enemies":"Maw","floor":42,"turns":5},{"damage":19,"enemies":"Giant Head","floor":44,"turns":6},{"damage":9,"enemies":"Spire Growth","floor":45,"turns":4},{"damage":6,"enemies":"Transient","floor":47,"turns":5},{"damage":0,"enemies":"Writhing Mass","floor":48,"turns":4},{"damage":12,"enemies":"Donu and Deca","floor":50,"turns":10}],"seed_played":"7337043475493984283","potions_obtained":[{"floor":1,"key":"Poison Potion"},{"floor":4,"key":"BloodPotion"},{"floor":7,"key":"FearPotion"},{"floor":8,"key":"Dexterity Potion"},{"floor":10,"key":"Regen Potion"},{"floor":14,"key":"EssenceOfSteel"},{"floor":19,"key":"Explosive Potion"},{"floor":23,"key":"LiquidBronze"},{"floor":25,"key":"Block Potion"},{"floor":36,"key":"FairyPotion"},{"floor":41,"key":"PowerPotion"},{"floor":45,"key":"BloodPotion"},{"floor":47,"key":"EssenceOfSteel"},{"floor":48,"key":"Block Potion"}],"is_trial":false,"path_per_floor":["M","M","M","M","M","E","M","E","T","M","?","?","E","M","R","B",null,"M","M","?","M","M","E","R","M","T","$","?","E","$","M","R","B",null,"M","M","M","?","$","R","E","M","T","E","M","R","M","M","R","B",null],"character_chosen":"IRONCLAD","items_purchased":["PreservedInsect","Offering","Pantograph","Immolate","Shovel","Mercury Hourglass","Kunai","Impervious","Potion Belt"],"campfire_rested":2,"item_purchase_floors":[27,27,27,27,30,30,39,39,39],"current_hp_per_floor":[80,80,80,76,71,63,64,57,57,63,56,56,67,79,80,57,80,80,80,70,61,76,80,80,80,80,80,74,80,80,80,80,44,80,76,77,77,77,77,77,80,80,80,80,77,77,79,80,80,76],"gold":417,"neow_bonus":"","is_prod":false,"is_daily":true,"chose_seed":false,"campfire_upgraded":0,"win_rate":0,"timestamp":1558492827,"path_taken":["M","M","M","M","M","E","M","E","T","M","?","?","E","M","R","BOSS","M","M","?","M","M","E","R","M","T","$","?","E","$","M","R","BOSS","M","M","M","?","$","R","E","M","T","E","M","R","M","M","R","BOSS"],"build_version":"2019-01-23","purchased_purges":2,"victory":true,"max_hp_per_floor":[80,80,80,80,80,80,80,80,80,80,80,80,80,80,80,80,80,80,80,80,80,80,80,80,80,80,80,80,80,80,80,80,80,80,80,80,80,80,80,80,80,80,80,80,80,80,80,80,80,80],"card_choices":[{"not_picked":["Dual Wield","Blood for Blood"],"picked":"Uppercut","floor":1},{"not_picked":["Perfected Strike","Body Slam"],"picked":"Cleave","floor":2},{"not_picked":["Rage","Clothesline"],"picked":"Seeing Red","floor":3},{"not_picked":["Warcry","Pommel Strike"],"picked":"Fiend Fire","floor":4},{"not_picked":["Iron Wave","Fire Breathing","Rage"],"picked":"SKIP","floor":5},{"not_picked":["Heavy Blade","Clash","Wild Strike"],"picked":"SKIP","floor":6},{"not_picked":["Perfected Strike","Wild Strike","Anger"],"picked":"SKIP","floor":7},{"not_picked":["Wild Strike","Thunderclap"],"picked":"Battle Trance","floor":8},{"not_picked":["Havoc","Uppercut"],"picked":"Rampage","floor":10},{"not_picked":["Metallicize","Uppercut"],"picked":"Reaper","floor":13},{"not_picked":["Headbutt","Armaments"],"picked":"Flame Barrier","floor":14},{"not_picked":["Berserk","Brutality"],"picked":"Demon Form","floor":16},{"not_picked":["Second Wind","Feel No Pain"],"picked":"Clothesline+1","floor":18},{"not_picked":["Iron Wave","Flex"],"picked":"Disarm","floor":19},{"not_picked":["Heavy Blade","Headbutt","Bloodletting"],"picked":"SKIP","floor":21},{"not_picked":["Thunderclap","Wild Strike"],"picked":"Spot Weakness","floor":22},{"not_picked":["Entrench","Flame Barrier"],"picked":"Impervious","floor":23},{"not_picked":["Armaments","Anger+1"],"picked":"Infernal Blade+1","floor":25},{"not_picked":["Fire Breathing","Seeing Red"],"picked":"Offering","floor":29},{"not_picked":["Perfected Strike","Cleave","Thunderclap"],"picked":"SKIP","floor":31},{"not_picked":["Brutality","Reaper"],"picked":"Limit Break","floor":33},{"not_picked":["Clothesline+1","Rampage"],"picked":"Battle Trance+1","floor":35},{"not_picked":["Anger","Twin Strike+1"],"picked":"Ghostly Armor","floor":36},{"not_picked":["Dual Wield","Headbutt+1","Heavy Blade"],"picked":"SKIP","floor":37},{"not_picked":["Fire Breathing","Reaper"],"picked":"Disarm","floor":41},{"not_picked":["Fire Breathing+1","Iron Wave","Infernal Blade"],"picked":"SKIP","floor":42},{"not_picked":["Wild Strike","Havoc+1"],"picked":"Entrench+1","floor":44},{"not_picked":["Anger","Whirlwind","Wild Strike"],"picked":"SKIP","floor":45},{"not_picked":["Headbutt","Armaments"],"picked":"True Grit+1","floor":47},{"not_picked":["Second Wind","Heavy Blade","Cleave"],"picked":"SKIP","floor":48}],"player_experience":3698247,"relics_obtained":[{"floor":6,"key":"Whetstone"},{"floor":8,"key":"Anchor"},{"floor":9,"key":"Happy Flower"},{"floor":13,"key":"FossilizedHelix"},{"floor":20,"key":"Red Mask"},{"floor":23,"key":"Orichalcum"},{"floor":26,"key":"Blue Candle"},{"floor":29,"key":"Meat on the Bone"},{"floor":32,"key":"Centennial Puzzle"},{"floor":40,"key":"Bag of Marbles"},{"floor":41,"key":"Lantern"},{"floor":43,"key":"Bronze Scales"},{"floor":44,"key":"Bird Faced Urn"},{"floor":46,"key":"War Paint"},{"floor":49,"key":"Pen Nib"}],"event_choices":[{"cards_removed":["Strike_R"],"damage_healed":0,"gold_gain":0,"player_choice":"Card Removal","damage_taken":7,"max_hp_gain":0,"max_hp_loss":0,"event_name":"Golden Wing","floor":11,"gold_loss":0},{"damage_healed":0,"gold_gain":0,"player_choice":"Left Gold","damage_taken":0,"max_hp_gain":0,"max_hp_loss":0,"event_name":"World of Goop","floor":12,"gold_loss":28},{"damage_healed":0,"gold_gain":0,"player_choice":"Fought Bandits","damage_taken":0,"max_hp_gain":0,"max_hp_loss":0,"event_name":"Masked Bandits","floor":20,"gold_loss":0},{"damage_healed":0,"gold_gain":0,"player_choice":"Joined the Cult","damage_taken":6,"max_hp_gain":0,"max_hp_loss":0,"event_name":"Nest","floor":28,"gold_loss":0,"cards_obtained":["RitualDagger"]},{"cards_removed":["Cleave"],"damage_healed":0,"gold_gain":0,"player_choice":"Removed Attack","damage_taken":0,"max_hp_gain":0,"max_hp_loss":0,"event_name":"Falling","floor":38,"gold_loss":0}],"is_beta":false,"boss_relics":[{"not_picked":["White Beast Statue","Coffee Dripper"],"picked":"Mark of Pain"},{"not_picked":["Astrolabe","Sozu"],"picked":"Runic Pyramid"}],"items_purged_floors":[27,30],"is_endless":false,"potions_floor_spawned":[1,4,7,8,10,14,19,23,25,29,36,41,45,47,48],"ascension_level":0}