{"path_per_floor":["M","M","?","M","$","E","R","M","T","M","?","M","?","M","R","B",null,"M","M","?","?","M","R","E","M","T","R","T","$","?","M","R","B",null,"M","M","$","?","?","?","R","M","T","M"],"character_chosen":"THE_SILENT","items_purchased":["Medical Kit","Bottled Lightning","Blur","Mind Blast","Swift Potion"],"gold_per_floor":[10,28,203,219,13,43,43,58,84,99,99,110,185,203,203,300,300,314,296,211,211,222,222,252,267,318,318,390,72,72,86,86,191,191,201,212,1,1,1,1,1,21,67,79],"floor_reached":45,"campfire_rested":2,"playtime":25832,"current_hp_per_floor":[70,70,70,70,70,52,52,52,52,50,43,30,19,14,14,5,70,30,19,19,3,2,23,2,23,23,44,44,44,44,38,38,48,70,53,49,49,39,39,39,39,39,39,36],"items_purged":["Strike_G"],"gold":79,"play_id":"c3929158-d9c4-4626-a6ab-a595235c45e5","is_prod":false,"is_daily":false,"is_ascension_mode":true,"campfire_upgraded":4,"path_taken":["M","M","?","?","$","E","R","?","T","M","?","M","?","M","R","BOSS","M","M","?","?","M","R","E","?","T","R","?","$","?","M","R","BOSS","M","M","$","?","?","?","R","M","T","M","E"],"build_version":"2018-01-25-PROD3","purchased_purges":1,"victory":false,"master_deck":["Defend_G","Defend_G","Defend_G","Defend_G","Strike_G","Strike_G","Survivor","Neutralize+1","Endless Agony","Terror+1","Backflip","Calculated Gamble+1","Envenom","Cloak And Dagger+1","Outmaneuver+1","Footwork+1","Die Die Die","Well Laid Plans","Footwork+1","Footwork","Acrobatics","Footwork+1","Blur","Mind Blast+1","Madness","Madness","Escape Plan"],"max_hp_per_floor":[70,70,70,70,70,70,70,70,70,70,70,70,70,70,70,70,70,70,70,70,70,70,70,70,70,70,70,70,70,70,70,70,70,70,70,70,70,70,70,70,70,70,70,70],"relics":["Ring of the Snake","Medical Kit","Molten Egg","Bag of Marbles","Lizard Tail","Letter Opener","Enchiridion","Snake Skull","Orichalcum","Pantograph","Bottled Lightning","Question Card","Juzu Bracelet"],"card_choices":[{"not_picked":["PiercingWail","Leg Sweep"],"picked":"Endless Agony"},{"not_picked":["PiercingWail","Dagger Spray"],"picked":"Terror"},{"not_picked":["Slice","Blade Dance"],"picked":"Backflip"},{"not_picked":["Setup","PiercingWail"],"picked":"Calculated Gamble"},{"not_picked":["Storm of Steel","Tactician"],"picked":"Envenom"},{"not_picked":["Terror","Slice"],"picked":"Cloak And Dagger"},{"not_picked":["Calculated Gamble","Setup"],"picked":"Outmaneuver"},{"not_picked":["Deflect","Cloak And Dagger"],"picked":"Footwork"},{"not_picked":["Poisoned Stab","Well Laid Plans"],"picked":"Die Die Die"},{"not_picked":["Underhanded Strike","Choke"],"picked":"Well Laid Plans"},{"not_picked":["Poisoned Stab","Crippling Poison"],"picked":"Footwork"},{"not_picked":["Underhanded Strike","Bane","PiercingWail"],"picked":"Acrobatics"},{"not_picked":["Dash","All Out Attack","Prepared"],"picked":"Footwork"},{"not_picked":["Bane","Skewer","Outmaneuver"],"picked":"Escape Plan"}],"player_experience":354631,"potions_floor_usage":[6,6,14,16,18,22,24,25,33,42,44,45],"damage_taken":[{"damage":0,"enemies":"2 Louse","floor":1,"turns":3},{"damage":0,"enemies":"Blue Slaver","floor":2,"turns":7},{"damage":0,"enemies":"Small Slimes","floor":4,"turns":3},{"damage":33,"enemies":"3 Sentries","floor":6,"turns":9},{"damage":0,"enemies":"3 Louse","floor":8,"turns":5},{"damage":2,"enemies":"Large Slime","floor":10,"turns":7},{"damage":13,"enemies":"Exordium Wildlife","floor":12,"turns":6},{"damage":5,"enemies":"Gremlin Gang","floor":14,"turns":5},{"damage":9,"enemies":"Hexaghost","floor":16,"turns":13},{"damage":52,"enemies":"Spheric Guardian","floor":18,"turns":10},{"damage":11,"enemies":"2 Thieves","floor":19,"turns":4},{"damage":1,"enemies":"Centurion and Healer","floor":22,"turns":7},{"damage":21,"enemies":"Gremlin Leader","floor":24,"turns":9},{"damage":17,"enemies":"Slaver and Parasite","floor":25,"turns":8},{"damage":6,"enemies":"Snecko","floor":31,"turns":5},{"damage":15,"enemies":"Collector","floor":33,"turns":12},{"damage":17,"enemies":"3 Darklings","floor":35,"turns":7},{"damage":4,"enemies":"3 Shapes","floor":36,"turns":5},{"damage":0,"enemies":"3 Darklings","floor":42,"turns":5},{"damage":3,"enemies":"4 Shapes","floor":44,"turns":5},{"damage":42,"enemies":"2 Orb Walkers","floor":45,"turns":3}],"event_choices":[{"event_name":"Liars Game","player_choice":"agreed","floor":3,"damage_taken":0},{"event_name":"Golden Wing","player_choice":"Card Removal","floor":11,"damage_taken":0},{"event_name":"World of Goop","player_choice":"Gather Gold","floor":13,"damage_taken":0},{"event_name":"Addict","player_choice":"Obtained Relic","floor":20,"damage_taken":0},{"event_name":"Cursed Tome","player_choice":"Obtained Book","floor":21,"damage_taken":0},{"event_name":"The Library","player_choice":"Read","floor":30,"damage_taken":0},{"event_name":"Winding Halls","player_choice":"Embrace Madness","floor":38,"damage_taken":0},{"event_name":"Accursed Blacksmith","player_choice":"Forge","floor":39,"damage_taken":0}],"boss_relics":[{"not_picked":["Cursed Key","White Beast Statue"],"picked":"Lizard Tail"},{"not_picked":["Philosopher\u0027s Stone","Snecko Eye"],"picked":"Question Card"}],"potions_floor_spawned":[1,4,6,10,16,19,22,24,25,36,42],"seed_played":"-3487666164795053774","killed_by":"2 Orb Walkers","ascension_level":2,"is_trial":false}