{"gold_per_floor":[114,23,43,43,43,69,79,79,102,102,131,131,131],"floor_reached":13,"playtime":313,"items_purged":[],"score":232,"play_id":"c5c497ed-d2e4-47dc-bf28-142ae1839958","local_time":"20190429161058","is_ascension_mode":true,"campfire_choices":[{"data":"Coolheaded","floor":8,"key":"SMITH"},{"data":"Zap","floor":10,"key":"SMITH"}],"neow_cost":"NONE","seed_source_timestamp":1717184483208947,"circlet_count":0,"master_deck":["AscendersBane","Strike_B","Strike_B","Strike_B","Defend_B","Defend_B","Defend_B","Defend_B","Zap+1","Dualcast","Hello World","Capacitor","Hologram","Coolheaded+1","Conserve Battery","Skim","Biased Cognition"],"relics":["Cracked Core","NeowsBlessing","Vajra","Smiling Mask","Calipers","Gremlin Horn"],"potions_floor_usage":[11],"damage_taken":[{"damage":0,"enemies":"Jaw Worm","floor":1,"turns":1},{"damage":0,"enemies":"Small Slimes","floor":3,"turns":1},{"damage":0,"enemies":"3 Sentries","floor":6,"turns":1},{"damage":0,"enemies":"Cultist","floor":7,"turns":3},{"damage":51,"enemies":"Gremlin Nob","floor":11,"turns":5},{"damage":7,"enemies":"Exordium Wildlife","floor":13,"turns":1}],"seed_played":"2080154611488355820","potions_obtained":[{"floor":1,"key":"Block Potion"},{"floor":3,"key":"Strength Potion"}],"is_trial":false,"path_per_floor":["M","$","M","?","?","E","M","R","T","R","E","T","M"],"character_chosen":"DEFECT","items_purchased":["Capacitor","Hologram"],"campfire_rested":0,"item_purchase_floors":[2,2],"current_hp_per_floor":[64,64,64,57,57,57,57,57,57,57,6,6,0],"gold":131,"neow_bonus":"THREE_ENEMY_KILL","is_prod":false,"is_daily":false,"chose_seed":false,"campfire_upgraded":2,"win_rate":0,"timestamp":1556568658,"path_taken":["M","$","M","?","?","E","?","R","T","R","E","?","M"],"build_version":"2019-01-23","purchased_purges":0,"victory":false,"max_hp_per_floor":[71,71,71,71,71,71,71,71,71,71,71,71,71],"card_choices":[{"not_picked":["Leap","Scrape"],"picked":"Hello World","floor":1},{"not_picked":["Sweeping Beam","Doom and Gloom"],"picked":"Coolheaded","floor":3},{"not_picked":["Sweeping Beam","Redo"],"picked":"Conserve Battery","floor":6},{"not_picked":["Streamline","Stack"],"picked":"Skim","floor":7},{"not_picked":["Streamline","Stack"],"picked":"Biased Cognition","floor":11}],"player_experience":3520358,"relics_obtained":[{"floor":6,"key":"Vajra"},{"floor":9,"key":"Smiling Mask"},{"floor":11,"key":"Calipers"},{"floor":12,"key":"Gremlin Horn"}],"event_choices":[{"cards_removed":["Strike_B"],"damage_healed":0,"gold_gain":0,"player_choice":"Card Removal","damage_taken":7,"max_hp_gain":0,"max_hp_loss":0,"event_name":"Golden Wing","floor":4,"gold_loss":0},{"damage_healed":0,"gold_gain":0,"player_choice":"0 cards matched","damage_taken":0,"max_hp_gain":0,"max_hp_loss":0,"event_name":"Match and Keep!","floor":5,"gold_loss":0,"cards_obtained":[]}],"is_beta":false,"boss_relics":[],"items_purged_floors":[],"is_endless":false,"potions_floor_spawned":[1,3,6],"killed_by":"Exordium Wildlife","ascension_level":20}