{"gold_per_floor":[144,144,71,144,189,189,279,279,304,394,469,494,539,4,4,304,304,349,394,394,394,394,394,484,242,317,317,362,407,452,452],"floor_reached":31,"playtime":1683,"items_purged":[],"score":386,"play_id":"a7845b56-0a9d-4361-801f-adaca4cb4027","local_time":"20190620233916","daily_mods":["Insanity","Green Cards","Midas"],"is_ascension_mode":false,"campfire_choices":[{"floor":6,"key":"REST"},{"floor":8,"key":"REST"},{"floor":15,"key":"REST"},{"floor":23,"key":"REST"}],"neow_cost":"","seed_source_timestamp":685470987448094,"circlet_count":0,"master_deck":["Sucker Punch","Wild Strike","Disarm","Burning Pact","Headbutt","Setup","PiercingWail","Feel No Pain","Armaments","Body Slam","Tactician","Setup","Eviscerate","Dagger Spray","Sword Boomerang","Backflip","Acrobatics","Flying Knee","Escape Plan","Bane","Poisoned Stab","Cloak And Dagger","Dodge and Roll","Iron Wave","Backflip","Iron Wave","Blur","Fire Breathing","Quick Slash","Entrench","Perfected Strike","Bouncing Flask","Shrug It Off","Noxious Fumes","Anger+1","Escape Plan","Masterful Stab+1","Flechettes","Poisoned Stab","Blade Dance","Backflip","Underhanded Strike","Intimidate","Concentrate","Prepared","Rage","Eviscerate","Predator","Iron Wave","Heavy Blade","Calculated Gamble","Inflame","Dash","Flame Barrier","Trip+1","Impervious+1","True Grit+1","Battle Trance+1","Seeing Red+1","Panache","Night Terror+1","Crippling Poison+1","Cloak And Dagger+1"],"special_seed":18068,"relics":["Burning Blood","Shuriken","Orichalcum","Ancient Tea Set","FossilizedHelix","Regal Pillow","Toxic Egg 2","Membership Card","Sozu","Smiling Mask","Pantograph","Whetstone","Tiny Chest","Meat on the Bone","Enchiridion"],"potions_floor_usage":[24],"damage_taken":[{"damage":0,"enemies":"Cultist","floor":1,"turns":3},{"damage":0,"enemies":"Jaw Worm","floor":5,"turns":2},{"damage":36,"enemies":"Gremlin Nob","floor":7,"turns":5},{"damage":19,"enemies":"3 Sentries","floor":10,"turns":8},{"damage":0,"enemies":"2 Louse","floor":13,"turns":4},{"damage":0,"enemies":"Slime Boss","floor":16,"turns":6},{"damage":25,"enemies":"Spheric Guardian","floor":18,"turns":6},{"damage":0,"enemies":"Chosen","floor":19,"turns":4},{"damage":26,"enemies":"Slavers","floor":24,"turns":4},{"damage":8,"enemies":"Sentry and Sphere","floor":28,"turns":4},{"damage":0,"enemies":"Cultist and Chosen","floor":29,"turns":6},{"damage":14,"enemies":"Snake Plant","floor":30,"turns":3},{"damage":56,"enemies":"Gremlin Leader","floor":31,"turns":8}],"seed_played":"8782678997766779914","potions_obtained":[{"floor":5,"key":"SteroidPotion"},{"floor":13,"key":"EssenceOfSteel"}],"is_trial":false,"path_per_floor":["M","T","$","?","M","R","E","R","T","E","?","T","M","$","R","B",null,"M","M","?","?","?","R","E","$","T","?","M","M","M","E"],"character_chosen":"IRONCLAD","items_purchased":["Inflame","Toxic Egg 2","Trip+1","Membership Card","Seeing Red+1","Whetstone","Tiny Chest","Panache"],"campfire_rested":4,"item_purchase_floors":[3,14,14,14,25,25,25,25],"current_hp_per_floor":[80,80,80,80,80,80,50,74,74,61,50,50,56,56,80,80,80,61,67,67,67,67,80,60,60,60,44,54,60,52,0],"gold":452,"neow_bonus":"","is_prod":false,"is_daily":true,"chose_seed":false,"campfire_upgraded":0,"win_rate":0,"timestamp":1561088356,"path_taken":["M","?","$","?","?","R","E","R","T","E","?","?","M","$","R","BOSS","M","M","?","?","?","R","E","$","T","?","?","?","M","E"],"build_version":"2019-01-23","purchased_purges":0,"victory":false,"max_hp_per_floor":[80,80,80,80,80,80,80,80,80,80,80,80,80,80,80,80,80,80,80,80,80,80,80,80,80,80,80,80,80,80,80],"card_choices":[{"not_picked":["Dodge and Roll","Dual Wield"],"picked":"Calculated Gamble","floor":1},{"not_picked":["Slice","Underhanded Strike"],"picked":"Dash","floor":5},{"not_picked":["Body Slam","Rampage"],"picked":"Flame Barrier","floor":7},{"not_picked":["Pommel Strike","Heel Hook","Dagger Spray"],"picked":"SKIP","floor":10},{"not_picked":["Ghostly Armor","Heel Hook","Flex"],"picked":"SKIP","floor":13},{"not_picked":["Exhume+1","Die Die Die"],"picked":"Impervious+1","floor":16},{"not_picked":["Sword Boomerang+1","Pommel Strike+1"],"picked":"True Grit+1","floor":18},{"not_picked":["Rage+1","Underhanded Strike","Twin Strike"],"picked":"SKIP","floor":19},{"not_picked":["Headbutt","Pommel Strike","Perfected Strike"],"picked":"SKIP","floor":24},{"not_picked":["Slice+1","Sentinel+1"],"picked":"Night Terror+1","floor":28},{"not_picked":["Pommel Strike+1","Underhanded Strike"],"picked":"Crippling Poison+1","floor":29},{"not_picked":["Heavy Blade","Clash"],"picked":"Cloak And Dagger+1","floor":30}],"player_experience":3799170,"relics_obtained":[{"floor":2,"key":"Shuriken"},{"floor":7,"key":"Orichalcum"},{"floor":9,"key":"Ancient Tea Set"},{"floor":10,"key":"FossilizedHelix"},{"floor":12,"key":"Regal Pillow"},{"floor":24,"key":"Pantograph"},{"floor":26,"key":"Meat on the Bone"},{"floor":27,"key":"Enchiridion"}],"event_choices":[{"damage_healed":0,"gold_gain":73,"player_choice":"Gained Gold","damage_taken":0,"max_hp_gain":0,"max_hp_loss":0,"event_name":"Golden Wing","floor":4,"gold_loss":0},{"damage_healed":0,"gold_gain":75,"player_choice":"Gather Gold","damage_taken":11,"max_hp_gain":0,"max_hp_loss":0,"event_name":"World of Goop","floor":11,"gold_loss":0},{"damage_healed":0,"gold_gain":0,"player_choice":"Read","damage_taken":0,"max_hp_gain":0,"max_hp_loss":0,"event_name":"The Library","floor":20,"gold_loss":0,"cards_obtained":["Battle Trance"]},{"damage_healed":0,"gold_gain":0,"player_choice":"Ignored","damage_taken":0,"max_hp_gain":0,"max_hp_loss":0,"event_name":"Ghosts","floor":21,"gold_loss":0},{"damage_healed":0,"gold_gain":0,"player_choice":"Opened","damage_taken":0,"relics_obtained":["Smiling Mask"],"max_hp_gain":0,"max_hp_loss":0,"event_name":"The Mausoleum","floor":22,"gold_loss":0},{"damage_healed":0,"gold_gain":0,"player_choice":"Obtained Book","damage_taken":16,"max_hp_gain":0,"max_hp_loss":0,"event_name":"Cursed Tome","floor":27,"gold_loss":0}],"is_beta":false,"boss_relics":[{"not_picked":["Runic Dome","Mark of Pain"],"picked":"Sozu"}],"items_purged_floors":[],"is_endless":false,"potions_floor_spawned":[5,13,24,28,30],"killed_by":"Gremlin Leader","ascension_level":0}