{"gold_per_floor":[114,189,204,219,219,219,234,264,339,339,14,29,44,59,59,159,159,174,189,204,10,10,10,25,40,90,90,105,120,120,150,150,150],"floor_reached":33,"playtime":1894,"items_purged":["Strike_B"],"score":298,"play_id":"a29a8a33-ccb1-4d1d-b4a3-b43a98845620","local_time":"20181204234858","daily_mods":["Heirloom","Uncertain Future","Binary"],"is_ascension_mode":false,"campfire_choices":[{"data":"Zap","floor":6,"key":"SMITH"},{"data":"Loop","floor":10,"key":"SMITH"},{"data":"Glacier","floor":15,"key":"SMITH"},{"data":"Apotheosis","floor":23,"key":"SMITH"},{"floor":30,"key":"REST"},{"data":"Rainbow","floor":32,"key":"SMITH"}],"neow_cost":"","seed_source_timestamp":1815637691845866,"circlet_count":0,"master_deck":["Strike_B","Defend_B","Defend_B","Defend_B","Defend_B","Zap+1","Dualcast","Conserve Battery","Loop+1","Ball Lightning","Glacier+1","Conserve Battery","Reboot","Reinforced Body+1","Apotheosis+1","Chill","Leap+1","Coolheaded","Sweeping Beam","Rainbow+1"],"special_seed":17870,"relics":["Cracked Core","Gambling Chip","Kunai","Dodecahedron","Symbiotic Virus","Bottled Tornado","Nuclear Battery","Happy Flower","Omamori"],"potions_floor_usage":[8,12,28,33],"damage_taken":[{"damage":0,"enemies":"2 Louse","floor":1,"turns":2},{"damage":0,"enemies":"Small Slimes","floor":3,"turns":4},{"damage":0,"enemies":"Jaw Worm","floor":4,"turns":4},{"damage":1,"enemies":"3 Louse","floor":7,"turns":3},{"damage":22,"enemies":"Gremlin Nob","floor":8,"turns":4},{"damage":5,"enemies":"Gremlin Gang","floor":12,"turns":3},{"damage":2,"enemies":"Blue Slaver","floor":13,"turns":3},{"damage":1,"enemies":"3 Louse","floor":14,"turns":4},{"damage":2,"enemies":"Hexaghost","floor":16,"turns":7},{"damage":0,"enemies":"Chosen","floor":18,"turns":4},{"damage":0,"enemies":"Spheric Guardian","floor":19,"turns":3},{"damage":3,"enemies":"Snecko","floor":20,"turns":7},{"damage":5,"enemies":"Sentry and Sphere","floor":24,"turns":10},{"damage":7,"enemies":"3 Cultists","floor":25,"turns":8},{"damage":0,"enemies":"Snake Plant","floor":28,"turns":3},{"damage":0,"enemies":"Snecko","floor":29,"turns":3},{"damage":19,"enemies":"Gremlin Leader","floor":31,"turns":10},{"damage":61,"enemies":"Collector","floor":33,"turns":16}],"seed_played":"6234403270390555822","potions_obtained":[{"floor":3,"key":"AttackPotion"},{"floor":8,"key":"Poison Potion"},{"floor":14,"key":"Ancient Potion"},{"floor":16,"key":"Weak Potion"},{"floor":24,"key":"Ancient Potion"},{"floor":28,"key":"Strength Potion"},{"floor":29,"key":"Explosive Potion"}],"is_trial":false,"path_per_floor":["M","?","M","M","?","R","M","E","T","R","$","M","M","M","R","B",null,"M","M","M","$","?","R","M","M","T","?","M","M","R","E","R","B"],"character_chosen":"DEFECT","items_purchased":["Bottled Tornado","Apotheosis"],"campfire_rested":1,"item_purchase_floors":[11,21],"current_hp_per_floor":[75,64,64,64,61,61,60,38,38,38,38,33,31,30,30,28,75,75,75,72,72,72,72,67,60,60,60,60,60,75,56,56,0],"gold":150,"neow_bonus":"","is_prod":false,"is_daily":true,"chose_seed":false,"campfire_upgraded":5,"win_rate":0,"timestamp":1543985338,"path_taken":["M","?","M","M","?","R","M","E","T","R","$","?","M","M","R","BOSS","M","M","M","$","?","R","?","M","T","?","M","M","R","E","R","BOSS"],"build_version":"2018-11-15","purchased_purges":1,"victory":false,"max_hp_per_floor":[75,75,75,75,75,75,75,75,75,75,75,75,75,75,75,75,75,75,75,75,75,75,75,75,75,75,75,75,75,75,75,75,75],"card_choices":[{"not_picked":["Go for the Eyes"],"picked":"Conserve Battery","floor":1},{"not_picked":["Streamline"],"picked":"Loop","floor":3},{"not_picked":["Sweeping Beam"],"picked":"Ball Lightning","floor":4},{"not_picked":["Streamline","Sunder"],"picked":"SKIP","floor":7},{"not_picked":["Fusion","Turbo"],"picked":"SKIP","floor":8},{"not_picked":["Beam Cell","All For One"],"picked":"SKIP","floor":12},{"not_picked":["Auto Shields"],"picked":"Glacier","floor":13},{"not_picked":["Go for the Eyes"],"picked":"Conserve Battery","floor":14},{"not_picked":["Thunder Strike"],"picked":"Reboot","floor":16},{"not_picked":["Barrage","Turbo"],"picked":"SKIP","floor":18},{"not_picked":["Darkness"],"picked":"Reinforced Body+1","floor":19},{"not_picked":["Go for the Eyes","Reinforced Body"],"picked":"SKIP","floor":20},{"not_picked":["Chaos"],"picked":"Chill","floor":24},{"not_picked":["Barrage+1"],"picked":"Leap+1","floor":25},{"not_picked":["Leap"],"picked":"Rainbow","floor":28},{"not_picked":["Gash","Hologram"],"picked":"SKIP","floor":29},{"not_picked":["Go for the Eyes","Recycle"],"picked":"SKIP","floor":31}],"player_experience":2654594,"relics_obtained":[{"floor":8,"key":"Dodecahedron"},{"floor":9,"key":"Symbiotic Virus"},{"floor":26,"key":"Happy Flower"},{"floor":31,"key":"Omamori"}],"event_choices":[{"damage_healed":0,"gold_gain":75,"player_choice":"Gather Gold","damage_taken":11,"max_hp_gain":0,"max_hp_loss":0,"event_name":"World of Goop","floor":2,"gold_loss":0},{"damage_healed":0,"gold_gain":0,"player_choice":"Success","damage_taken":3,"relics_obtained":["Kunai"],"max_hp_gain":0,"max_hp_loss":0,"event_name":"Scrap Ooze","floor":5,"gold_loss":0},{"damage_healed":0,"gold_gain":0,"player_choice":"Ignored","damage_taken":0,"max_hp_gain":0,"max_hp_loss":0,"event_name":"N\u0027loth","floor":22,"gold_loss":0},{"damage_healed":0,"gold_gain":0,"cards_transformed":["Strike_B","Strike_B"],"player_choice":"Became Test Subject","damage_taken":0,"max_hp_gain":0,"max_hp_loss":0,"event_name":"Drug Dealer","floor":27,"gold_loss":0,"cards_obtained":["Coolheaded","Sweeping Beam"]}],"is_beta":false,"boss_relics":[{"not_picked":["Runic Dome","Coffee Dripper"],"picked":"Nuclear Battery"}],"items_purged_floors":[11],"is_endless":false,"potions_floor_spawned":[3,8,14,16,24,28,29,31],"killed_by":"Collector","ascension_level":0}