{"gold_per_floor":[110,127,50,50,50,50,82,82,136,162,174,10,27,39,39,113,113,131,143,143,156,175,175,204,204,204,233,233,252,278,32,32,111,111,130,144,144,144,1143,1143,1160,461,461,476,476,63,76,76,76,76],"floor_reached":50,"playtime":3209,"items_purged":["Strike_R","Normality","Normality"],"score":1055,"play_id":"156ed4b1-d638-4434-a11b-46851779c3dc","local_time":"20190506122027","is_ascension_mode":true,"campfire_choices":[{"data":"Inflame","floor":6,"key":"SMITH"},{"data":"Bash","floor":8,"key":"SMITH"},{"data":"Flame Barrier","floor":15,"key":"SMITH"},{"data":"Fiend Fire","floor":23,"key":"SMITH"},{"data":"Evolve","floor":28,"key":"SMITH"},{"data":"Uppercut","floor":32,"key":"SMITH"},{"data":"Immolate","floor":40,"key":"SMITH"},{"floor":45,"key":"REST"},{"data":"Disarm","floor":49,"key":"SMITH"}],"neow_cost":"NONE","seed_source_timestamp":2305256994306934,"circlet_count":0,"master_deck":["AscendersBane","Defend_R","Defend_R","Defend_R","Bash+1","Fiend Fire+1","Inflame+1","Wild Strike","Evolve+1","Impervious","Reckless Charge","Flame Barrier+1","Metallicize","Immolate+1","Uppercut+1","Impervious","Ghostly Armor","Dark Embrace","Battle Trance+1","Ghostly Armor+1","Headbutt+1","Iron Wave+1","Parasite","Armaments+1","Disarm+1","Shrug It Off","Feel No Pain+1","Shockwave","Clothesline+1","Flame Barrier+1"],"relics":["Burning Blood","Bottled Tornado","Pen Nib","Bag of Marbles","Bag of Preparation","Snecko Eye","Happy Flower","Du-Vu Doll","Regal Pillow","Orichalcum","Art of War","Astrolabe","Ancient Tea Set","Sundial","Frozen Egg 2","Lantern"],"potions_floor_usage":[7,16,16,19,21,27,50],"damage_taken":[{"damage":9,"enemies":"2 Louse","floor":1,"turns":3},{"damage":12,"enemies":"Small Slimes","floor":2,"turns":3},{"damage":20,"enemies":"Lagavulin","floor":7,"turns":4},{"damage":8,"enemies":"Gremlin Nob","floor":10,"turns":3},{"damage":0,"enemies":"Cultist","floor":11,"turns":2},{"damage":0,"enemies":"Blue Slaver","floor":13,"turns":1},{"damage":11,"enemies":"Exordium Thugs","floor":14,"turns":3},{"damage":20,"enemies":"Hexaghost","floor":16,"turns":9},{"damage":0,"enemies":"2 Thieves","floor":18,"turns":1},{"damage":0,"enemies":"Spheric Guardian","floor":19,"turns":2},{"damage":0,"enemies":"Chosen and Byrds","floor":21,"turns":4},{"damage":11,"enemies":"Snake Plant","floor":22,"turns":3},{"damage":13,"enemies":"Slavers","floor":24,"turns":3},{"damage":15,"enemies":"Gremlin Leader","floor":27,"turns":3},{"damage":0,"enemies":"Centurion and Healer","floor":29,"turns":3},{"damage":32,"enemies":"Automaton","floor":33,"turns":8},{"damage":2,"enemies":"Orb Walker","floor":35,"turns":2},{"damage":0,"enemies":"3 Darklings","floor":36,"turns":3},{"damage":33,"enemies":"Writhing Mass","floor":41,"turns":5},{"damage":16,"enemies":"4 Shapes","floor":44,"turns":5},{"damage":0,"enemies":"Jaw Worm Horde","floor":47,"turns":2},{"damage":78,"enemies":"Awakened One","floor":50,"turns":10}],"seed_played":"163816484354824533","potions_obtained":[{"floor":1,"key":"SteroidPotion"},{"floor":11,"key":"FearPotion"},{"floor":13,"key":"Explosive Potion"},{"floor":14,"key":"AttackPotion"},{"floor":16,"key":"Swift Potion"},{"floor":18,"key":"SkillPotion"},{"floor":22,"key":"Energy Potion"},{"floor":29,"key":"SteroidPotion"},{"floor":33,"key":"EssenceOfSteel"}],"is_trial":false,"path_per_floor":["M","M","$","?","?","R","E","R","T","E","M","$","M","M","R","B",null,"M","M","?","M","M","R","E","?","T","E","R","M","T","$","R","B",null,"M","M","?","?","?","R","M","$","T","M","R","$","M","?","R","B"],"character_chosen":"IRONCLAD","items_purchased":["Evolve","Bag of Preparation","Art of War","Ancient Tea Set","Sundial","Disarm","GamblersBrew","Lantern","Feel No Pain+1","Shockwave"],"campfire_rested":1,"item_purchase_floors":[3,12,31,42,42,42,42,46,46,46],"current_hp_per_floor":[65,59,59,64,64,64,50,50,50,48,54,54,60,55,55,41,70,76,80,80,80,75,75,68,68,68,59,59,65,65,65,65,39,70,74,80,76,76,76,76,49,49,49,39,76,76,76,76,76,0],"gold":76,"neow_bonus":"ONE_RANDOM_RARE_CARD","is_prod":false,"is_daily":false,"chose_seed":false,"campfire_upgraded":8,"win_rate":0,"timestamp":1557159627,"path_taken":["M","M","$","?","?","R","E","R","T","E","M","$","M","?","R","BOSS","M","M","?","M","?","R","E","?","T","E","R","M","?","$","R","BOSS","M","M","?","?","?","R","M","$","T","M","R","$","M","?","R","BOSS"],"build_version":"2019-01-23","purchased_purges":3,"victory":false,"max_hp_per_floor":[75,75,75,80,80,80,80,80,80,80,80,80,80,80,80,80,80,80,80,80,80,80,80,80,80,80,80,80,80,80,80,80,80,80,80,80,76,76,76,76,76,76,76,76,76,76,76,76,76,76],"card_choices":[{"not_picked":["Rupture","Headbutt"],"picked":"Inflame","floor":1},{"not_picked":["Headbutt","Ghostly Armor"],"picked":"Wild Strike","floor":2},{"not_picked":["Pommel Strike","Ghostly Armor"],"picked":"Impervious","floor":7},{"not_picked":["Havoc","Body Slam"],"picked":"Reckless Charge","floor":10},{"not_picked":["Metallicize","Pommel Strike"],"picked":"Flame Barrier","floor":11},{"not_picked":["Sever Soul","Twin Strike"],"picked":"Iron Wave","floor":13},{"not_picked":["Flex","Searing Blow"],"picked":"Metallicize","floor":14},{"not_picked":["Exhume","Impervious"],"picked":"Immolate","floor":16},{"not_picked":["Perfected Strike","Hemokinesis","True Grit"],"picked":"SKIP","floor":18},{"not_picked":["Flex","Twin Strike","Clash"],"picked":"SKIP","floor":19},{"not_picked":["Iron Wave","Wild Strike+1"],"picked":"Uppercut","floor":21},{"not_picked":["Pommel Strike","Rupture","Wild Strike"],"picked":"SKIP","floor":22},{"not_picked":["Pommel Strike","Reckless Charge","Cleave"],"picked":"SKIP","floor":24},{"not_picked":["Fiend Fire","Pommel Strike"],"picked":"Impervious","floor":27},{"not_picked":["Wild Strike","Thunderclap"],"picked":"Ghostly Armor","floor":29},{"not_picked":["Bludgeon","Immolate"],"picked":"Dark Embrace","floor":33},{"not_picked":["Cleave","Clash","Thunderclap"],"picked":"SKIP","floor":35},{"not_picked":["Thunderclap","Warcry"],"picked":"Iron Wave+1","floor":36},{"not_picked":["Metallicize","Body Slam"],"picked":"Armaments+1","floor":41},{"not_picked":["Fire Breathing+1","Blood for Blood"],"picked":"Shrug It Off","floor":44},{"not_picked":["Wild Strike+1","Second Wind"],"picked":"Clothesline+1","floor":47}],"player_experience":3596781,"relics_obtained":[{"floor":7,"key":"Bottled Tornado"},{"floor":9,"key":"Pen Nib"},{"floor":10,"key":"Bag of Marbles"},{"floor":24,"key":"Happy Flower"},{"floor":26,"key":"Du-Vu Doll"},{"floor":27,"key":"Regal Pillow"},{"floor":30,"key":"Orichalcum"},{"floor":43,"key":"Frozen Egg 2"}],"event_choices":[{"damage_healed":0,"gold_gain":0,"player_choice":"Donut","damage_taken":0,"max_hp_gain":5,"max_hp_loss":0,"event_name":"Big Fish","floor":4,"gold_loss":0},{"cards_removed":["Strike_R"],"damage_healed":0,"gold_gain":0,"player_choice":"Purged","damage_taken":0,"max_hp_gain":0,"max_hp_loss":0,"event_name":"Purifier","floor":5,"gold_loss":0},{"cards_removed":["Strike_R"],"damage_healed":0,"gold_gain":0,"player_choice":"Purged","damage_taken":0,"max_hp_gain":0,"max_hp_loss":0,"event_name":"Purifier","floor":20,"gold_loss":0},{"damage_healed":0,"gold_gain":0,"player_choice":"Ignored","damage_taken":0,"max_hp_gain":0,"max_hp_loss":0,"event_name":"Ghosts","floor":25,"gold_loss":0},{"damage_healed":0,"gold_gain":0,"player_choice":"Max HP","damage_taken":0,"max_hp_gain":0,"max_hp_loss":4,"event_name":"Winding Halls","floor":37,"gold_loss":0},{"cards_removed":["Iron Wave"],"damage_healed":0,"gold_gain":0,"player_choice":"Removed Attack","damage_taken":0,"max_hp_gain":0,"max_hp_loss":0,"event_name":"Falling","floor":38,"gold_loss":0},{"damage_healed":0,"gold_gain":999,"player_choice":"Gold","damage_taken":0,"max_hp_gain":0,"max_hp_loss":0,"event_name":"MindBloom","floor":39,"gold_loss":0,"cards_obtained":["Normality","Normality"]},{"damage_healed":0,"gold_gain":0,"player_choice":"Copied","damage_taken":0,"max_hp_gain":0,"max_hp_loss":0,"event_name":"Duplicator","floor":48,"gold_loss":0,"cards_obtained":["Flame Barrier"]}],"is_beta":false,"boss_relics":[{"not_picked":["Pandora\u0027s Box","Coffee Dripper"],"picked":"Snecko Eye"},{"not_picked":["Runic Cube","Eternal Feather"],"picked":"Astrolabe"}],"items_purged_floors":[31,42,46],"is_endless":false,"potions_floor_spawned":[1,11,13,14,16,18,22,29,33,35,36,44],"killed_by":"Awakened One","ascension_level":20}