{"gold_per_floor":[209,227,31,61,95,95,25,85,85,142,142,142,152,205,205,205],"floor_reached":16,"playtime":716,"items_purged":[],"score":196,"play_id":"1d0c149e-0703-4c8d-85f7-08ee7ecf955c","local_time":"20190721143124","is_ascension_mode":true,"campfire_choices":[{"data":"HandOfGreed","floor":6,"key":"SMITH"},{"data":"Corruption","floor":12,"key":"SMITH"},{"data":"Iron Wave","floor":15,"key":"SMITH"}],"neow_cost":"NONE","seed_source_timestamp":315528973172914,"circlet_count":0,"master_deck":["AscendersBane","Strike_R","Strike_R","Strike_R","Strike_R","Strike_R","Defend_R","Defend_R","Defend_R","Defend_R","Bash","Iron Wave+1","Infernal Blade","HandOfGreed+1","Flex","Infernal Blade","Corruption+1","Iron Wave","Metallicize"],"relics":["Burning Blood","Meat on the Bone","Gambling Chip","Gremlin Horn"],"potions_floor_usage":[10,16],"damage_taken":[{"damage":9,"enemies":"Small Slimes","floor":1,"turns":4},{"damage":11,"enemies":"Jaw Worm","floor":2,"turns":5},{"damage":0,"enemies":"2 Louse","floor":4,"turns":2},{"damage":12,"enemies":"2 Fungi Beasts","floor":5,"turns":4},{"damage":11,"enemies":"3 Louse","floor":8,"turns":6},{"damage":42,"enemies":"Lagavulin","floor":10,"turns":8},{"damage":3,"enemies":"Blue Slaver","floor":13,"turns":2},{"damage":29,"enemies":"3 Sentries","floor":14,"turns":8},{"damage":42,"enemies":"Hexaghost","floor":16,"turns":12}],"seed_played":"7745179950256325023","potions_obtained":[{"floor":2,"key":"GamblersBrew"},{"floor":8,"key":"Dexterity Potion"},{"floor":10,"key":"Block Potion"}],"is_trial":false,"path_per_floor":["M","M","$","M","M","R","$","M","T","E","?","R","M","E","R","B"],"character_chosen":"IRONCLAD","items_purchased":["HandOfGreed","Corruption"],"campfire_rested":0,"item_purchase_floors":[3,7],"current_hp_per_floor":[65,60,60,66,60,60,60,55,55,31,36,36,51,40,40,0],"gold":205,"neow_bonus":"HUNDRED_GOLD","is_prod":false,"is_daily":false,"chose_seed":false,"campfire_upgraded":3,"win_rate":0,"timestamp":1563690684,"path_taken":["M","M","$","M","M","R","$","M","T","E","?","R","M","E","R","BOSS"],"build_version":"2019-07-17","purchased_purges":0,"victory":false,"max_hp_per_floor":[75,75,75,75,75,75,75,75,75,75,80,80,80,80,80,80],"card_choices":[{"not_picked":["Headbutt","Wild Strike"],"picked":"Iron Wave","floor":1},{"not_picked":["Shrug It Off","Twin Strike"],"picked":"Infernal Blade","floor":2},{"not_picked":["Sword Boomerang","Fire Breathing"],"picked":"Flex","floor":4},{"not_picked":["Sword Boomerang","Brutality"],"picked":"Infernal Blade","floor":5},{"not_picked":["Dual Wield","Sword Boomerang"],"picked":"Iron Wave","floor":8},{"not_picked":["Sword Boomerang","Havoc","Heavy Blade"],"picked":"SKIP","floor":10},{"not_picked":["Anger","True Grit"],"picked":"Metallicize","floor":13},{"not_picked":["Havoc","Rage","True Grit"],"picked":"SKIP","floor":14}],"player_experience":868289,"relics_obtained":[{"floor":9,"key":"Meat on the Bone"},{"floor":10,"key":"Gambling Chip"},{"floor":14,"key":"Gremlin Horn"}],"event_choices":[{"damage_healed":0,"gold_gain":0,"player_choice":"Donut","damage_taken":0,"max_hp_gain":5,"max_hp_loss":0,"event_name":"Big Fish","floor":11,"gold_loss":0}],"is_beta":false,"boss_relics":[],"items_purged_floors":[],"is_endless":false,"potions_floor_spawned":[2,8,10,13],"killed_by":"Hexaghost","ascension_level":15}