{"gold_per_floor":[19,119,138,151,101,101,101,121,121,138,151,151,178,191,191,296,296,306,146,130,130,52,52,70,84,84,84,84],"floor_reached":28,"playtime":1533,"items_purged":["Strike_B"],"score":247,"play_id":"b55df8f9-ee4f-4aec-b7c9-5031a6074967","local_time":"20190419135111","is_ascension_mode":false,"campfire_choices":[{"data":"Defragment","floor":6,"key":"SMITH"},{"data":"Creative AI","floor":12,"key":"SMITH"},{"data":"Coolheaded","floor":15,"key":"SMITH"},{"floor":23,"key":"REST"},{"floor":27,"key":"REST"}],"neow_cost":"NO_GOLD","seed_source_timestamp":843574656660866,"circlet_count":0,"master_deck":["Strike_B","Strike_B","Defend_B","Defend_B","Defend_B","Defend_B","Zap","Dualcast","Creative AI+1","Conserve Battery","Genetic Algorithm","Defragment+1","Chaos","Steam Power","Reinforced Body","Coolheaded+1","Rainbow","Consume","Capacitor","Coolheaded","Genetic Algorithm+1","Defragment","Consume","BootSequence"],"relics":["Cracked Core","Pear","Molten Egg 2","Nuclear Battery","Matryoshka"],"potions_floor_usage":[13,16,18],"damage_taken":[{"damage":1,"enemies":"Cultist","floor":1,"turns":4},{"damage":11,"enemies":"Jaw Worm","floor":3,"turns":4},{"damage":0,"enemies":"2 Louse","floor":4,"turns":2},{"damage":1,"enemies":"Blue Slaver","floor":8,"turns":5},{"damage":7,"enemies":"3 Louse","floor":10,"turns":4},{"damage":3,"enemies":"Looter","floor":11,"turns":4},{"damage":35,"enemies":"3 Sentries","floor":13,"turns":8},{"damage":1,"enemies":"Exordium Wildlife","floor":14,"turns":4},{"damage":15,"enemies":"The Guardian","floor":16,"turns":13},{"damage":0,"enemies":"Chosen","floor":18,"turns":6},{"damage":10,"enemies":"2 Thieves","floor":20,"turns":4},{"damage":29,"enemies":"Cultist and Chosen","floor":24,"turns":11},{"damage":38,"enemies":"Centurion and Healer","floor":25,"turns":8},{"damage":52,"enemies":"Gremlin Leader","floor":28,"turns":4}],"seed_played":"1267147127154345236","potions_obtained":[{"floor":4,"key":"Poison Potion"},{"floor":11,"key":"SkillPotion"},{"floor":16,"key":"GamblersBrew"},{"floor":24,"key":"SneckoOil"}],"is_trial":false,"path_per_floor":["M","?","M","M","?","R","?","M","T","M","M","R","E","M","R","B",null,"M","$","M","?","$","R","M","M","T","R","E"],"character_chosen":"DEFECT","items_purchased":["Capacitor","Coolheaded","Defragment"],"campfire_rested":2,"item_purchase_floors":[19,19,22],"current_hp_per_floor":[74,74,63,63,63,63,68,67,77,70,67,67,32,31,31,16,90,90,90,80,62,62,90,61,23,23,51,0],"gold":84,"neow_bonus":"THREE_RARE_CARDS","is_prod":false,"is_daily":false,"chose_seed":false,"campfire_upgraded":3,"win_rate":0,"timestamp":1555696271,"path_taken":["M","?","?","M","?","R","?","M","T","M","M","R","E","M","R","BOSS","M","$","M","?","$","R","M","M","T","R","E"],"build_version":"2019-01-23","purchased_purges":1,"victory":false,"max_hp_per_floor":[75,75,75,75,75,75,80,80,90,90,90,90,90,90,90,90,90,90,90,90,95,95,95,95,95,95,95,95],"card_choices":[{"not_picked":["Machine Learning","All For One"],"picked":"Creative AI","floor":0},{"not_picked":["Streamline","Gash"],"picked":"Conserve Battery","floor":1},{"not_picked":["Loop","Steam"],"picked":"Genetic Algorithm","floor":3},{"not_picked":["Redo","BootSequence"],"picked":"Defragment","floor":4},{"not_picked":["Streamline","Storm","Beam Cell"],"picked":"SKIP","floor":8},{"not_picked":["Go for the Eyes","Stack"],"picked":"Chaos","floor":10},{"not_picked":["Compile Driver","Rebound"],"picked":"Steam Power","floor":11},{"not_picked":["Thunder Strike","Aggregate"],"picked":"Reinforced Body","floor":13},{"not_picked":["Compile Driver+1","Ball Lightning+1"],"picked":"Coolheaded","floor":14},{"not_picked":["Reboot","Fission"],"picked":"Rainbow","floor":16},{"not_picked":["Sweeping Beam+1","Hologram"],"picked":"Consume","floor":18},{"not_picked":["Rip and Tear+1","Aggregate"],"picked":"Genetic Algorithm+1","floor":20},{"not_picked":["Force Field","Static Discharge"],"picked":"Consume","floor":24},{"not_picked":["Gash+1","Darkness+1"],"picked":"BootSequence","floor":25}],"player_experience":3424699,"relics_obtained":[{"floor":9,"key":"Pear"},{"floor":13,"key":"Molten Egg 2"},{"floor":26,"key":"Matryoshka"}],"event_choices":[{"damage_healed":0,"gold_gain":100,"player_choice":"Pray","damage_taken":0,"max_hp_gain":0,"max_hp_loss":0,"event_name":"Golden Shrine","floor":2,"gold_loss":0},{"cards_removed":["Strike_B"],"damage_healed":0,"gold_gain":0,"player_choice":"Card Removal","damage_taken":0,"max_hp_gain":0,"max_hp_loss":0,"event_name":"The Cleric","floor":5,"gold_loss":50},{"damage_healed":0,"gold_gain":0,"player_choice":"Donut","damage_taken":0,"max_hp_gain":5,"max_hp_loss":0,"event_name":"Big Fish","floor":7,"gold_loss":0},{"damage_healed":0,"gold_gain":0,"player_choice":"Shed Blood","damage_taken":23,"max_hp_gain":5,"max_hp_loss":0,"event_name":"Forgotten Altar","floor":21,"gold_loss":0}],"is_beta":false,"boss_relics":[{"not_picked":["Orrery","White Beast Statue"],"picked":"Nuclear Battery"}],"items_purged_floors":[19],"is_endless":false,"potions_floor_spawned":[4,11,16,24],"killed_by":"Gremlin Leader","ascension_level":0}