{"gold_per_floor":[115,115,133,25,25,25,54,65,65,65,65,85,85,110,110,189,189,199,218,218,133,150,178,178,208,231,431,431,445,445,7,7,84,84,99,99,199,215,215,215,242,260,260,279,299,123,170,188,188,188,188],"floor_reached":52,"playtime":3411,"items_purged":["Strike_R+1"],"score":1781,"play_id":"2c6e3b50-6f58-42c3-91ef-4aabddf56763","local_time":"20190718160247","is_ascension_mode":true,"campfire_choices":[{"data":"Whirlwind","floor":6.0,"key":"SMITH"},{"floor":10.0,"key":"REST"},{"data":"Body Slam","floor":13.0,"key":"SMITH"},{"data":"Spot Weakness","floor":15.0,"key":"SMITH"},{"data":"Iron Wave","floor":24.0,"key":"SMITH"},{"data":"Spot Weakness","floor":28.0,"key":"SMITH"},{"data":"Thunderclap","floor":30.0,"key":"SMITH"},{"data":"Good Instincts","floor":32.0,"key":"SMITH"},{"data":"Shockwave","floor":40.0,"key":"SMITH"},{"floor":49,"key":"DIG"}],"neow_cost":"NONE","seed_source_timestamp":2074152170884531,"circlet_count":0,"master_deck":["AscendersBane","Strike_R+1","Strike_R+1","Defend_R+1","Defend_R+1","Defend_R+1","Defend_R+1","Bash","Body Slam+1","Whirlwind+1","Swift Strike+1","Thunderclap+1","Spot Weakness+1","Reaper+1","Iron Wave+1","Spot Weakness+1","Reaper","Good Instincts+1","Impervious","Shockwave+1","Armaments","Shrug It Off","Blind","Shrug It Off","Armaments","Impervious"],"special_seed":0,"relics":["Runic Pyramid","NlothsMask","Matryoshka","Mummified Hand","Regal Pillow","Cursed Key","Omamori","Vajra","Strawberry","Oddly Smooth Stone","Dream Catcher","DollysMirror","Empty Cage","Gambling Chip","Orichalcum","Gremlin Horn","Shovel","Whetstone"],"potions_floor_usage":[51,51],"damage_taken":[{"damage":2.0,"enemies":"Cultist","floor":1.0,"turns":4.0},{"damage":7.0,"enemies":"Jaw Worm","floor":3.0,"turns":3.0},{"damage":35.0,"enemies":"Lagavulin","floor":7.0,"turns":7.0},{"damage":15.0,"enemies":"Small Slimes","floor":8.0,"turns":4.0},{"damage":12.0,"enemies":"Exordium Thugs","floor":12.0,"turns":4.0},{"damage":8.0,"enemies":"Gremlin Nob","floor":14.0,"turns":3.0},{"damage":26.0,"enemies":"The Guardian","floor":16.0,"turns":7.0},{"damage":3.0,"enemies":"3 Byrds","floor":18.0,"turns":3.0},{"damage":18.0,"enemies":"Spheric Guardian","floor":19.0,"turns":4.0},{"damage":12.0,"enemies":"Chosen and Byrds","floor":22.0,"turns":5.0},{"damage":30.0,"enemies":"Book of Stabbing","floor":23.0,"turns":4.0},{"damage":34.0,"enemies":"Gremlin Leader","floor":25.0,"turns":6.0},{"damage":22.0,"enemies":"Centurion and Healer","floor":29.0,"turns":5.0},{"damage":52.0,"enemies":"Collector","floor":33.0,"turns":8.0},{"damage":0.0,"enemies":"3 Darklings","floor":35.0,"turns":3.0},{"damage":0.0,"enemies":"Mind Bloom Boss Battle","floor":37.0,"turns":5.0},{"damage":4.0,"enemies":"Orb Walker","floor":38.0,"turns":4.0},{"damage":43.0,"enemies":"Giant Head","floor":41.0,"turns":8.0},{"damage":23,"enemies":"Transient","floor":42,"turns":6},{"damage":8,"enemies":"Writhing Mass","floor":44,"turns":6},{"damage":4,"enemies":"4 Shapes","floor":45,"turns":2},{"damage":34,"enemies":"2 Orb Walkers","floor":47,"turns":4},{"damage":25,"enemies":"3 Darklings","floor":48,"turns":4},{"damage":78,"enemies":"Donu and Deca","floor":50,"turns":9},{"damage":21,"enemies":"Awakened One","floor":51,"turns":17}],"seed_played":"-6729702545364458543","potions_obtained":[{"floor":3.0,"key":"Ancient Potion"},{"floor":14.0,"key":"LiquidBronze"},{"floor":22.0,"key":"Regen Potion"},{"floor":25.0,"key":"Regen Potion"},{"floor":35.0,"key":"Weak Potion"},{"floor":39.0,"key":"SpeedPotion"},{"floor":41,"key":"SteroidPotion"},{"floor":42,"key":"Ancient Potion"}],"is_trial":false,"path_per_floor":["M","?","M","$","?","R","E","M","T","R","?","M","R","E","R","B",null,"M","M","?","?","M","E","R","E","T","?","R","M","R","$","R","B",null,"M","?","?","M","?","R","E","M","T","M","M","$","?","M","R","B","B",null],"character_chosen":"IRONCLAD","items_purchased":["Swift Strike","DollysMirror","Good Instincts","Energy Potion","Blind","Shrug It Off","Armaments"],"campfire_rested":1,"item_purchase_floors":[4,31,31,31,46,46,46],"current_hp_per_floor":[66,66,59,59,59,59,24,9,9,31,75,63,63,55,55,29,64,75,57,57,57,55,37,37,35,35,35,35,50,50,50,50,24,68,68,68,68,70,70,70,82,82,82,82,78,78,82,82,82,79,82],"gold":188,"neow_bonus":"BOSS_RELIC","is_prod":false,"is_daily":false,"chose_seed":false,"campfire_upgraded":8,"win_rate":0,"timestamp":1563462167,"path_taken":["M","?","?","$","?","R","E","M","T","R","?","M","R","E","R","BOSS","M","M","?","?","M","E","R","E","T","?","R","?","R","$","R","BOSS","M","?","?","M","?","R","E","?","T","M","M","?","?","M","R","BOSS","BOSS"],"build_version":"2019-07-17","purchased_purges":1,"victory":true,"max_hp_per_floor":[75,75,75,75,75,75,75,75,75,75,75,75,75,75,75,75,75,75,75,75,75,75,75,75,82,82,82,82,82,82,82,82,82,82,82,82,82,82,82,82,82,82,82,82,82,82,82,82,82,82,82],"card_choices":[{"not_picked":["Perfected Strike","Sever Soul"],"picked":"Body Slam","floor":1.0},{"not_picked":["Ghostly Armor","Twin Strike"],"picked":"Whirlwind","floor":3.0},{"not_picked":["Body Slam","Havoc"],"picked":"Thunderclap","floor":7.0},{"not_picked":["Armaments","Thunderclap"],"picked":"Sentinel","floor":8.0},{"not_picked":["Combust","Pommel Strike","Twin Strike"],"picked":"SKIP","floor":12.0},{"not_picked":["Shrug It Off","Iron Wave"],"picked":"Spot Weakness","floor":14.0},{"not_picked":["Double Tap","Berserk"],"picked":"Reaper","floor":16.0},{"not_picked":["Headbutt+1","Sword Boomerang","Anger"],"picked":"SKIP","floor":18.0},{"not_picked":["Blood for Blood","Power Through+1","Clash"],"picked":"SKIP","floor":19.0},{"not_picked":["Havoc","Pummel","Pommel Strike"],"picked":"SKIP","floor":22.0},{"not_picked":["Evolve","Anger"],"picked":"Iron Wave","floor":23.0},{"not_picked":["Warcry","Reaper"],"picked":"Spot Weakness","floor":25.0},{"not_picked":["Cleave","Power Through","Sword Boomerang"],"picked":"SKIP","floor":29.0},{"not_picked":["Fiend Fire","Feed"],"picked":"Impervious","floor":33.0},{"not_picked":["Anger","Battle Trance+1"],"picked":"Shockwave","floor":35.0},{"not_picked":["Reckless Charge","Rampage","Clash"],"picked":"SKIP","floor":38.0},{"not_picked":["Heavy Blade","Rupture+1","Reckless Charge+1"],"picked":"SKIP","floor":42},{"not_picked":["Brutality","Wild Strike"],"picked":"Armaments","floor":44},{"not_picked":["Rampage+1","Havoc"],"picked":"Shrug It Off","floor":45},{"not_picked":["Shockwave+1","Body Slam"],"picked":"Impervious","floor":48}],"player_experience":884626,"relics_obtained":[{"floor":7.0,"key":"Matryoshka"},{"floor":9.0,"key":"Mummified Hand"},{"floor":14.0,"key":"Regal Pillow"},{"floor":23.0,"key":"Vajra"},{"floor":25.0,"key":"Strawberry"},{"floor":26.0,"key":"Oddly Smooth Stone"},{"floor":26.0,"key":"Dream Catcher"},{"floor":37.0,"key":"Gambling Chip"},{"floor":41,"key":"Orichalcum"},{"floor":43,"key":"Gremlin Horn"},{"floor":47,"key":"Shovel"},{"floor":49,"key":"Whetstone"}],"event_choices":[{"damage_healed":0.0,"max_hp_gain":0.0,"max_hp_loss":0.0,"gold_gain":0.0,"event_name":"FaceTrader","player_choice":"Trade","floor":2.0,"gold_loss":0.0,"damage_taken":0.0,"relics_obtained":["NlothsMask"]},{"damage_healed":0.0,"max_hp_gain":0.0,"max_hp_loss":0.0,"gold_gain":0.0,"event_name":"Liars Game","player_choice":"Ignored","floor":5.0,"gold_loss":0.0,"damage_taken":0.0},{"cards_removed":["Sentinel"],"damage_healed":44.0,"max_hp_gain":0.0,"max_hp_loss":0.0,"gold_gain":0.0,"event_name":"Bonfire Elementals","player_choice":"Offered Uncommon","floor":11.0,"gold_loss":0.0,"damage_taken":0.0},{"damage_healed":0.0,"max_hp_gain":0.0,"max_hp_loss":0.0,"gold_gain":0.0,"event_name":"Back to Basics","player_choice":"Simplicity","floor":20.0,"gold_loss":0.0,"damage_taken":0.0,"cards_upgraded":["Strike_R","Strike_R","Strike_R","Strike_R","Strike_R","Defend_R","Defend_R","Defend_R","Defend_R"]},{"damage_healed":0.0,"max_hp_gain":0.0,"max_hp_loss":0.0,"gold_gain":0.0,"event_name":"Addict","player_choice":"Obtained Relic","floor":21.0,"gold_loss":85.0,"damage_taken":0.0,"relics_obtained":["Omamori"]},{"damage_healed":0.0,"max_hp_gain":0.0,"max_hp_loss":0.0,"gold_gain":250.0,"event_name":"The Joust","player_choice":"Bet on Owner","floor":27.0,"gold_loss":50.0,"damage_taken":0.0},{"damage_healed":0.0,"max_hp_gain":0.0,"max_hp_loss":0.0,"gold_gain":0.0,"event_name":"SensoryStone","player_choice":"Memory 1","floor":36.0,"gold_loss":0.0,"damage_taken":0.0},{"damage_healed":0.0,"max_hp_gain":0.0,"max_hp_loss":0.0,"gold_gain":0.0,"event_name":"MindBloom","player_choice":"Fight","floor":37.0,"gold_loss":0.0,"damage_taken":0.0},{"damage_healed":0.0,"max_hp_gain":0.0,"max_hp_loss":0.0,"gold_gain":0.0,"event_name":"Lab","player_choice":"Got Potions","floor":39.0,"gold_loss":0.0,"damage_taken":0.0},{"damage_healed":0,"gold_gain":0,"player_choice":"Fight","damage_taken":0,"max_hp_gain":0,"max_hp_loss":0,"event_name":"Mysterious Sphere","floor":47,"gold_loss":0}],"is_beta":false,"boss_relics":[{"not_picked":["Lizard Tail","Tiny House"],"picked":"Cursed Key"},{"not_picked":["Black Star","Pandora\u0027s Box"],"picked":"Empty Cage"}],"items_purged_floors":[31],"is_endless":false,"potions_floor_spawned":[3,14,22,25,35,41,42,48],"ascension_level":20}