{"gold_per_floor":[219,219,72,89,100,100,275,275,305,139,139,139,149,161,161,257,257,270,78,92,18,18,18,34,34,34,62,89,101,129,157,169,280,292,314,134,234,234,88,88],"floor_reached":40,"playtime":2514,"items_purged":["Doubt","Skim"],"score":401,"play_id":"ffd9878e-db26-42f3-a246-5939a9292cc4","local_time":"20190419143317","is_ascension_mode":false,"campfire_choices":[{"data":"Zap","floor":6,"key":"SMITH"},{"data":"Reprogram","floor":8,"key":"SMITH"},{"data":"Rip and Tear","floor":11,"key":"SMITH"},{"data":"Conserve Battery","floor":15,"key":"SMITH"},{"data":"Amplify","floor":23,"key":"SMITH"},{"data":"Coolheaded","floor":25,"key":"SMITH"},{"floor":32,"key":"REST"}],"neow_cost":"NONE","seed_source_timestamp":845119248661116,"circlet_count":0,"master_deck":["Zap+1","Dualcast","Steam","Reprogram+1","Conserve Battery+1","Turbo","Amplify+1","Loop+1","Skim+1","Sunder+1","Coolheaded+1","Loop","Force Field+1","Chill","PiercingWail","Darkness+1","Cold Snap+1","Machine Learning","Amplify","Sunder","Undo","Capacitor","Steam+1","Coolheaded"],"relics":["Cracked Core","Lantern","Tiny Chest","Astrolabe","MawBank","Letter Opener","Pandora\u0027s Box","Runic Capacitor","Gambling Chip","Pocketwatch","Potion Belt"],"potions_floor_usage":[16,16,33,35,40],"damage_taken":[{"damage":1,"enemies":"2 Louse","floor":1,"turns":3},{"damage":0,"enemies":"Cultist","floor":4,"turns":3},{"damage":1,"enemies":"Jaw Worm","floor":5,"turns":2},{"damage":0,"enemies":"3 Louse","floor":13,"turns":2},{"damage":5,"enemies":"Exordium Thugs","floor":14,"turns":4},{"damage":59,"enemies":"Hexaghost","floor":16,"turns":12},{"damage":0,"enemies":"Chosen","floor":18,"turns":3},{"damage":15,"enemies":"Spheric Guardian","floor":20,"turns":4},{"damage":10,"enemies":"Centurion and Healer","floor":24,"turns":11},{"damage":10,"enemies":"Sentry and Sphere","floor":27,"turns":8},{"damage":0,"enemies":"Cultist and Chosen","floor":28,"turns":5},{"damage":1,"enemies":"Centurion and Healer","floor":30,"turns":5},{"damage":8,"enemies":"Shelled Parasite and Fungi","floor":31,"turns":6},{"damage":13,"enemies":"Collector","floor":33,"turns":7},{"damage":0,"enemies":"Orb Walker","floor":35,"turns":3},{"damage":17,"enemies":"Mind Bloom Boss Battle","floor":37,"turns":9},{"damage":72,"enemies":"Giant Head","floor":40,"turns":11}],"seed_played":"1612842069060481173","potions_obtained":[{"floor":12,"key":"Energy Potion"},{"floor":12,"key":"Dexterity Potion"},{"floor":12,"key":"SteroidPotion"},{"floor":16,"key":"PowerPotion"},{"floor":20,"key":"Block Potion"},{"floor":24,"key":"LiquidBronze"},{"floor":37,"key":"Block Potion"}],"is_trial":false,"path_per_floor":["M","?","$","M","M","R","?","R","T","$","R","?","M","M","R","B",null,"M","$","M","$","?","R","M","R","T","M","M","T","M","M","R","B",null,"M","$","?","T","$","E"],"character_chosen":"DEFECT","items_purchased":["Lantern","Rip and Tear","Turbo","Coolheaded","Loop","Chill","Runic Capacitor","Potion Belt"],"campfire_rested":1,"item_purchase_floors":[3,10,10,19,19,21,36,39],"current_hp_per_floor":[74,74,74,74,73,73,73,73,73,73,73,73,73,68,68,9,75,75,75,60,60,60,60,50,50,50,40,40,40,39,31,53,40,75,75,75,58,58,58,0],"gold":88,"neow_bonus":"HUNDRED_GOLD","is_prod":false,"is_daily":false,"chose_seed":false,"campfire_upgraded":6,"win_rate":0,"timestamp":1555698797,"path_taken":["M","?","$","?","M","R","?","R","T","?","R","?","?","M","R","BOSS","M","?","?","$","?","R","M","R","T","?","M","?","M","M","R","BOSS","M","$","?","?","$","E"],"build_version":"2019-01-23","purchased_purges":2,"victory":false,"max_hp_per_floor":[75,75,75,75,75,75,75,75,75,75,75,75,75,75,75,75,75,75,75,75,75,75,75,75,75,75,75,75,75,75,75,75,75,75,75,75,75,75,75,75],"card_choices":[{"not_picked":["Rebound","Turbo"],"picked":"Steam","floor":1},{"not_picked":["Gash","Stack"],"picked":"Reprogram","floor":4},{"not_picked":["Darkness","Rebound"],"picked":"Conserve Battery","floor":5},{"not_picked":["Ball Lightning","Gash"],"picked":"Skim","floor":13},{"not_picked":["Steam","Beam Cell","Gash"],"picked":"SKIP","floor":14},{"not_picked":["Machine Learning","Reboot"],"picked":"Amplify","floor":16},{"not_picked":["Redo","Sunder+1","Turbo"],"picked":"SKIP","floor":18},{"not_picked":["Lockon","Sweeping Beam"],"picked":"Force Field+1","floor":20},{"not_picked":["Ball Lightning","Skim"],"picked":"Darkness+1","floor":24},{"not_picked":["Redo","Conserve Battery","Scrape"],"picked":"SKIP","floor":27},{"not_picked":["Fusion","Blizzard","Recycle"],"picked":"SKIP","floor":28},{"not_picked":["Ball Lightning","Conserve Battery","Cold Snap"],"picked":"SKIP","floor":30},{"not_picked":["Go for the Eyes","Conserve Battery"],"picked":"Cold Snap+1","floor":31},{"not_picked":["Hyperbeam","Amplify"],"picked":"Machine Learning","floor":33},{"not_picked":["Stack+1","Beam Cell"],"picked":"Steam+1","floor":35},{"not_picked":["Leap","Doom and Gloom+1"],"picked":"Coolheaded","floor":37}],"player_experience":3426232,"relics_obtained":[{"floor":9,"key":"Tiny Chest"},{"floor":26,"key":"MawBank"},{"floor":29,"key":"Letter Opener"},{"floor":37,"key":"Gambling Chip"},{"floor":38,"key":"Pocketwatch"}],"event_choices":[{"cards_removed":["Strike_B"],"damage_healed":0,"gold_gain":0,"player_choice":"Offered Basic","damage_taken":0,"max_hp_gain":0,"max_hp_loss":0,"event_name":"Bonfire Elementals","floor":2,"gold_loss":0},{"damage_healed":0,"gold_gain":175,"player_choice":"AGREE","damage_taken":0,"max_hp_gain":0,"max_hp_loss":0,"event_name":"Liars Game","floor":7,"gold_loss":0,"cards_obtained":["Doubt"]},{"damage_healed":0,"gold_gain":0,"player_choice":"Got Potions","damage_taken":0,"max_hp_gain":0,"max_hp_loss":0,"event_name":"Lab","floor":12,"gold_loss":0},{"cards_removed":["Rip and Tear"],"damage_healed":0,"gold_gain":0,"player_choice":"Took Card","damage_taken":0,"max_hp_gain":0,"max_hp_loss":0,"event_name":"NoteForYourself","floor":22,"gold_loss":0,"cards_obtained":["PiercingWail"]},{"damage_healed":0,"gold_gain":0,"player_choice":"Fight","damage_taken":0,"max_hp_gain":0,"max_hp_loss":0,"event_name":"MindBloom","floor":37,"gold_loss":0}],"is_beta":false,"boss_relics":[{"not_picked":["Runic Dome","Cursed Key"],"picked":"Astrolabe"},{"not_picked":["Lizard Tail","Black Star"],"picked":"Pandora\u0027s Box"}],"items_purged_floors":[10,19],"is_endless":false,"potions_floor_spawned":[14,16,20,24,31,37],"killed_by":"Giant Head","ascension_level":0}