{"gold_per_floor":[109,123,135,85,85,119,137,137,137,170,247,22,57,57,57,161,161,178,178,178,190,237,237,264,264,313,313,331,331,331,344,344,449,449,459,477,22,22,22,22,34,34,59,74,90,90,100,100],"floor_reached":48,"playtime":5364,"items_purged":[],"score":760,"play_id":"ab0aaaa3-0446-4c54-b3ef-06f2c6f55d11","local_time":"20181205200145","is_ascension_mode":true,"campfire_choices":[{"floor":8,"key":"REST"},{"data":"Defragment","floor":15,"key":"SMITH"},{"floor":23,"key":"REST"},{"floor":25,"key":"DIG"},{"floor":27,"key":"DIG"},{"floor":30,"key":"REST"},{"floor":32,"key":"DIG"},{"floor":40,"key":"DIG"},{"floor":42,"key":"DIG"},{"floor":46,"key":"REST"}],"neow_cost":"NONE","seed_source_timestamp":1887458455362737,"circlet_count":0,"master_deck":["Defend_B+1","Defend_B+1","Defend_B+1","Defend_B+1","Zap+1","Dualcast","All For One","Conserve Battery","Loop","Hello World","Reinforced Body","Rebound+1","Defragment+1","Rebound+1","Capacitor","Electrodynamics","Cold Snap+1","Hologram","Double Energy","Force Field","Leap+1","Defragment","Mind Blast+1"],"relics":["Cracked Core","Letter Opener","Mercury Hourglass","Molten Egg 2","DataDisk","Dream Catcher","Busted Crown","Regal Pillow","Shovel","Nunchaku","Omamori","Happy Flower","Singing Bowl","Sozu","StoneCalendar","Kunai","Potion Belt","Anchor"],"potions_floor_usage":[13,16,16,24,29,41],"damage_taken":[{"damage":1,"enemies":"Jaw Worm","floor":1,"turns":4},{"damage":0,"enemies":"Cultist","floor":2,"turns":4},{"damage":0,"enemies":"2 Louse","floor":3,"turns":2},{"damage":26,"enemies":"3 Sentries","floor":6,"turns":7},{"damage":8,"enemies":"Large Slime","floor":7,"turns":3},{"damage":7,"enemies":"Lagavulin","floor":10,"turns":7},{"damage":8,"enemies":"Gremlin Nob","floor":13,"turns":3},{"damage":0,"enemies":"Slime Boss","floor":16,"turns":6},{"damage":12,"enemies":"Chosen","floor":18,"turns":4},{"damage":6,"enemies":"2 Thieves","floor":21,"turns":2},{"damage":0,"enemies":"Gremlin Leader","floor":24,"turns":7},{"damage":18,"enemies":"Snecko","floor":28,"turns":4},{"damage":19,"enemies":"Colosseum Slavers","floor":29,"turns":3},{"damage":12,"enemies":"Shelled Parasite and Fungi","floor":31,"turns":5},{"damage":33,"enemies":"Collector","floor":33,"turns":9},{"damage":6,"enemies":"Orb Walker","floor":35,"turns":4},{"damage":0,"enemies":"3 Shapes","floor":36,"turns":2},{"damage":4,"enemies":"Transient","floor":41,"turns":5},{"damage":23,"enemies":"Writhing Mass","floor":44,"turns":7},{"damage":9,"enemies":"Jaw Worm Horde","floor":45,"turns":3},{"damage":26,"enemies":"3 Darklings","floor":47,"turns":4},{"damage":51,"enemies":"Writhing Mass","floor":48,"turns":2}],"seed_played":"-2629455661396679657","potions_obtained":[{"floor":2,"key":"Block Potion"},{"floor":6,"key":"GamblersBrew"},{"floor":10,"key":"LiquidBronze"},{"floor":13,"key":"Poison Potion"},{"floor":21,"key":"SkillPotion"},{"floor":33,"key":"Block Potion"}],"is_trial":false,"path_per_floor":["M","M","M","?","?","E","M","R","T","E","?","$","E","?","R","B",null,"M","?","?","M","T","R","E","R","T","R","M","?","R","M","R","B",null,"M","M","$","?","T","R","M","R","T","M","M","R","M","M"],"character_chosen":"DEFECT","items_purchased":["DataDisk","Defragment","StoneCalendar","Defragment","Mind Blast+1"],"campfire_rested":4,"item_purchase_floors":[12,12,37,37,37],"current_hp_per_floor":[67,67,67,67,67,41,33,55,55,48,48,48,40,40,40,40,66,54,54,54,48,48,75,75,75,75,75,57,38,75,63,63,32,66,60,62,62,62,62,62,60,60,60,39,32,73,49,0],"gold":100,"neow_bonus":"ONE_RANDOM_RARE_CARD","is_prod":false,"is_daily":false,"chose_seed":false,"campfire_upgraded":1,"win_rate":0,"timestamp":1544058105,"path_taken":["M","M","M","?","?","E","?","R","T","E","?","$","E","?","R","BOSS","M","?","?","M","?","R","E","R","T","R","M","?","R","M","R","BOSS","M","M","$","?","?","R","?","R","T","M","M","R","M","M"],"build_version":"2018-11-15","purchased_purges":0,"victory":false,"max_hp_per_floor":[75,75,75,75,75,75,75,75,75,75,75,75,75,75,75,75,75,75,75,75,75,75,75,75,75,75,75,75,75,75,75,75,77,77,77,79,79,75,75,75,77,77,77,79,81,83,85,85],"card_choices":[{"not_picked":["Sunder","Redo"],"picked":"Conserve Battery","floor":1},{"not_picked":["Stack","Sweeping Beam"],"picked":"Loop","floor":2},{"not_picked":["Storm","Lockon"],"picked":"Hello World","floor":3},{"not_picked":["Auto Shields","Recycle","Steam"],"picked":"SKIP","floor":6},{"not_picked":["Steam","Compile Driver"],"picked":"Reinforced Body","floor":7},{"not_picked":["BootSequence","Stack"],"picked":"Rebound","floor":10},{"not_picked":["Rip and Tear+1","Gash+1"],"picked":"Rebound+1","floor":13},{"not_picked":["Fission","Core Surge+1"],"picked":"Electrodynamics","floor":16},{"not_picked":[],"picked":"Cold Snap+1","floor":18},{"not_picked":["Coolheaded"],"picked":"SKIP","floor":21},{"not_picked":["Double Energy"],"picked":"SKIP","floor":24},{"not_picked":["Double Energy"],"picked":"SKIP","floor":24},{"not_picked":["Sweeping Beam+1"],"picked":"SKIP","floor":28},{"not_picked":[],"picked":"Force Field","floor":31},{"not_picked":["Rainbow"],"picked":"Singing Bowl","floor":33},{"not_picked":[],"picked":"Leap+1","floor":35},{"not_picked":["Hello World+1"],"picked":"Singing Bowl","floor":36},{"not_picked":["Turbo+1"],"picked":"Singing Bowl","floor":41},{"not_picked":["Sweeping Beam+1"],"picked":"Singing Bowl","floor":44},{"not_picked":["Melter+1"],"picked":"Singing Bowl","floor":45},{"not_picked":["Cold Snap+1"],"picked":"Singing Bowl","floor":46},{"not_picked":["Sweeping Beam+1"],"picked":"Singing Bowl","floor":47}],"player_experience":2669303,"relics_obtained":[{"floor":6,"key":"Letter Opener"},{"floor":9,"key":"Mercury Hourglass"},{"floor":10,"key":"Molten Egg 2"},{"floor":13,"key":"Dream Catcher"},{"floor":22,"key":"Regal Pillow"},{"floor":24,"key":"Shovel"},{"floor":25,"key":"Nunchaku"},{"floor":26,"key":"Omamori"},{"floor":27,"key":"Happy Flower"},{"floor":32,"key":"Singing Bowl"},{"floor":39,"key":"Kunai"},{"floor":40,"key":"Potion Belt"},{"floor":42,"key":"Anchor"}],"event_choices":[{"cards_removed":["Strike_B"],"damage_healed":0,"gold_gain":0,"player_choice":"Card Removal","damage_taken":0,"max_hp_gain":0,"max_hp_loss":0,"event_name":"The Cleric","floor":4,"gold_loss":50},{"damage_healed":0,"gold_gain":0,"player_choice":"Upgraded","damage_taken":0,"max_hp_gain":0,"max_hp_loss":0,"event_name":"Upgrade Shrine","floor":5,"gold_loss":0,"cards_upgraded":["Zap"]},{"damage_healed":0,"gold_gain":77,"player_choice":"Gained Gold","damage_taken":0,"max_hp_gain":0,"max_hp_loss":0,"event_name":"Golden Wing","floor":11,"gold_loss":0},{"damage_healed":0,"gold_gain":0,"cards_transformed":["Strike_B"],"player_choice":"Change","damage_taken":0,"max_hp_gain":0,"max_hp_loss":0,"event_name":"Living Wall","floor":14,"gold_loss":0,"cards_obtained":["Capacitor"]},{"damage_healed":0,"gold_gain":0,"player_choice":"Simplicity","damage_taken":0,"max_hp_gain":0,"max_hp_loss":0,"event_name":"Back to Basics","floor":19,"gold_loss":0,"cards_upgraded":["Strike_B","Strike_B","Defend_B","Defend_B","Defend_B","Defend_B"]},{"damage_healed":0,"gold_gain":0,"cards_transformed":["Strike_B","Strike_B"],"player_choice":"Became Test Subject","damage_taken":0,"max_hp_gain":0,"max_hp_loss":0,"event_name":"Drug Dealer","floor":20,"gold_loss":0,"cards_obtained":["Hologram","Double Energy"]},{"damage_healed":0,"gold_gain":0,"player_choice":"Fight","damage_taken":0,"max_hp_gain":0,"max_hp_loss":0,"event_name":"Colosseum","floor":29,"gold_loss":0},{"damage_healed":0,"gold_gain":0,"player_choice":"Fled From Nobs","damage_taken":0,"max_hp_gain":0,"max_hp_loss":0,"event_name":"Colosseum","floor":29,"gold_loss":0},{"damage_healed":0,"gold_gain":0,"player_choice":"Max HP","damage_taken":0,"max_hp_gain":0,"max_hp_loss":4,"event_name":"Winding Halls","floor":38,"gold_loss":0}],"is_beta":false,"boss_relics":[{"not_picked":["Ectoplasm","Fusion Hammer"],"picked":"Busted Crown"},{"not_picked":["Eternal Feather","Astrolabe"],"picked":"Sozu"}],"items_purged_floors":[],"is_endless":false,"potions_floor_spawned":[2,6,10,13,21,33,36,41],"killed_by":"Writhing Mass","ascension_level":8}