{"gold_per_floor":[211,211,221,39,50,50,64,139,162,162,191,22,39,72,72,149,149,120,120,63,77,88,88,100,100,100,100,100,133,162,112,112,112],"floor_reached":33,"playtime":1721,"items_purged":[],"score":571,"play_id":"c034258b-3449-406c-b8d5-fcda210c02cc","local_time":"20190509110808","is_ascension_mode":true,"campfire_choices":[{"data":"Apotheosis","floor":6,"key":"SMITH"},{"floor":10,"key":"REST"},{"floor":15,"key":"REST"},{"data":"Inflame","floor":23,"key":"SMITH"},{"data":"Evolve","floor":25,"key":"SMITH"},{"data":"Iron Wave","floor":28,"key":"SMITH"},{"floor":32,"key":"REST"}],"neow_cost":"NONE","seed_source_timestamp":2561607576616026,"circlet_count":0,"master_deck":["AscendersBane","Defend_R+1","Defend_R+1","Defend_R+1","Defend_R+1","Bash+1","Inflame+1","Rampage","Apotheosis+1","Bloodletting","Evolve+1","Feed","Cleave","Twin Strike","Reaper","Bite","Bite","Bite","Bite","Bite","Sword Boomerang+1","Iron Wave+1","True Grit+1","Disarm"],"relics":["Burning Blood","War Paint","Red Skull","Strawberry","Orichalcum","Question Card","Eternal Feather","Self Forming Clay","Art of War","Red Mask"],"potions_floor_usage":[11,16,24,24,29],"damage_taken":[{"damage":7,"enemies":"Jaw Worm","floor":1,"turns":3},{"damage":0,"enemies":"Small Slimes","floor":3,"turns":3},{"damage":12,"enemies":"2 Louse","floor":5,"turns":4},{"damage":6,"enemies":"Looter","floor":7,"turns":4},{"damage":21,"enemies":"3 Sentries","floor":11,"turns":8},{"damage":15,"enemies":"Lots of Slimes","floor":13,"turns":6},{"damage":40,"enemies":"Gremlin Nob","floor":14,"turns":5},{"damage":28,"enemies":"Hexaghost","floor":16,"turns":9},{"damage":30,"enemies":"2 Thieves","floor":18,"turns":4},{"damage":24,"enemies":"Chosen","floor":21,"turns":7},{"damage":38,"enemies":"Centurion and Healer","floor":22,"turns":10},{"damage":16,"enemies":"3 Cultists","floor":24,"turns":4},{"damage":48,"enemies":"Book of Stabbing","floor":29,"turns":5},{"damage":36,"enemies":"Masked Bandits","floor":30,"turns":4},{"damage":82,"enemies":"Automaton","floor":33,"turns":6}],"seed_played":"5476656541276229348","potions_obtained":[{"floor":7,"key":"SpeedPotion"},{"floor":13,"key":"Dexterity Potion"},{"floor":16,"key":"PowerPotion"},{"floor":24,"key":"Swift Potion"}],"is_trial":false,"path_per_floor":["M","?","M","$","M","R","M","?","T","R","E","$","M","E","R","B",null,"M","?","$","M","M","R","M","R","T","?","R","E","?","?","R","B"],"character_chosen":"IRONCLAD","items_purchased":["Apotheosis","Orichalcum","SteroidPotion"],"campfire_rested":3,"item_purchase_floors":[4,12,20],"current_hp_per_floor":[67,49,55,55,49,49,49,38,38,60,52,52,46,12,37,15,68,48,48,48,59,63,63,60,67,67,67,67,31,33,33,66,0],"gold":112,"neow_bonus":"HUNDRED_GOLD","is_prod":false,"is_daily":false,"chose_seed":false,"campfire_upgraded":4,"win_rate":0,"timestamp":1557414488,"path_taken":["M","?","M","$","M","R","M","?","T","R","E","$","M","E","R","BOSS","M","?","$","M","M","R","M","R","T","?","R","E","?","?","R","BOSS"],"build_version":"2019-01-23","purchased_purges":0,"victory":false,"max_hp_per_floor":[75,75,75,75,75,75,75,75,75,75,82,82,85,85,85,85,85,85,59,59,59,63,63,67,67,67,67,67,67,70,70,70,70],"card_choices":[{"not_picked":["Iron Wave","Headbutt"],"picked":"Inflame","floor":1},{"not_picked":["Sentinel","Rupture"],"picked":"Rampage","floor":3},{"not_picked":["Headbutt","Flex"],"picked":"Bloodletting","floor":5},{"not_picked":["Fire Breathing","Warcry"],"picked":"Evolve","floor":7},{"not_picked":["Dual Wield","Dark Embrace"],"picked":"Feed","floor":11},{"not_picked":["Perfected Strike","Havoc"],"picked":"Cleave","floor":13},{"not_picked":["Carnage","Cleave"],"picked":"Twin Strike","floor":14},{"not_picked":["Dark Embrace","Offering","Double Tap"],"picked":"Reaper","floor":16},{"not_picked":["Infernal Blade","Headbutt","Havoc","Sentinel"],"picked":"SKIP","floor":18},{"not_picked":["Warcry","Flex","Rupture"],"picked":"Sword Boomerang+1","floor":21},{"not_picked":["True Grit","Wild Strike","Blood for Blood+1"],"picked":"Iron Wave","floor":22},{"not_picked":["Blood for Blood","Rupture","Thunderclap+1","True Grit"],"picked":"SKIP","floor":24},{"not_picked":["Infernal Blade","Iron Wave","Second Wind"],"picked":"True Grit+1","floor":29},{"not_picked":["Dual Wield","Iron Wave","Perfected Strike"],"picked":"Disarm","floor":30}],"player_experience":3642785,"relics_obtained":[{"floor":9,"key":"Red Skull"},{"floor":11,"key":"Strawberry"},{"floor":14,"key":"Question Card"},{"floor":26,"key":"Self Forming Clay"},{"floor":29,"key":"Art of War"},{"floor":30,"key":"Red Mask"}],"event_choices":[{"damage_healed":0,"gold_gain":0,"player_choice":"Success","damage_taken":18,"relics_obtained":["War Paint"],"max_hp_gain":0,"max_hp_loss":0,"event_name":"Scrap Ooze","floor":2,"gold_loss":0},{"damage_healed":0,"gold_gain":75,"player_choice":"Gather Gold","damage_taken":11,"max_hp_gain":0,"max_hp_loss":0,"event_name":"World of Goop","floor":8,"gold_loss":0},{"damage_healed":0,"gold_gain":0,"player_choice":"Became a vampire","damage_taken":0,"max_hp_gain":0,"max_hp_loss":26,"event_name":"Vampires","floor":19,"gold_loss":0,"cards_obtained":["Bite","Bite","Bite","Bite","Bite"]},{"damage_healed":0,"gold_gain":0,"player_choice":"Simplicity","damage_taken":0,"max_hp_gain":0,"max_hp_loss":0,"event_name":"Back to Basics","floor":27,"gold_loss":0,"cards_upgraded":["Defend_R","Defend_R"]},{"damage_healed":0,"gold_gain":0,"player_choice":"Fought Bandits","damage_taken":0,"max_hp_gain":0,"max_hp_loss":0,"event_name":"Masked Bandits","floor":30,"gold_loss":0},{"damage_healed":0,"gold_gain":0,"player_choice":"Upgrade","damage_taken":0,"max_hp_gain":0,"max_hp_loss":0,"event_name":"Designer","floor":31,"gold_loss":50,"cards_upgraded":["Bash"]}],"is_beta":false,"boss_relics":[{"not_picked":["Ectoplasm","Runic Dome"],"picked":"Eternal Feather"}],"items_purged_floors":[],"is_endless":false,"potions_floor_spawned":[7,13,16,21,22,24],"killed_by":"Automaton","ascension_level":20}