{"gold_per_floor":[115,127,57,57,57,57,84,48,48,48,79,96,96,114,114,218,218,234,234,254,121,135,135],"floor_reached":23,"playtime":2182,"items_purged":[],"score":224,"play_id":"05a990a2-bb63-43f7-8599-d393f226a1dd","local_time":"20190720105641","is_ascension_mode":false,"campfire_choices":[{"data":"Bouncing Flask","floor":6.0,"key":"SMITH"},{"floor":10.0,"key":"REST"},{"data":"Distraction","floor":15.0,"key":"SMITH"}],"neow_cost":"NONE","seed_source_timestamp":7099032399534,"circlet_count":0,"master_deck":["Strike_G","Strike_G","Strike_G","Strike_G","Defend_G","Defend_G","Defend_G","Defend_G","Defend_G","Survivor","Neutralize","Corpse Explosion","Bouncing Flask+1","Deadly Poison","Well Laid Plans+1","Deadly Poison","Footwork","Distraction+1","Dagger Spray","Poisoned Stab","Corpse Explosion","Deadly Poison+1","Dodge and Roll","Footwork","Dodge and Roll","Deflect"],"special_seed":0,"relics":["Ring of the Snake","Pear","Shuriken","Ninja Scroll","Fusion Hammer","CultistMask"],"potions_floor_usage":[],"damage_taken":[{"damage":4.0,"enemies":"Small Slimes","floor":1.0,"turns":2.0},{"damage":0.0,"enemies":"Jaw Worm","floor":2.0,"turns":4.0},{"damage":22.0,"enemies":"Gremlin Nob","floor":7.0,"turns":4.0},{"damage":14.0,"enemies":"Lagavulin","floor":11.0,"turns":5.0},{"damage":0.0,"enemies":"Cultist","floor":12.0,"turns":2.0},{"damage":0.0,"enemies":"Exordium Wildlife","floor":14.0,"turns":2.0},{"damage":13.0,"enemies":"The Guardian","floor":16.0,"turns":9.0},{"damage":20.0,"enemies":"2 Thieves","floor":18.0,"turns":2.0},{"damage":12.0,"enemies":"Shell Parasite","floor":20.0,"turns":4.0},{"damage":32,"enemies":"Cultist and Chosen","floor":22,"turns":7},{"damage":26,"enemies":"Book of Stabbing","floor":23,"turns":4}],"seed_played":"9034403573825619293","potions_obtained":[{"floor":1.0,"key":"SpeedPotion"},{"floor":12.0,"key":"Explosive Potion"},{"floor":14.0,"key":"SmokeBomb"},{"floor":22,"key":"SpeedPotion"}],"is_trial":false,"path_per_floor":["M","M","$","?","?","R","E","$","T","R","E","M","?","M","R","B",null,"M","?","M","$","M","E"],"character_chosen":"THE_SILENT","items_purchased":["Well Laid Plans","Footwork","Footwork","Dodge and Roll"],"campfire_rested":1,"item_purchase_floors":[3,8,21,21],"current_hp_per_floor":[66,66,66,66,66,66,54,54,54,78,64,64,69,69,69,56,85,65,65,53,53,21,0],"gold":135,"neow_bonus":"TRANSFORM_CARD","is_prod":false,"is_daily":false,"chose_seed":false,"campfire_upgraded":2,"win_rate":0.0,"timestamp":1563613001,"path_taken":["M","M","$","?","?","R","E","$","T","R","E","M","?","M","R","BOSS","M","?","M","?","M","E"],"build_version":"2019-07-17","purchased_purges":0,"victory":false,"max_hp_per_floor":[70,70,70,70,70,70,80,80,80,80,80,80,85,85,85,85,85,85,85,85,85,85,85],"card_choices":[{"not_picked":["Underhanded Strike","Dodge and Roll"],"picked":"Bouncing Flask","floor":1.0},{"not_picked":["Expertise","Backflip"],"picked":"Deadly Poison","floor":2.0},{"not_picked":["Quick Slash","Leg Sweep"],"picked":"Deadly Poison","floor":7.0},{"not_picked":["Deflect","Reflex"],"picked":"Distraction","floor":11.0},{"not_picked":["Blade Dance","Wraith Form v2"],"picked":"Dagger Spray","floor":12.0},{"not_picked":["Riddle With Holes","Endless Agony"],"picked":"Poisoned Stab","floor":14.0},{"not_picked":["Burst","Malaise"],"picked":"Corpse Explosion","floor":16.0},{"not_picked":["Sucker Punch","Skewer"],"picked":"Deadly Poison+1","floor":18.0},{"not_picked":["Acrobatics","Poisoned Stab+1"],"picked":"Dodge and Roll","floor":20.0},{"not_picked":["Bane","Endless Agony"],"picked":"Deflect","floor":22}],"player_experience":142151,"relics_obtained":[{"floor":7.0,"key":"Pear"},{"floor":9.0,"key":"Shuriken"},{"floor":11.0,"key":"Ninja Scroll"}],"event_choices":[{"damage_healed":0.0,"max_hp_gain":0.0,"max_hp_loss":0.0,"gold_gain":0.0,"event_name":"Living Wall","player_choice":"Grow","floor":4.0,"gold_loss":0.0,"damage_taken":0.0,"cards_upgraded":["Well Laid Plans"]},{"damage_healed":0.0,"max_hp_gain":0.0,"max_hp_loss":0.0,"gold_gain":0.0,"event_name":"Golden Idol","player_choice":"Ignored","floor":5.0,"gold_loss":0.0,"damage_taken":0.0},{"damage_healed":0.0,"max_hp_gain":5.0,"max_hp_loss":0.0,"gold_gain":0.0,"event_name":"Big Fish","player_choice":"Donut","floor":13.0,"gold_loss":0.0,"damage_taken":0.0},{"damage_healed":0.0,"max_hp_gain":0.0,"max_hp_loss":0.0,"gold_gain":0.0,"event_name":"FaceTrader","player_choice":"Trade","floor":19.0,"gold_loss":0.0,"damage_taken":0.0,"relics_obtained":["CultistMask"]}],"is_beta":false,"boss_relics":[{"not_picked":["Astrolabe","Ectoplasm"],"picked":"Fusion Hammer"}],"items_purged_floors":[],"is_endless":false,"potions_floor_spawned":[1,12,14,22],"killed_by":"Book of Stabbing","ascension_level":0}