{"gold_per_floor":[209,209,209,15,15,49,59,59,59,70,88,115,131,157,157,258,258,277,376,395,12,12,12,45,65,65,65,38,38,38,53,53,156,156,170,270,280,180,194,194,227,246,272,272,290,67,67,87,87,87],"floor_reached":51,"playtime":4566,"items_purged":["Strike_R","Strike_R","Searing Blow"],"score":1073,"play_id":"84ad654e-a179-4ae9-b732-fd83be1a3ddb","local_time":"20181212124433","is_ascension_mode":true,"campfire_choices":[{"data":"Armaments","floor":8,"key":"SMITH"},{"data":"Bash","floor":15,"key":"SMITH"},{"floor":23,"key":"REST"},{"data":"Barricade","floor":27,"key":"SMITH"},{"data":"Entrench","floor":32,"key":"SMITH"},{"data":"Demon Form","floor":40,"key":"SMITH"},{"data":"True Grit","floor":47,"key":"SMITH"},{"data":"Metallicize","floor":49,"key":"SMITH"}],"neow_cost":"NONE","seed_source_timestamp":2466825477447140,"circlet_count":0,"master_deck":["Strike_R+1","Strike_R+1","Defend_R","Defend_R","Defend_R","Defend_R","Bash+1","Armaments+1","Shrug It Off","Metallicize+1","Shrug It Off","Reaper","Body Slam","Ghostly Armor","Barricade+1","Warcry","Demon Form+1","Metallicize+1","Shrug It Off","Entrench+1","Exhume","Flame Barrier","True Grit+1","True Grit+1","Dual Wield+1"],"relics":["Burning Blood","PreservedInsect","Bronze Scales","Bottled Flame","Du-Vu Doll","Dream Catcher","Mark of Pain","Ancient Tea Set","Lantern","Art of War","Molten Egg 2","Runic Pyramid","Gremlin Horn","Bag of Marbles"],"potions_floor_usage":[11,12,14,16,18,24,33,41,48,50,50],"damage_taken":[{"damage":18,"enemies":"Jaw Worm","floor":1,"turns":4},{"damage":18,"enemies":"Lagavulin","floor":6,"turns":7},{"damage":0,"enemies":"2 Louse","floor":7,"turns":2},{"damage":1,"enemies":"Cultist","floor":10,"turns":3},{"damage":6,"enemies":"Looter","floor":11,"turns":4},{"damage":13,"enemies":"Gremlin Nob","floor":12,"turns":3},{"damage":4,"enemies":"Large Slime","floor":13,"turns":6},{"damage":19,"enemies":"3 Sentries","floor":14,"turns":10},{"damage":71,"enemies":"Slime Boss","floor":16,"turns":17},{"damage":8,"enemies":"Spheric Guardian","floor":18,"turns":7},{"damage":21,"enemies":"Chosen","floor":20,"turns":6},{"damage":44,"enemies":"Slavers","floor":24,"turns":7},{"damage":14,"enemies":"Centurion and Healer","floor":25,"turns":12},{"damage":0,"enemies":"Snecko","floor":31,"turns":7},{"damage":0,"enemies":"Automaton","floor":33,"turns":10},{"damage":31,"enemies":"3 Darklings","floor":35,"turns":8},{"damage":8,"enemies":"3 Shapes","floor":37,"turns":7},{"damage":4,"enemies":"Sphere and 2 Shapes","floor":39,"turns":12},{"damage":62,"enemies":"Reptomancer","floor":41,"turns":10},{"damage":26,"enemies":"Writhing Mass","floor":42,"turns":10},{"damage":17,"enemies":"Maw","floor":45,"turns":9},{"damage":4,"enemies":"Spire Growth","floor":48,"turns":8},{"damage":67,"enemies":"Donu and Deca","floor":50,"turns":17}],"seed_played":"1438111243196099292","potions_obtained":[{"floor":7,"key":"FearPotion"},{"floor":10,"key":"Dexterity Potion"},{"floor":11,"key":"AttackPotion"},{"floor":13,"key":"EssenceOfSteel"},{"floor":14,"key":"LiquidBronze"},{"floor":20,"key":"Weak Potion"},{"floor":25,"key":"Swift Potion"},{"floor":33,"key":"FearPotion"},{"floor":42,"key":"PowerPotion"},{"floor":45,"key":"SpeedPotion"}],"is_trial":false,"path_per_floor":["M","?","?","$","?","E","M","R","T","M","M","E","M","E","R","B",null,"M","?","M","$","?","R","E","M","T","R","$","$","?","M","R","B",null,"M","?","M","$","M","R","E","M","T","?","M","$","R","M","R","B",null],"character_chosen":"IRONCLAD","items_purchased":["PreservedInsect","Shrug It Off","Ancient Tea Set","Lantern","Shrug It Off","True Grit","Block Potion"],"campfire_rested":1,"item_purchase_floors":[4,4,21,21,28,46,46],"current_hp_per_floor":[60,44,70,70,70,58,64,64,64,69,69,62,72,69,69,12,63,61,61,50,50,50,74,48,80,80,80,80,80,80,80,80,80,80,80,80,80,80,80,80,80,77,77,77,80,80,80,80,80,80],"gold":87,"neow_bonus":"HUNDRED_GOLD","is_prod":false,"is_daily":false,"chose_seed":false,"campfire_upgraded":7,"win_rate":0,"timestamp":1544636673,"path_taken":["M","?","?","$","?","E","M","R","T","M","M","E","?","E","R","BOSS","M","?","M","$","?","R","E","?","T","R","?","$","?","M","R","BOSS","M","?","M","$","?","R","E","M","T","?","M","$","R","?","R","BOSS"],"build_version":"2018-12-06","purchased_purges":3,"victory":true,"max_hp_per_floor":[80,80,80,80,80,80,80,80,80,80,80,80,80,80,80,80,80,80,80,80,80,80,80,80,80,80,80,80,80,80,80,80,80,80,80,80,80,80,80,80,80,80,80,80,80,80,80,80,80,80],"card_choices":[{"not_picked":["Havoc","Anger"],"picked":"Armaments","floor":1},{"not_picked":["Searing Blow","Havoc"],"picked":"Metallicize","floor":6},{"not_picked":["Body Slam","Corruption"],"picked":"Shrug It Off","floor":7},{"not_picked":["Clash","Anger","Perfected Strike"],"picked":"SKIP","floor":10},{"not_picked":["Armaments","Hemokinesis"],"picked":"Reaper","floor":11},{"not_picked":["Pommel Strike","Dark Embrace"],"picked":"Body Slam","floor":12},{"not_picked":["Wild Strike","Flex","Bloodletting"],"picked":"SKIP","floor":13},{"not_picked":["Perfected Strike","Flex"],"picked":"Ghostly Armor","floor":14},{"not_picked":["Feed","Offering"],"picked":"Barricade","floor":16},{"not_picked":["Wild Strike+1","Thunderclap","Pommel Strike"],"picked":"SKIP","floor":18},{"not_picked":["Sever Soul","Hemokinesis"],"picked":"Warcry","floor":20},{"not_picked":["Wild Strike+1","Anger"],"picked":"Demon Form","floor":23},{"not_picked":["Offering","Warcry"],"picked":"Metallicize","floor":24},{"not_picked":["Pommel Strike","Armaments","Havoc"],"picked":"SKIP","floor":25},{"not_picked":["Thunderclap+1","Wild Strike+1","Pommel Strike+1"],"picked":"SKIP","floor":31},{"not_picked":["Offering","Reaper+1"],"picked":"Exhume","floor":33},{"not_picked":["Sword Boomerang+1","Havoc+1"],"picked":"Flame Barrier","floor":35},{"not_picked":["Flex+1","Clash+1","Pommel Strike+1"],"picked":"SKIP","floor":37},{"not_picked":["Shrug It Off","Double Tap","Spot Weakness+1"],"picked":"SKIP","floor":39},{"not_picked":["Twin Strike+1","Metallicize"],"picked":"True Grit+1","floor":41},{"not_picked":["Flex+1","Twin Strike+1","Combust"],"picked":"SKIP","floor":42},{"not_picked":["Sword Boomerang+1","Second Wind","Warcry"],"picked":"SKIP","floor":45},{"not_picked":["Inflame","Clash+1"],"picked":"Dual Wield+1","floor":48}],"player_experience":2839848,"relics_obtained":[{"floor":6,"key":"Bronze Scales"},{"floor":9,"key":"Bottled Flame"},{"floor":12,"key":"Du-Vu Doll"},{"floor":14,"key":"Dream Catcher"},{"floor":24,"key":"Art of War"},{"floor":26,"key":"Molten Egg 2"},{"floor":41,"key":"Gremlin Horn"},{"floor":43,"key":"Bag of Marbles"}],"event_choices":[{"damage_healed":0,"gold_gain":0,"player_choice":"Entered Light","damage_taken":16,"max_hp_gain":0,"max_hp_loss":0,"event_name":"Shining Light","floor":2,"gold_loss":0,"cards_upgraded":["Strike_R","Strike_R"]},{"damage_healed":26,"gold_gain":0,"player_choice":"Banana","damage_taken":0,"max_hp_gain":0,"max_hp_loss":0,"event_name":"Big Fish","floor":3,"gold_loss":0},{"damage_healed":0,"gold_gain":0,"cards_transformed":["Strike_R"],"player_choice":"Transformed","damage_taken":0,"max_hp_gain":0,"max_hp_loss":0,"event_name":"Transmorgrifier","floor":5,"gold_loss":0,"cards_obtained":["Searing Blow"]},{"damage_healed":0,"gold_gain":99,"player_choice":"Stole From Cult","damage_taken":0,"max_hp_gain":0,"max_hp_loss":0,"event_name":"Nest","floor":19,"gold_loss":0},{"damage_healed":0,"gold_gain":0,"player_choice":"Ignored","damage_taken":0,"max_hp_gain":0,"max_hp_loss":0,"event_name":"Vampires","floor":22,"gold_loss":0},{"damage_healed":0,"gold_gain":0,"player_choice":"Read","damage_taken":0,"max_hp_gain":0,"max_hp_loss":0,"event_name":"The Library","floor":30,"gold_loss":0,"cards_obtained":["Entrench"]},{"damage_healed":0,"gold_gain":100,"player_choice":"Pray","damage_taken":0,"max_hp_gain":0,"max_hp_loss":0,"event_name":"Golden Shrine","floor":36,"gold_loss":0},{"damage_healed":0,"gold_gain":0,"player_choice":"Upgraded","damage_taken":0,"max_hp_gain":0,"max_hp_loss":0,"event_name":"Upgrade Shrine","floor":44,"gold_loss":0,"cards_upgraded":["Metallicize"]}],"is_beta":false,"boss_relics":[{"not_picked":["Black Star","Orrery"],"picked":"Mark of Pain"},{"not_picked":["Lizard Tail","Snecko Eye"],"picked":"Runic Pyramid"}],"items_purged_floors":[21,38,46],"is_endless":false,"potions_floor_spawned":[7,10,11,13,14,20,25,33,42,45],"ascension_level":9}