{"gold_per_floor":[119,119,31,31,51,51,61,61,61,25,25],"floor_reached":11,"playtime":295,"items_purged":[],"score":122,"play_id":"c753a3a1-1634-4999-964e-257a38bd001e","local_time":"20181121155408","is_ascension_mode":true,"campfire_choices":[{"data":"Noxious Fumes","floor":6,"key":"SMITH"}],"neow_cost":"NONE","seed_source_timestamp":668070734497374,"circlet_count":0,"master_deck":["AscendersBane","Defend_G","Defend_G","Defend_G","Defend_G","Defend_G","Strike_G","Strike_G","Strike_G","Strike_G","Survivor","Neutralize","Panacea","Sucker Punch","Noxious Fumes+1","Poisoned Stab","Quick Slash","Dash"],"relics":["Ring of the Snake","Mummified Hand"],"potions_floor_usage":[11],"damage_taken":[{"damage":8,"enemies":"Jaw Worm","floor":1,"turns":7},{"damage":7,"enemies":"Small Slimes","floor":5,"turns":5},{"damage":0,"enemies":"Cultist","floor":7,"turns":4},{"damage":47,"enemies":"Gremlin Nob","floor":11,"turns":4}],"seed_played":"5326639058575538359","potions_obtained":[{"floor":5,"key":"Ancient Potion"}],"is_trial":false,"path_per_floor":["M","?","$","?","M","R","M","?","T","$","E"],"character_chosen":"THE_SILENT","items_purchased":["Noxious Fumes","Dash"],"campfire_rested":0,"item_purchase_floors":[3,10],"current_hp_per_floor":[51,56,56,56,49,49,49,42,42,42,0],"gold":25,"neow_bonus":"RANDOM_COLORLESS","is_prod":false,"is_daily":false,"chose_seed":false,"campfire_upgraded":1,"win_rate":0,"timestamp":1542833648,"path_taken":["M","?","$","?","M","R","?","?","T","$","E"],"build_version":"2018-11-15","purchased_purges":0,"victory":false,"max_hp_per_floor":[66,71,71,71,71,71,71,71,71,71,71],"card_choices":[{"not_picked":["Bane","Dodge and Roll"],"picked":"Sucker Punch","floor":1},{"not_picked":["Blade Dance","Flying Knee"],"picked":"Poisoned Stab","floor":5},{"not_picked":["Dagger Throw","Calculated Gamble"],"picked":"Quick Slash","floor":7}],"player_experience":2469186,"relics_obtained":[{"floor":9,"key":"Mummified Hand"}],"event_choices":[{"damage_healed":0,"gold_gain":0,"player_choice":"Donut","damage_taken":0,"max_hp_gain":5,"max_hp_loss":0,"event_name":"Big Fish","floor":2,"gold_loss":0},{"damage_healed":0,"gold_gain":0,"player_choice":"0 cards matched","damage_taken":0,"max_hp_gain":0,"max_hp_loss":0,"event_name":"Match and Keep!","floor":4,"gold_loss":0,"cards_obtained":[]},{"cards_removed":["Strike_G"],"damage_healed":0,"gold_gain":0,"player_choice":"Card Removal","damage_taken":7,"max_hp_gain":0,"max_hp_loss":0,"event_name":"Golden Wing","floor":8,"gold_loss":0}],"is_beta":false,"boss_relics":[],"items_purged_floors":[],"is_endless":false,"potions_floor_spawned":[5],"killed_by":"Gremlin Nob","ascension_level":20}