{"path_per_floor":["M","$","?","?","M","R","?","R","T","T","M","R","?","M","R","B",null,"M","?","$","M","M","T","R","M","T","R","M","M","$","M","R"],"character_chosen":"THE_SILENT","items_purchased":["Deadly Poison"],"gold_per_floor":[119,17,17,17,33,33,33,33,33,58,71,71,71,82,82,182,182,200,115,15,35,54,78,78,94,179,179,196,213,88,105,105],"floor_reached":33,"campfire_rested":2,"playtime":3427,"current_hp_per_floor":[70,70,70,70,70,70,70,70,70,70,70,70,70,66,66,50,70,29,29,29,29,28,28,49,27,27,48,25,25,25,20,20],"items_purged":["Strike_G","Regret","Defend_G"],"gold":105,"play_id":"1a3a20fd-08f0-47ca-937d-a144f9a1efd3","is_prod":false,"is_daily":false,"is_ascension_mode":true,"campfire_upgraded":5,"path_taken":["M","$","?","?","?","R","?","R","T","?","M","R","?","?","R","BOSS","M","?","$","?","M","?","R","?","T","R","M","M","?","M","R","BOSS"],"build_version":"2018-02-01-PROD1","purchased_purges":3,"victory":false,"master_deck":["Defend_G","Defend_G","Defend_G","Defend_G","Strike_G","Strike_G","Strike_G","Survivor","Neutralize+1","Glass Knife+1","Dash+1","Deadly Poison","Backflip","Backflip","Acrobatics+1","Burst+1","Escape Plan","Backflip","Escape Plan","Quick Slash+1","Blade Dance+1","Dagger Spray+1"],"max_hp_per_floor":[70,70,70,70,70,70,70,70,70,70,70,70,70,70,70,70,70,70,70,70,70,70,70,70,70,70,70,70,70,70,70,70],"relics":["Ring of the Snake","Frozen Eye","Lantern","Vajra","White Beast Statue","Paper Crane","Ancient Tea Set","Tiny Chest"],"card_choices":[{"not_picked":["Slice","Caltrops"],"picked":"Dash"},{"not_picked":["Flying Knee","Deadly Poison"],"picked":"Backflip"},{"not_picked":["Dodge and Roll","Accuracy"],"picked":"Backflip"},{"not_picked":["Backflip","Sucker Punch"],"picked":"Acrobatics"},{"not_picked":["Night Terror","Adrenaline"],"picked":"Burst"},{"not_picked":["Dagger Throw","Finisher"],"picked":"Escape Plan"},{"not_picked":["Slice","Sucker Punch"],"picked":"Backflip"},{"not_picked":["Quick Slash","Dodge and Roll"],"picked":"Escape Plan"},{"not_picked":["Well Laid Plans","Infinite Blades"],"picked":"Quick Slash"},{"not_picked":["Backflip","Deadly Poison"],"picked":"Blade Dance"},{"not_picked":["Phantasmal Killer","Caltrops"],"picked":"Dagger Spray"}],"player_experience":444701,"potions_floor_usage":[14,16,16,16,21,25,25,29,29,33,33],"damage_taken":[{"damage":0,"enemies":"2 Louse","floor":1,"turns":2},{"damage":0,"enemies":"Blue Slaver","floor":5,"turns":4},{"damage":0,"enemies":"Small Slimes","floor":11,"turns":2},{"damage":4,"enemies":"Exordium Thugs","floor":14,"turns":4},{"damage":16,"enemies":"The Guardian","floor":16,"turns":10},{"damage":41,"enemies":"Spheric Guardian","floor":18,"turns":7},{"damage":0,"enemies":"Chosen","floor":21,"turns":4},{"damage":1,"enemies":"Snake Plant","floor":22,"turns":4},{"damage":22,"enemies":"Sentry and Sphere","floor":25,"turns":10},{"damage":23,"enemies":"Chosen and Byrds","floor":28,"turns":8},{"damage":0,"enemies":"Snake Plant","floor":29,"turns":6},{"damage":5,"enemies":"Slaver and Parasite","floor":31,"turns":8},{"damage":23,"enemies":"Collector","floor":33,"turns":5}],"event_choices":[{"event_name":"Bonfire Elementals","player_choice":"BASIC","floor":3,"damage_taken":0},{"event_name":"The Lab","player_choice":"Got Potions","floor":4,"damage_taken":0},{"event_name":"The Cleric","player_choice":"Leave","floor":7,"damage_taken":0},{"event_name":"Big Fish","player_choice":"Box","floor":13,"damage_taken":0},{"event_name":"Addict","player_choice":"Obtained Relic","floor":19,"damage_taken":0}],"boss_relics":[{"not_picked":["The Specimen","Philosopher\u0027s Stone"],"picked":"White Beast Statue"}],"potions_floor_spawned":[5,14,18,21,22,25,28,29,31],"seed_played":"6298044320762517429","killed_by":"Collector","ascension_level":3,"is_trial":false}