{"gold_per_floor":[111,111,111,111,129,156,156,175,254,254,254,270,284,318,318,438,438,463,388,10,31,55,55,55,55,55,55,69,92,92,92,92,221,221,245,263,284,304,322,322,336,336,336,336,336,377,397,310,310,310],"floor_reached":51,"playtime":5585,"items_purged":[],"score":714,"play_id":"1c2ac8ab-9c5c-4e5c-b7f7-97df2cbe6c3e","local_time":"20190718194314","is_ascension_mode":false,"campfire_choices":[{"data":"Neutralize","floor":7,"key":"SMITH"},{"floor":11,"key":"REST"},{"data":"Deadly Poison","floor":15,"key":"SMITH"},{"data":"Footwork","floor":23,"key":"SMITH"},{"data":"Dodge and Roll","floor":24,"key":"SMITH"},{"data":"Flechettes","floor":25,"key":"SMITH"},{"data":"Footwork","floor":30,"key":"SMITH"},{"data":"Die Die Die","floor":32,"key":"SMITH"},{"data":"Malaise","floor":40,"key":"SMITH"},{"data":"Caltrops","floor":42,"key":"SMITH"},{"data":"PiercingWail","floor":44,"key":"SMITH"},{"data":"Bouncing Flask","floor":49,"key":"SMITH"}],"neow_cost":"NONE","seed_source_timestamp":669321069908939,"circlet_count":0,"master_deck":["Survivor+1","Neutralize+1","Backflip","Deadly Poison+1","Flechettes+1","Acrobatics","Bane","Dagger Spray","Tools of the Trade","Dodge and Roll+1","Skewer","Flying Knee","Adrenaline","Predator","Die Die Die+1","Bouncing Flask+1","Adrenaline","Blur","Footwork+1","PiercingWail+1","Dodge and Roll+1","Footwork+1","Cloak And Dagger+1","Bullet Time","Calculated Gamble+1","Malaise+1","Crippling Poison+1","Caltrops+1","Backflip+1","Tactician+1"],"relics":["Ring of the Snake","Bag of Marbles","Blood Vial","Paper Crane","Golden Idol","Bottled Flame","Pandora\u0027s Box","WingedGreaves","Mummified Hand","Enchiridion","Cursed Key","Peace Pipe","Molten Egg 2"],"potions_floor_usage":[14,14,18,21,33,50,50,50],"damage_taken":[{"damage":0,"enemies":"Small Slimes","floor":1,"turns":3},{"damage":0,"enemies":"Jaw Worm","floor":5,"turns":5},{"damage":14,"enemies":"3 Sentries","floor":6,"turns":10},{"damage":0,"enemies":"2 Louse","floor":8,"turns":1},{"damage":5,"enemies":"Exordium Thugs","floor":12,"turns":4},{"damage":0,"enemies":"Large Slime","floor":13,"turns":8},{"damage":4,"enemies":"Gremlin Nob","floor":14,"turns":3},{"damage":18,"enemies":"The Guardian","floor":16,"turns":13},{"damage":0,"enemies":"3 Byrds","floor":18,"turns":2},{"damage":0,"enemies":"Spheric Guardian","floor":21,"turns":4},{"damage":0,"enemies":"Shelled Parasite and Fungi","floor":22,"turns":7},{"damage":0,"enemies":"3 Cultists","floor":28,"turns":4},{"damage":0,"enemies":"Chosen and Byrds","floor":29,"turns":4},{"damage":25,"enemies":"Collector","floor":33,"turns":10},{"damage":0,"enemies":"Orb Walker","floor":35,"turns":2},{"damage":1,"enemies":"3 Darklings","floor":36,"turns":3},{"damage":0,"enemies":"Spire Growth","floor":37,"turns":3},{"damage":0,"enemies":"Transient","floor":38,"turns":5},{"damage":0,"enemies":"Sphere and 2 Shapes","floor":39,"turns":3},{"damage":0,"enemies":"3 Darklings","floor":41,"turns":3},{"damage":0,"enemies":"Reptomancer","floor":46,"turns":6},{"damage":0,"enemies":"Maw","floor":47,"turns":6},{"damage":0,"enemies":"Time Eater","floor":50,"turns":10}],"seed_played":"-3033110085712976859","potions_obtained":[{"floor":1,"key":"GamblersBrew"},{"floor":6,"key":"SkillPotion"},{"floor":8,"key":"Ancient Potion"},{"floor":14,"key":"LiquidBronze"},{"floor":18,"key":"LiquidBronze"},{"floor":22,"key":"Swift Potion"},{"floor":35,"key":"Ancient Potion"},{"floor":39,"key":"LiquidBronze"},{"floor":41,"key":"Strength Potion"}],"is_trial":false,"path_per_floor":["M","?","?","?","M","E","R","M","T","?","R","M","M","E","R","B",null,"M","?","$","M","M","R","R","R","T","?","M","M","R","?","R","B",null,"M","M","M","M","M","R","M","R","T","R","?","E","M","?","R","B",null],"character_chosen":"THE_SILENT","items_purchased":["Footwork","WingedGreaves","Block Potion"],"campfire_rested":1,"item_purchase_floors":[20,20,20],"current_hp_per_floor":[70,56,56,56,56,42,42,44,44,44,63,60,62,60,60,44,65,65,65,65,65,65,65,65,65,65,65,65,65,65,49,49,26,65,65,64,65,65,65,65,65,65,65,65,65,65,65,65,65,65],"gold":310,"neow_bonus":"RANDOM_COMMON_RELIC","is_prod":false,"is_daily":false,"chose_seed":false,"campfire_upgraded":11,"win_rate":0,"timestamp":1563493394,"path_taken":["M","?","?","?","M","E","R","?","T","?","R","M","M","E","R","BOSS","M","?","$","M","M","R","R","R","T","?","M","M","R","?","R","BOSS","M","M","M","M","M","R","M","R","T","R","?","E","?","?","R","BOSS"],"build_version":"2019-07-17","purchased_purges":0,"victory":true,"max_hp_per_floor":[70,70,70,70,70,70,70,70,70,65,65,65,65,65,65,65,65,65,65,65,65,65,65,65,65,65,65,65,65,65,65,65,65,65,65,65,65,65,65,65,65,65,65,65,65,65,65,65,65,65],"card_choices":[{"not_picked":["Distraction","Deflect"],"picked":"Backflip","floor":1},{"not_picked":["Predator","Dagger Throw"],"picked":"Deadly Poison","floor":5},{"not_picked":["Blur","Poisoned Stab"],"picked":"Flechettes","floor":6},{"not_picked":["Slice","Outmaneuver"],"picked":"Acrobatics","floor":8},{"not_picked":["Concentrate","Heel Hook"],"picked":"Bane","floor":12},{"not_picked":["Underhanded Strike","Deflect","Slice"],"picked":"SKIP","floor":13},{"not_picked":["Dodge and Roll","Finisher"],"picked":"Dagger Spray","floor":14},{"not_picked":["Unload","Wraith Form v2"],"picked":"Tools of the Trade","floor":16},{"not_picked":["Cloak And Dagger","Bane"],"picked":"Blur","floor":18},{"not_picked":["Sucker Punch","Backflip"],"picked":"PiercingWail","floor":21},{"not_picked":["Blade Dance","Sucker Punch"],"picked":"Dodge and Roll+1","floor":22},{"not_picked":["Bullet Time","Eviscerate+1"],"picked":"Footwork","floor":28},{"not_picked":["Flechettes+1","Quick Slash"],"picked":"Cloak And Dagger+1","floor":29},{"not_picked":["Night Terror","Unload"],"picked":"Bullet Time","floor":33},{"not_picked":["Dagger Throw","Blade Dance"],"picked":"Calculated Gamble","floor":35},{"not_picked":["Bane","Eviscerate","Acrobatics"],"picked":"SKIP","floor":36},{"not_picked":["Bouncing Flask","Escape Plan"],"picked":"Malaise","floor":37},{"not_picked":["Blade Dance+1","Bane+1","Flying Knee"],"picked":"SKIP","floor":38},{"not_picked":["Sucker Punch+1","Dagger Throw"],"picked":"Crippling Poison+1","floor":39},{"not_picked":["Bane","Endless Agony"],"picked":"Caltrops","floor":41},{"not_picked":["Quick Slash+1","Predator+1"],"picked":"Backflip+1","floor":46},{"not_picked":["Underhanded Strike+1","Dagger Throw+1"],"picked":"Tactician+1","floor":47}],"player_experience":4036433,"relics_obtained":[{"floor":6,"key":"Blood Vial"},{"floor":9,"key":"Paper Crane"},{"floor":14,"key":"Bottled Flame"},{"floor":26,"key":"Mummified Hand"},{"floor":31,"key":"Enchiridion"},{"floor":46,"key":"Peace Pipe"}],"event_choices":[{"damage_healed":0,"gold_gain":0,"player_choice":"Entered Light","damage_taken":14,"max_hp_gain":0,"max_hp_loss":0,"event_name":"Shining Light","floor":2,"gold_loss":0,"cards_upgraded":["Defend_G","Survivor"]},{"damage_healed":0,"gold_gain":0,"player_choice":"Ignored","damage_taken":0,"max_hp_gain":0,"max_hp_loss":0,"event_name":"Liars Game","floor":3,"gold_loss":0},{"damage_healed":0,"gold_gain":0,"player_choice":"Leave","damage_taken":0,"max_hp_gain":0,"max_hp_loss":0,"event_name":"FaceTrader","floor":4,"gold_loss":0},{"damage_healed":0,"gold_gain":0,"player_choice":"Lose Max HP","damage_taken":0,"relics_obtained":["Golden Idol"],"max_hp_gain":0,"max_hp_loss":5,"event_name":"Golden Idol","floor":10,"gold_loss":0},{"cards_removed":["Flying Knee"],"damage_healed":0,"gold_gain":0,"player_choice":"Gave Gold","damage_taken":0,"max_hp_gain":0,"max_hp_loss":0,"event_name":"Beggar","floor":19,"gold_loss":75},{"cards_removed":["Blade Dance"],"damage_healed":0,"gold_gain":0,"player_choice":"Elegance","damage_taken":0,"max_hp_gain":0,"max_hp_loss":0,"event_name":"Back to Basics","floor":27,"gold_loss":0},{"damage_healed":0,"gold_gain":0,"player_choice":"Obtained Book","damage_taken":16,"max_hp_gain":0,"max_hp_loss":0,"event_name":"Cursed Tome","floor":31,"gold_loss":0},{"damage_healed":0,"gold_gain":0,"player_choice":"Upgraded","damage_taken":0,"max_hp_gain":0,"max_hp_loss":0,"event_name":"Upgrade Shrine","floor":45,"gold_loss":0,"cards_upgraded":["Calculated Gamble"]},{"damage_healed":0,"gold_gain":0,"player_choice":"Paid Gold","damage_taken":0,"relics_obtained":["Molten Egg 2"],"max_hp_gain":0,"max_hp_loss":0,"event_name":"WeMeetAgain","floor":48,"gold_loss":87}],"is_beta":false,"boss_relics":[{"not_picked":["Empty Cage","Fusion Hammer"],"picked":"Pandora\u0027s Box"},{"not_picked":["Orrery","Velvet Choker"],"picked":"Cursed Key"}],"items_purged_floors":[],"is_endless":false,"potions_floor_spawned":[1,6,8,14,18,22,29,35,39,41],"ascension_level":0}