{"gold_per_floor":[116,126,126,146,165,191,191,203,203,266,279,292,16,26,26,26],"floor_reached":16,"playtime":919,"items_purged":[],"score":207,"play_id":"950a0149-a1a3-45e8-8893-c60ffb33275f","local_time":"20181113224300","is_ascension_mode":true,"campfire_choices":[{"data":"Flechettes","floor":7,"key":"SMITH"},{"floor":15,"key":"REST"}],"neow_cost":"NONE","seed_source_timestamp":776021027671,"circlet_count":0,"master_deck":["AscendersBane","Defend_G","Defend_G","Defend_G","Defend_G","Defend_G","Strike_G","Strike_G","Strike_G","Strike_G","Strike_G","Survivor","Neutralize","Deadly Poison","Dash","Masterful Stab","Flechettes+1","Leg Sweep","Blur","Dagger Spray","Dagger Spray","Backflip"],"relics":["Ring of the Snake","NeowsBlessing","Regal Pillow","Blue Candle","Kunai","Gremlin Horn"],"potions_floor_usage":[6,6,10,11,16],"damage_taken":[{"damage":0,"enemies":"Jaw Worm","floor":1,"turns":1},{"damage":0,"enemies":"Cultist","floor":2,"turns":1},{"damage":0,"enemies":"2 Louse","floor":4,"turns":1},{"damage":3,"enemies":"Exordium Wildlife","floor":5,"turns":4},{"damage":10,"enemies":"3 Sentries","floor":6,"turns":7},{"damage":0,"enemies":"2 Fungi Beasts","floor":8,"turns":4},{"damage":30,"enemies":"Gremlin Nob","floor":10,"turns":6},{"damage":10,"enemies":"Exordium Thugs","floor":11,"turns":6},{"damage":0,"enemies":"Blue Slaver","floor":12,"turns":4},{"damage":0,"enemies":"Looter","floor":14,"turns":2},{"damage":56,"enemies":"Slime Boss","floor":16,"turns":8}],"seed_played":"4863488265435373343","potions_obtained":[{"floor":2,"key":"Block Potion"},{"floor":3,"key":"AttackPotion"},{"floor":5,"key":"Poison Potion"},{"floor":6,"key":"LiquidBronze"},{"floor":10,"key":"SteroidPotion"},{"floor":12,"key":"Strength Potion"}],"is_trial":false,"path_per_floor":["M","M","?","M","M","E","R","M","T","?","M","M","$","M","R","B"],"character_chosen":"THE_SILENT","items_purchased":["Gremlin Horn"],"campfire_rested":1,"item_purchase_floors":[13],"current_hp_per_floor":[59,59,59,59,56,46,46,46,46,16,6,6,6,6,40,0],"gold":26,"neow_bonus":"THREE_ENEMY_KILL","is_prod":false,"is_daily":false,"chose_seed":false,"campfire_upgraded":1,"win_rate":0,"timestamp":1542166980,"path_taken":["M","M","?","?","?","E","R","M","T","?","M","M","$","M","R","BOSS"],"build_version":"2018-11-08","purchased_purges":0,"victory":false,"max_hp_per_floor":[66,66,66,66,66,66,66,66,66,66,66,66,66,66,66,66],"card_choices":[{"not_picked":["Prepared","PiercingWail"],"picked":"Deadly Poison","floor":1},{"not_picked":["Backflip","Deflect"],"picked":"Dash","floor":2},{"not_picked":["Concentrate","Slice"],"picked":"Masterful Stab","floor":4},{"not_picked":["Well Laid Plans","Tactician"],"picked":"Flechettes","floor":5},{"not_picked":["Deadly Poison","Accuracy","Infinite Blades"],"picked":"SKIP","floor":6},{"not_picked":["Deadly Poison","Accuracy","Infinite Blades"],"picked":"SKIP","floor":6},{"not_picked":["Deflect","Skewer"],"picked":"Leg Sweep","floor":8},{"not_picked":["Terror","Quick Slash"],"picked":"Blur","floor":10},{"not_picked":["Predator","Eviscerate"],"picked":"Dagger Spray","floor":11},{"not_picked":["Underhanded Strike","Backflip"],"picked":"Dagger Spray","floor":12},{"not_picked":["Dodge and Roll","Cloak And Dagger"],"picked":"Backflip","floor":14}],"player_experience":2273700,"relics_obtained":[{"floor":6,"key":"Regal Pillow"},{"floor":9,"key":"Blue Candle"},{"floor":10,"key":"Kunai"}],"event_choices":[{"damage_healed":0,"gold_gain":0,"player_choice":"Got Potions","damage_taken":0,"max_hp_gain":0,"max_hp_loss":0,"event_name":"Lab","floor":3,"gold_loss":0},{"damage_healed":0,"gold_gain":30,"player_choice":"Searched \u00273\u0027 times","damage_taken":0,"max_hp_gain":0,"max_hp_loss":0,"event_name":"Dead Adventurer","floor":10,"gold_loss":0}],"is_beta":false,"boss_relics":[],"items_purged_floors":[],"is_endless":false,"potions_floor_spawned":[2,5,6,10,12],"killed_by":"Slime Boss","ascension_level":19}