{"gold_per_floor":[114,114,129,129,148,186,186,224,274,312,331,350,388,406,406,531,531,550,575,125,144,144,182,182,220,245,264,283,302,217,236,236,361,361,380,380,105,438,453,483,498,513,513,513,513,513,0,30,30,30],"floor_reached":51,"playtime":9527,"items_purged":[],"score":974,"play_id":"dea74ec4-990e-4827-bcab-ef97ca935cea","local_time":"20180827013125","daily_mods":["Insanity","Binary","Hoarder"],"is_ascension_mode":false,"campfire_choices":[{"data":"Hyperbeam","floor":7,"key":"SMITH"},{"floor":15,"key":"REST"},{"data":"BootSequence","floor":24,"key":"SMITH"},{"floor":32,"key":"REST"},{"floor":44,"key":"REST"},{"floor":49,"key":"REST"}],"neow_cost":"","seed_source_timestamp":0,"circlet_count":0,"master_deck":["Conserve Battery","Recycle","Fission","Go for the Eyes+1","FTL","Biased Cognition","Reprogram","Hologram","Rebound","Hyperbeam+1","Rip and Tear","Gash","Coolheaded","Compile Driver","Thunder Strike","Echo Form","Blizzard","Undo","BootSequence+1","Machine Learning","Stack","Hologram","Fission","BootSequence","Hologram","Buffer","Cold Snap","Blizzard","Meteor Strike","Leap","Hello World","Hologram","Rainbow","Defragment","Self Repair","Loop","Rainbow","Cold Snap","Rip and Tear","Steam+1","Dualcast","Leap","Fission+1","Hello World","Leap","All For One+1","Machine Learning","Gash","Skim","Defend_B","Steam Power","Steam Power","Steam Power","Normality","Normality","Defragment+1","Defragment","Defragment","White Noise","White Noise","White Noise","Stack+1","Stack+1","Stack+1","Multi-Cast+1","Multi-Cast+1","Multi-Cast+1","White Noise+1","White Noise+1","White Noise+1","Turbo+1","Turbo+1","Turbo+1","Capacitor","Capacitor","Capacitor","Chaos+1","Chaos+1","Chaos+1","Turbo+1","Turbo+1","Turbo+1","Beam Cell+1","Beam Cell+1","Beam Cell+1"],"special_seed":17770,"relics":["Cracked Core","Juzu Bracelet","Dream Catcher","Ornamental Fan","Regal Pillow","Pear","Toxic Egg 2","Odd Mushroom","Inserter","Anchor","Mummified Hand","ClockworkSouvenir","Letter Opener","DataDisk","Bag of Preparation","War Paint","Fusion Hammer","Toolbox","Boot","Whetstone","Bird Faced Urn","Spirit Poop","Red Mask","Singing Bowl"],"potions_floor_usage":[13,16,18,23,25,27,33,35,40,40],"damage_taken":[{"damage":0,"enemies":"Small Slimes","floor":1,"turns":3},{"damage":0,"enemies":"Cultist","floor":3,"turns":4},{"damage":1,"enemies":"Jaw Worm","floor":5,"turns":3},{"damage":12,"enemies":"Gremlin Nob","floor":6,"turns":6},{"damage":0,"enemies":"Lagavulin","floor":8,"turns":7},{"damage":2,"enemies":"3 Sentries","floor":10,"turns":4},{"damage":4,"enemies":"Lots of Slimes","floor":11,"turns":5},{"damage":4,"enemies":"Blue Slaver","floor":12,"turns":5},{"damage":37,"enemies":"Gremlin Nob","floor":13,"turns":6},{"damage":10,"enemies":"The Mushroom Lair","floor":14,"turns":4},{"damage":15,"enemies":"Slime Boss","floor":16,"turns":8},{"damage":9,"enemies":"Chosen","floor":18,"turns":7},{"damage":9,"enemies":"Shell Parasite","floor":21,"turns":7},{"damage":17,"enemies":"Book of Stabbing","floor":23,"turns":9},{"damage":54,"enemies":"Slavers","floor":25,"turns":7},{"damage":5,"enemies":"Sentry and Sphere","floor":27,"turns":6},{"damage":16,"enemies":"Centurion and Healer","floor":28,"turns":7},{"damage":8,"enemies":"3 Cultists","floor":29,"turns":7},{"damage":9,"enemies":"Snecko","floor":31,"turns":6},{"damage":10,"enemies":"Champ","floor":33,"turns":10},{"damage":14,"enemies":"3 Darklings","floor":35,"turns":6},{"damage":0,"enemies":"Orb Walker","floor":39,"turns":4},{"damage":36,"enemies":"Giant Head","floor":40,"turns":7},{"damage":16,"enemies":"Maw","floor":41,"turns":9},{"damage":0,"enemies":"3 Darklings","floor":42,"turns":6},{"damage":16,"enemies":"Mind Bloom Boss Battle","floor":45,"turns":5},{"damage":47,"enemies":"2 Orb Walkers","floor":48,"turns":5},{"damage":82,"enemies":"Awakened One","floor":50,"turns":11}],"seed_played":"-6941415905369443409","potions_obtained":[{"floor":3,"key":"SteroidPotion"},{"floor":5,"key":"Dexterity Potion"},{"floor":11,"key":"Energy Potion"},{"floor":14,"key":"SkillPotion"},{"floor":16,"key":"Block Potion"},{"floor":18,"key":"Regen Potion"},{"floor":21,"key":"FocusPotion"},{"floor":25,"key":"Fire Potion"},{"floor":29,"key":"Fire Potion"},{"floor":33,"key":"FearPotion"},{"floor":35,"key":"Regen Potion"}],"is_trial":false,"path_per_floor":["M","?","M","?","M","E","R","E","T","E","M","M","E","?","R","B",null,"M","T","$","M","?","E","R","E","T","M","M","M","?","M","R","B",null,"M","?","$","?","M","E","M","M","T","R","?","?","?","E","R","B"],"character_chosen":"DEFECT","items_purchased":["Mummified Hand","ClockworkSouvenir","Toolbox","Capacitor"],"campfire_rested":4,"item_purchase_floors":[20,20,37,37],"current_hp_per_floor":[75,75,75,69,68,56,56,63,63,71,74,77,54,51,79,64,79,79,79,79,70,70,60,60,21,21,23,14,13,13,4,42,46,79,65,65,65,65,65,44,28,32,32,70,54,54,54,21,59,24],"gold":30,"neow_bonus":"","is_prod":false,"is_daily":true,"chose_seed":false,"campfire_upgraded":2,"win_rate":0,"timestamp":1535347885,"path_taken":["M","?","M","?","M","E","R","E","T","E","M","M","E","?","R","BOSS","M","?","$","M","?","E","R","E","T","M","M","M","?","M","R","BOSS","M","?","$","?","M","E","M","M","T","R","?","?","?","E","R","BOSS"],"build_version":"2018-08-23v2","purchased_purges":0,"victory":true,"max_hp_per_floor":[75,75,75,69,69,69,69,69,69,79,79,79,79,79,79,79,79,79,79,79,79,79,79,79,79,79,79,79,79,79,79,79,79,79,79,79,79,79,79,79,79,79,79,79,79,79,79,79,79,79],"card_choices":[{"not_picked":["Coolheaded"],"picked":"Steam Power","floor":1},{"not_picked":["Compile Driver"],"picked":"Defragment","floor":3},{"not_picked":["Sunder","Gash"],"picked":"SKIP","floor":5},{"not_picked":["Chill","Multi-Cast"],"picked":"SKIP","floor":6},{"not_picked":["Rebound","Lockon"],"picked":"SKIP","floor":8},{"not_picked":["Hologram","Undo"],"picked":"SKIP","floor":10},{"not_picked":["Sunder"],"picked":"White Noise","floor":11},{"not_picked":["Leap","Beam Cell"],"picked":"SKIP","floor":12},{"not_picked":["Rebound","Steam"],"picked":"SKIP","floor":13},{"not_picked":["Capacitor"],"picked":"Stack+1","floor":15},{"not_picked":["All For One"],"picked":"Multi-Cast+1","floor":16},{"not_picked":["Sweeping Beam","Rip and Tear"],"picked":"SKIP","floor":18},{"not_picked":["Stack+1","Barrage"],"picked":"SKIP","floor":21},{"not_picked":["Gash+1","Echo Form"],"picked":"SKIP","floor":23},{"not_picked":["Self Repair","Hello World"],"picked":"SKIP","floor":25},{"not_picked":["Stack+1","Steam+1"],"picked":"SKIP","floor":27},{"not_picked":["Steam+1","Gash"],"picked":"SKIP","floor":28},{"not_picked":["Conserve Battery+1","Undo+1"],"picked":"SKIP","floor":29},{"not_picked":["Heatsinks"],"picked":"White Noise+1","floor":31},{"not_picked":["Undo+1"],"picked":"Turbo+1","floor":35},{"not_picked":["Streamline+1","Hologram+1"],"picked":"SKIP","floor":39},{"not_picked":["Fusion+1","Genetic Algorithm+1"],"picked":"SKIP","floor":40},{"not_picked":["Gash"],"picked":"Chaos+1","floor":41},{"not_picked":["Go for the Eyes","Conserve Battery+1"],"picked":"SKIP","floor":42},{"not_picked":["Hologram+1"],"picked":"Turbo+1","floor":48},{"not_picked":["Skim+1"],"picked":"Beam Cell+1","floor":49}],"player_experience":2041087,"relics_obtained":[{"floor":6,"key":"Dream Catcher"},{"floor":8,"key":"Ornamental Fan"},{"floor":9,"key":"Regal Pillow"},{"floor":10,"key":"Pear"},{"floor":13,"key":"Toxic Egg 2"},{"floor":14,"key":"Odd Mushroom"},{"floor":19,"key":"Anchor"},{"floor":23,"key":"Letter Opener"},{"floor":25,"key":"DataDisk"},{"floor":26,"key":"Bag of Preparation"},{"floor":40,"key":"Boot"},{"floor":43,"key":"Whetstone"},{"floor":45,"key":"Bird Faced Urn"},{"floor":48,"key":"Singing Bowl"}],"event_choices":[{"event_name":"Accursed Blacksmith","player_choice":"Rummage","floor":2,"damage_taken":0},{"event_name":"Golden Idol","player_choice":"Lose Max HP","floor":4,"damage_taken":0},{"event_name":"Mushrooms","player_choice":"Fought Mushrooms","floor":14,"damage_taken":0},{"event_name":"The Mausoleum","player_choice":"No","floor":22,"damage_taken":0},{"event_name":"Addict","player_choice":"Obtained Relic","floor":30,"damage_taken":0},{"event_name":"Upgrade Shrine","player_choice":"Upgraded","floor":36,"damage_taken":0},{"event_name":"The Moai Head","player_choice":"Gave Idol","floor":38,"damage_taken":0},{"event_name":"MindBloom","player_choice":"Fight","floor":45,"damage_taken":0},{"event_name":"Bonfire Elementals","player_choice":"CURSE","floor":46,"damage_taken":0},{"event_name":"Tomb of Lord Red Mask","player_choice":"Paid","floor":47,"damage_taken":0}],"is_beta":false,"boss_relics":[{"not_picked":["Empty Cage","Tiny House"],"picked":"Inserter"},{"not_picked":["Busted Crown","Snecko Eye"],"picked":"Fusion Hammer"}],"items_purged_floors":[],"is_endless":false,"potions_floor_spawned":[3,5,11,14,16,18,21,25,29,33,35],"ascension_level":0}