{"gold_per_floor":[115,115,132,6,156,156,182,0,0,0,20,55,55,84,84,159,159,174,174,174,174,6,6,17,17,66,76,103,103,103],"floor_reached":30,"playtime":1491,"items_purged":["Strike_B","Doubt"],"score":593,"play_id":"edc64af8-2057-4464-b23f-092a99743af5","local_time":"20190410220750","is_ascension_mode":true,"campfire_choices":[{"data":"Genetic Algorithm","floor":6,"key":"SMITH"},{"data":"Defragment","floor":10,"key":"SMITH"},{"data":"Zap","floor":15,"key":"SMITH"},{"data":"Aggregate","floor":23,"key":"SMITH"},{"floor":25,"key":"REST"},{"floor":29,"key":"REST"}],"neow_cost":"NONE","seed_source_timestamp":95816215063815,"circlet_count":0,"master_deck":["AscendersBane","Strike_B+1","Defend_B","Defend_B","Defend_B","Defend_B","Zap+1","Dualcast","Leap","Genetic Algorithm+1","Auto Shields","Static Discharge","Defragment+1","Conserve Battery","Sunder+1","Hello World","Reprogram","Electrodynamics","Aggregate+1","BootSequence","Redo","Steam","Reprogram+1","Coolheaded"],"relics":["Cracked Core","NeowsBlessing","Boot","Bottled Tornado","Sundial","Art of War","Philosopher\u0027s Stone","Question Card","Nloth\u0027s Gift","PreservedInsect","Omamori","Whetstone"],"potions_floor_usage":[14,18,28,30],"damage_taken":[{"damage":0,"enemies":"Jaw Worm","floor":1,"turns":1},{"damage":0,"enemies":"2 Louse","floor":3,"turns":1},{"damage":0,"enemies":"3 Sentries","floor":7,"turns":1},{"damage":7,"enemies":"Cultist","floor":11,"turns":5},{"damage":36,"enemies":"Gremlin Nob","floor":12,"turns":4},{"damage":0,"enemies":"Lagavulin","floor":14,"turns":9},{"damage":26,"enemies":"Slime Boss","floor":16,"turns":8},{"damage":24,"enemies":"Shell Parasite","floor":18,"turns":4},{"damage":14,"enemies":"Spheric Guardian","floor":24,"turns":4},{"damage":19,"enemies":"Centurion and Healer","floor":27,"turns":4},{"damage":23,"enemies":"Gremlin Leader","floor":28,"turns":3},{"damage":31,"enemies":"Book of Stabbing","floor":30,"turns":4}],"seed_played":"3881013019950047639","potions_obtained":[{"floor":3,"key":"SkillPotion"},{"floor":14,"key":"Energy Potion"},{"floor":16,"key":"Energy Potion"},{"floor":27,"key":"SpeedPotion"},{"floor":28,"key":"SpeedPotion"}],"is_trial":false,"path_per_floor":["M","?","M","$","?","R","E","$","T","R","M","E","?","E","R","B",null,"M","T","?","?","$","R","M","R","T","M","E","R","E"],"character_chosen":"DEFECT","items_purchased":["Auto Shields","Defragment","Conserve Battery","PreservedInsect"],"campfire_rested":2,"item_purchase_floors":[4,8,8,22],"current_hp_per_floor":[64,46,46,46,46,46,46,46,46,46,39,3,71,71,71,45,65,41,41,41,41,41,41,27,48,48,29,6,27,0],"gold":103,"neow_bonus":"THREE_ENEMY_KILL","is_prod":false,"is_daily":false,"chose_seed":false,"campfire_upgraded":4,"win_rate":0,"timestamp":1554948470,"path_taken":["M","?","M","$","?","R","E","$","T","R","M","E","?","E","R","BOSS","M","?","?","?","$","R","M","R","T","M","E","R","E"],"build_version":"2019-01-23","purchased_purges":2,"victory":false,"max_hp_per_floor":[71,71,71,71,71,71,71,71,71,71,71,71,71,71,71,71,71,71,71,71,71,71,71,71,71,71,71,71,71,71],"card_choices":[{"not_picked":["Hologram","Barrage"],"picked":"Leap","floor":1},{"not_picked":["Stack","Loop"],"picked":"Genetic Algorithm","floor":3},{"not_picked":["Compile Driver","Thunder Strike"],"picked":"Static Discharge","floor":7},{"not_picked":["Coolheaded","Gash"],"picked":"Sunder","floor":11},{"not_picked":["Heatsinks","Gash"],"picked":"Hello World","floor":12},{"not_picked":["Sunder","Beam Cell"],"picked":"Reprogram","floor":14},{"not_picked":["Machine Learning","Thunder Strike"],"picked":"Electrodynamics","floor":16},{"not_picked":["Leap","Lockon"],"picked":"Aggregate","floor":18},{"not_picked":["Redo","Coolheaded","Streamline"],"picked":"Steam","floor":24},{"not_picked":["Tempest","Gash","Cold Snap"],"picked":"Reprogram+1","floor":27},{"not_picked":["Barrage+1","Rip and Tear","Recycle"],"picked":"Coolheaded","floor":28}],"player_experience":3346165,"relics_obtained":[{"floor":7,"key":"Boot"},{"floor":9,"key":"Bottled Tornado"},{"floor":12,"key":"Sundial"},{"floor":14,"key":"Art of War"},{"floor":19,"key":"Question Card"},{"floor":26,"key":"Omamori"},{"floor":28,"key":"Whetstone"}],"event_choices":[{"damage_healed":0,"gold_gain":0,"player_choice":"Success","damage_taken":18,"relics_obtained":["Smiling Mask"],"max_hp_gain":0,"max_hp_loss":0,"event_name":"Scrap Ooze","floor":2,"gold_loss":0},{"damage_healed":0,"gold_gain":150,"player_choice":"AGREE","damage_taken":0,"max_hp_gain":0,"max_hp_loss":0,"event_name":"Liars Game","floor":5,"gold_loss":0,"cards_obtained":["Doubt"]},{"damage_healed":68,"gold_gain":0,"player_choice":"Full Heal","damage_taken":0,"max_hp_gain":0,"max_hp_loss":0,"event_name":"Wheel of Change","floor":13,"gold_loss":0},{"damage_healed":0,"gold_gain":0,"cards_transformed":["Strike_B","Strike_B"],"player_choice":"Became Test Subject","damage_taken":0,"max_hp_gain":0,"max_hp_loss":0,"event_name":"Drug Dealer","floor":20,"gold_loss":0,"cards_obtained":["BootSequence","Redo"]},{"damage_healed":0,"gold_gain":0,"player_choice":"Traded Relic","damage_taken":0,"relics_obtained":["Nloth\u0027s Gift"],"max_hp_gain":0,"max_hp_loss":0,"event_name":"N\u0027loth","floor":21,"relics_lost":["Smiling Mask"],"gold_loss":0}],"is_beta":false,"boss_relics":[{"not_picked":["Coffee Dripper","Fusion Hammer"],"picked":"Philosopher\u0027s Stone"}],"items_purged_floors":[4,8],"is_endless":false,"potions_floor_spawned":[3,14,16,27,28],"killed_by":"Book of Stabbing","ascension_level":18}