{"gold_per_floor":[119,48,66,66,81,81,94,109,109,109,109,69,89,102,102,203,203,185,43,43,55,65,65,81,81,81,81,101,118,43,63,63,63],"floor_reached":33,"playtime":1629,"items_purged":["Strike_R"],"score":243,"play_id":"734bf92f-1eee-4e49-984b-34137af6f175","local_time":"20190422110903","is_ascension_mode":false,"campfire_choices":[{"data":"Bash","floor":6,"key":"SMITH"},{"data":"Body Slam","floor":10,"key":"SMITH"},{"data":"Carnage","floor":15,"key":"SMITH"},{"data":"Offering","floor":23,"key":"SMITH"},{"floor":25,"key":"REST"},{"data":"Shrug It Off","floor":27,"key":"SMITH"},{"floor":32,"key":"REST"}],"neow_cost":"NONE","seed_source_timestamp":1092950134662446,"circlet_count":0,"master_deck":["Strike_R","Strike_R","Strike_R","Defend_R","Defend_R","Defend_R","Defend_R","Bash+1","Bloodletting","Dropkick","Pummel","Body Slam+1","Carnage+1","Offering+1","Shrug It Off+1","Disarm","Intimidate+1"],"relics":["Burning Blood","Mercury Hourglass","Letter Opener","Self Forming Clay","White Beast Statue","Sundial"],"potions_floor_usage":[7,8,16,16,21,22,28,28,33,33,33],"damage_taken":[{"damage":8,"enemies":"Jaw Worm","floor":1,"turns":4},{"damage":12,"enemies":"Small Slimes","floor":3,"turns":4},{"damage":0,"enemies":"Cultist","floor":5,"turns":2},{"damage":3,"enemies":"Lots of Slimes","floor":7,"turns":2},{"damage":3,"enemies":"Blue Slaver","floor":8,"turns":1},{"damage":0,"enemies":"Large Slime","floor":13,"turns":3},{"damage":1,"enemies":"2 Fungi Beasts","floor":14,"turns":2},{"damage":34,"enemies":"The Guardian","floor":16,"turns":13},{"damage":10,"enemies":"2 Thieves","floor":18,"turns":4},{"damage":5,"enemies":"3 Byrds","floor":21,"turns":5},{"damage":34,"enemies":"Sentry and Sphere","floor":22,"turns":7},{"damage":25,"enemies":"3 Cultists","floor":24,"turns":6},{"damage":9,"enemies":"Shelled Parasite and Fungi","floor":28,"turns":5},{"damage":28,"enemies":"Sentry and Sphere","floor":29,"turns":4},{"damage":10,"enemies":"3 Cultists","floor":31,"turns":5},{"damage":69,"enemies":"Automaton","floor":33,"turns":12}],"seed_played":"9208680902275759931","potions_obtained":[{"floor":5,"key":"FearPotion"},{"floor":7,"key":"AttackPotion"},{"floor":12,"key":"SpeedPotion"},{"floor":12,"key":"Block Potion"},{"floor":12,"key":"SpeedPotion"},{"floor":14,"key":"PowerPotion"},{"floor":18,"key":"Energy Potion"},{"floor":21,"key":"SkillPotion"},{"floor":22,"key":"Dexterity Potion"},{"floor":24,"key":"EssenceOfSteel"},{"floor":28,"key":"EssenceOfSteel"},{"floor":29,"key":"SkillPotion"}],"is_trial":false,"path_per_floor":["M","$","M","?","M","R","M","M","T","R","T","?","M","M","R","B",null,"M","$","$","M","M","R","M","R","T","R","M","M","$","M","R","B"],"character_chosen":"IRONCLAD","items_purchased":["Dropkick","Offering"],"campfire_rested":2,"item_purchase_floors":[2,19],"current_hp_per_floor":[78,78,72,69,75,75,78,80,80,80,80,80,80,80,80,52,80,76,76,76,77,49,49,30,54,54,54,51,29,29,25,49,0],"gold":63,"neow_bonus":"REMOVE_CARD","is_prod":false,"is_daily":false,"chose_seed":false,"campfire_upgraded":5,"win_rate":0,"timestamp":1555945743,"path_taken":["M","$","M","?","M","R","M","M","T","R","?","?","?","M","R","BOSS","M","?","$","M","M","R","M","R","T","R","M","M","$","M","R","BOSS"],"build_version":"2019-01-23","purchased_purges":1,"victory":false,"max_hp_per_floor":[80,80,80,80,80,80,80,80,80,80,80,80,80,80,80,80,80,80,80,80,80,80,80,80,80,80,80,80,80,80,80,80,80],"card_choices":[{"not_picked":["Twin Strike","Wild Strike"],"picked":"Bloodletting","floor":1},{"not_picked":["Sword Boomerang","Anger"],"picked":"Pummel","floor":3},{"not_picked":["Metallicize","Heavy Blade"],"picked":"Body Slam","floor":5},{"not_picked":["Fire Breathing","Heavy Blade","Thunderclap"],"picked":"SKIP","floor":7},{"not_picked":["Juggernaut","Body Slam"],"picked":"Carnage","floor":8},{"not_picked":["Havoc","Headbutt","Perfected Strike"],"picked":"SKIP","floor":13},{"not_picked":["Pommel Strike","Havoc","True Grit"],"picked":"SKIP","floor":14},{"not_picked":["Anger","Hemokinesis","Wild Strike+1"],"picked":"SKIP","floor":18},{"not_picked":["Warcry","Pommel Strike","Rage"],"picked":"SKIP","floor":21},{"not_picked":["Twin Strike","Clash"],"picked":"Shrug It Off","floor":22},{"not_picked":["Clash","Twin Strike"],"picked":"Disarm","floor":24},{"not_picked":["True Grit","Disarm","Twin Strike"],"picked":"SKIP","floor":28},{"not_picked":["Limit Break","Twin Strike","Clash"],"picked":"SKIP","floor":29},{"not_picked":["Shrug It Off","Dropkick"],"picked":"Intimidate+1","floor":31}],"player_experience":3447965,"relics_obtained":[{"floor":9,"key":"Letter Opener"},{"floor":11,"key":"Self Forming Clay"},{"floor":26,"key":"Sundial"}],"event_choices":[{"damage_healed":0,"gold_gain":0,"player_choice":"Success","damage_taken":3,"relics_obtained":["Mercury Hourglass"],"max_hp_gain":0,"max_hp_loss":0,"event_name":"Scrap Ooze","floor":4,"gold_loss":0},{"damage_healed":0,"gold_gain":0,"player_choice":"Bought 3 Potions","damage_taken":0,"max_hp_gain":0,"max_hp_loss":0,"event_name":"The Woman in Blue","floor":12,"gold_loss":0}],"is_beta":false,"boss_relics":[{"not_picked":["Busted Crown","Ectoplasm"],"picked":"White Beast Statue"}],"items_purged_floors":[30],"is_endless":false,"potions_floor_spawned":[5,7,14,18,21,22,24,28,29,31],"killed_by":"Automaton","ascension_level":0}