{"gold_per_floor":[116,66,241,11,11,11,11,32,32,32,57,72,72,115,115,236,236,257,257,257,282,318,318,359,458,481,481,481,16,16,39,39,159,159,177,193,68,290,308,351,351,394,440,440,461,484,497,520,520,520],"floor_reached":51,"playtime":3428,"items_purged":["Doubt","Defend_B","Defend_B"],"score":960,"play_id":"cb52b816-e28a-4a4d-83af-8a5f250a19da","local_time":"20181128183641","is_ascension_mode":true,"campfire_choices":[{"data":"Zap","floor":6,"key":"SMITH"},{"data":"Go for the Eyes","floor":10,"key":"SMITH"},{"data":"Redo","floor":13,"key":"SMITH"},{"data":"Ball Lightning","floor":15,"key":"SMITH"},{"floor":23,"key":"REST"},{"floor":27,"key":"REST"},{"floor":30,"key":"REST"},{"data":"Seek","floor":32,"key":"SMITH"},{"floor":41,"key":"REST"},{"floor":49,"key":"REST"}],"neow_cost":"NONE","seed_source_timestamp":1279479299083075,"circlet_count":0,"master_deck":["Defend_B","Zap+1","Dualcast","Redo+1","Go for the Eyes+1","Ball Lightning+1","Core Surge","Seek+1","Leap+1","Capacitor+1","Skim+1","Genetic Algorithm+1","Hologram+1","Static Discharge+1","Bite","Bite","Bite","Bite","Bite","Defragment+1","Chill","BootSequence","Redo+1","Echo Form+1","Redo+1","Barrage+1","Go for the Eyes+1","Force Field","Loop+1","Static Discharge+1","Ball Lightning","Chaos+1","Conserve Battery+1","Consume+1","Force Field+1","Stack"],"relics":["Cracked Core","Oddly Smooth Stone","Golden Idol","Frozen Egg 2","Pocketwatch","Runic Pyramid","Red Mask","Lantern","Dream Catcher","Pantograph","Nuclear Battery","Strawberry","Turnip"],"potions_floor_usage":[14,16,16,24,33,42,45,46],"damage_taken":[{"damage":4,"enemies":"Small Slimes","floor":1,"turns":3},{"damage":0,"enemies":"Jaw Worm","floor":8,"turns":3},{"damage":0,"enemies":"2 Louse","floor":11,"turns":2},{"damage":0,"enemies":"2 Fungi Beasts","floor":12,"turns":3},{"damage":5,"enemies":"Lagavulin","floor":14,"turns":6},{"damage":0,"enemies":"Slime Boss","floor":16,"turns":5},{"damage":2,"enemies":"Chosen","floor":18,"turns":3},{"damage":12,"enemies":"Colosseum Slavers","floor":19,"turns":4},{"damage":3,"enemies":"Shell Parasite","floor":21,"turns":5},{"damage":48,"enemies":"Masked Bandits","floor":22,"turns":5},{"damage":30,"enemies":"Book of Stabbing","floor":24,"turns":6},{"damage":0,"enemies":"Sentry and Sphere","floor":31,"turns":7},{"damage":48,"enemies":"Automaton","floor":33,"turns":9},{"damage":2,"enemies":"Orb Walker","floor":35,"turns":3},{"damage":0,"enemies":"3 Shapes","floor":36,"turns":4},{"damage":22,"enemies":"Writhing Mass","floor":39,"turns":6},{"damage":22,"enemies":"Nemesis","floor":40,"turns":7},{"damage":52,"enemies":"Reptomancer","floor":42,"turns":6},{"damage":6,"enemies":"Jaw Worm Horde","floor":45,"turns":4},{"damage":8,"enemies":"4 Shapes","floor":46,"turns":5},{"damage":19,"enemies":"Sphere and 2 Shapes","floor":47,"turns":6},{"damage":9,"enemies":"Jaw Worm Horde","floor":48,"turns":5},{"damage":72,"enemies":"Awakened One","floor":50,"turns":9}],"seed_played":"3214365664481593036","potions_obtained":[{"floor":1,"key":"Block Potion"},{"floor":11,"key":"Explosive Potion"},{"floor":14,"key":"Fire Potion"},{"floor":22,"key":"FearPotion"},{"floor":24,"key":"LiquidBronze"},{"floor":36,"key":"Fire Potion"},{"floor":42,"key":"Energy Potion"},{"floor":45,"key":"Block Potion"},{"floor":47,"key":"SteroidPotion"}],"is_trial":false,"path_per_floor":["M","?","?","$","?","R","?","M","T","R","M","M","R","E","R","B",null,"M","?","?","M","?","R","E","?","T","R","?","$","R","M","R","B",null,"M","M","$","?","M","E","R","E","T","?","M","M","M","M","R","B",null],"character_chosen":"DEFECT","items_purchased":["Oddly Smooth Stone","Defragment+1","Pantograph","Chill"],"campfire_rested":5,"item_purchase_floors":[4,29,29,29],"current_hp_per_floor":[71,71,71,71,53,53,58,58,58,58,58,58,58,53,53,53,80,78,66,66,63,15,39,9,9,9,33,33,33,49,56,56,22,56,56,56,56,56,38,39,57,17,17,17,17,19,18,19,37,5],"gold":520,"neow_bonus":"THREE_CARDS","is_prod":false,"is_daily":false,"chose_seed":false,"campfire_upgraded":5,"win_rate":0,"timestamp":1543448201,"path_taken":["M","?","?","$","?","R","?","M","T","R","M","M","R","E","R","BOSS","M","?","?","?","?","R","E","?","T","R","?","$","R","M","R","BOSS","M","M","$","?","M","E","R","E","T","?","M","M","M","?","R","BOSS"],"build_version":"2018-11-15","purchased_purges":3,"victory":true,"max_hp_per_floor":[75,75,75,75,75,75,80,80,80,80,80,80,80,80,80,80,80,80,80,80,80,80,80,80,80,80,80,56,56,56,56,56,56,56,56,56,56,56,56,63,63,63,63,63,63,63,63,63,63,63],"card_choices":[{"not_picked":["Barrage","Compile Driver"],"picked":"Redo","floor":0},{"not_picked":["Gash","Stack"],"picked":"Go for the Eyes","floor":1},{"not_picked":["Skim","Compile Driver"],"picked":"Ball Lightning","floor":8},{"not_picked":["Streamline","Reprogram"],"picked":"Core Surge","floor":11},{"not_picked":["Aggregate","Turbo","Ball Lightning"],"picked":"SKIP","floor":12},{"not_picked":["Beam Cell","Skim","Core Surge"],"picked":"SKIP","floor":14},{"not_picked":["Rainbow","Hyperbeam"],"picked":"Seek","floor":16},{"not_picked":["Sweeping Beam+1","Compile Driver"],"picked":"Leap+1","floor":18},{"not_picked":["Beam Cell","Ball Lightning"],"picked":"Skim+1","floor":21},{"not_picked":["Cold Snap","Fusion"],"picked":"Genetic Algorithm+1","floor":22},{"not_picked":["Reprogram+1","Cold Snap"],"picked":"Hologram+1","floor":24},{"not_picked":["Coolheaded","Sweeping Beam"],"picked":"Static Discharge+1","floor":27},{"not_picked":["Compile Driver","Creative AI+1"],"picked":"BootSequence","floor":30},{"not_picked":["Hologram","Conserve Battery"],"picked":"Redo+1","floor":31},{"not_picked":["Buffer+1","Creative AI+1"],"picked":"Echo Form+1","floor":33},{"not_picked":["Go for the Eyes","Compile Driver"],"picked":"Redo+1","floor":35},{"not_picked":["Heatsinks+1","Go for the Eyes"],"picked":"Barrage+1","floor":36},{"not_picked":["Coolheaded","Beam Cell"],"picked":"Go for the Eyes+1","floor":39},{"not_picked":["Darkness+1","Fission"],"picked":"Force Field","floor":40},{"not_picked":["Force Field+1","Conserve Battery"],"picked":"Loop+1","floor":41},{"not_picked":["Hologram","Beam Cell+1"],"picked":"Static Discharge+1","floor":42},{"not_picked":["Turbo","Redo"],"picked":"Chaos+1","floor":45},{"not_picked":["Stack+1","Redo+1"],"picked":"Conserve Battery+1","floor":46},{"not_picked":["Melter","Steam Power+1"],"picked":"Consume+1","floor":47},{"not_picked":["Rainbow","Genetic Algorithm"],"picked":"Force Field+1","floor":48},{"not_picked":["Gash","Ball Lightning+1"],"picked":"Stack","floor":49}],"player_experience":2558208,"relics_obtained":[{"floor":9,"key":"Frozen Egg 2"},{"floor":14,"key":"Pocketwatch"},{"floor":22,"key":"Red Mask"},{"floor":24,"key":"Lantern"},{"floor":26,"key":"Dream Catcher"},{"floor":40,"key":"Strawberry"},{"floor":42,"key":"Turnip"}],"event_choices":[{"cards_removed":["Strike_B"],"damage_healed":0,"gold_gain":0,"player_choice":"Card Removal","damage_taken":0,"max_hp_gain":0,"max_hp_loss":0,"event_name":"The Cleric","floor":2,"gold_loss":50},{"damage_healed":0,"gold_gain":175,"player_choice":"AGREE","damage_taken":0,"max_hp_gain":0,"max_hp_loss":0,"event_name":"Liars Game","floor":3,"gold_loss":0,"cards_obtained":["Doubt"]},{"damage_healed":0,"gold_gain":0,"player_choice":"Take Damage","damage_taken":18,"relics_obtained":["Golden Idol"],"max_hp_gain":0,"max_hp_loss":0,"event_name":"Golden Idol","floor":5,"gold_loss":0},{"damage_healed":0,"gold_gain":0,"player_choice":"Donut","damage_taken":0,"max_hp_gain":5,"max_hp_loss":0,"event_name":"Big Fish","floor":7,"gold_loss":0},{"damage_healed":0,"gold_gain":0,"player_choice":"Fight","damage_taken":0,"max_hp_gain":0,"max_hp_loss":0,"event_name":"Colosseum","floor":19,"gold_loss":0},{"damage_healed":0,"gold_gain":0,"player_choice":"Fled From Nobs","damage_taken":0,"max_hp_gain":0,"max_hp_loss":0,"event_name":"Colosseum","floor":19,"gold_loss":0},{"damage_healed":0,"gold_gain":0,"cards_transformed":["Strike_B"],"player_choice":"Transformed","damage_taken":0,"max_hp_gain":0,"max_hp_loss":0,"event_name":"Transmorgrifier","floor":20,"gold_loss":0,"cards_obtained":["Capacitor"]},{"damage_healed":0,"gold_gain":0,"player_choice":"Fought Bandits","damage_taken":0,"max_hp_gain":0,"max_hp_loss":0,"event_name":"Masked Bandits","floor":22,"gold_loss":0},{"damage_healed":0,"gold_gain":99,"player_choice":"Stole From Cult","damage_taken":0,"max_hp_gain":0,"max_hp_loss":0,"event_name":"Nest","floor":25,"gold_loss":0},{"damage_healed":0,"gold_gain":0,"player_choice":"Became a vampire","damage_taken":0,"max_hp_gain":0,"max_hp_loss":24,"event_name":"Vampires","floor":28,"gold_loss":0,"cards_obtained":["Bite","Bite","Bite","Bite","Bite"]},{"damage_healed":0,"gold_gain":222,"player_choice":"Wore Mask","damage_taken":0,"max_hp_gain":0,"max_hp_loss":0,"event_name":"Tomb of Lord Red Mask","floor":38,"gold_loss":0},{"damage_healed":0,"gold_gain":0,"cards_transformed":["Defend_B"],"player_choice":"Transformed","damage_taken":0,"max_hp_gain":0,"max_hp_loss":0,"event_name":"Transmorgrifier","floor":44,"gold_loss":0,"cards_obtained":["Ball Lightning"]}],"is_beta":false,"boss_relics":[{"not_picked":["Calling Bell","White Beast Statue"],"picked":"Runic Pyramid"},{"not_picked":["Tiny House","Fusion Hammer"],"picked":"Nuclear Battery"}],"items_purged_floors":[4,29,37],"is_endless":false,"potions_floor_spawned":[1,11,14,22,24,36,42,45,47],"ascension_level":3}