{"gold_per_floor":[114,114,39,54,69,99,99,129,154,154,154,169,184,214,214,314,314,329,344,48,98,113,113,65,80,80,80,80,110,160,175,175,275,275,290,290,305,320,335,365,365,380,380,395,410,14,29,29,29,29],"floor_reached":51,"playtime":5598,"items_purged":["Strike_R","Regret","Doubt"],"score":696,"play_id":"12007b0b-68bc-432e-af3c-53818d11c1b8","local_time":"20190618000852","daily_mods":["Allstar","Blue Cards","Lethality"],"is_ascension_mode":false,"campfire_choices":[{"floor":7,"key":"REST"},{"floor":10,"key":"REST"},{"data":"Apotheosis","floor":15,"key":"SMITH"},{"data":"Bash","floor":23,"key":"SMITH"},{"data":"Disarm","floor":28,"key":"SMITH"},{"data":"Fiend Fire","floor":32,"key":"SMITH"},{"floor":41,"key":"REST"},{"floor":49,"key":"REST"}],"neow_cost":"","seed_source_timestamp":422609818560080,"circlet_count":0,"master_deck":["Strike_R","Defend_R","Defend_R","Defend_R","Defend_R","Bash+1","PanicButton","Forethought","Apotheosis+1","Thinking Ahead","Mayhem","Conserve Battery","Inflame","Undo+1","Disarm+1","Glacier+1","Core Surge","Decay","Warcry+1","Ghostly Armor+1","Leap+1","Turbo+1","Stack+1","White Noise+1","Fiend Fire+1","Inflame","Rainbow+1","Clothesline+1","Go for the Eyes+1","Disarm+1","Sword Boomerang+1","Leap+1","Coolheaded+1","BootSequence+1","True Grit+1","Bandage Up+1","Coolheaded+1","Heavy Blade","Hologram+1","Writhe"],"special_seed":18065,"relics":["Black Blood","Anchor","Question Card","Oddly Smooth Stone","Blood Vial","Calling Bell","Ancient Tea Set","Pocketwatch","Toxic Egg 2","Happy Flower","War Paint","Gremlin Horn","Pantograph","Bag of Marbles","Art of War","Sundial"],"potions_floor_usage":[6,8,14,16,16,29,33,39,45,47,47,50],"damage_taken":[{"damage":9,"enemies":"Cultist","floor":1,"turns":3},{"damage":11,"enemies":"2 Louse","floor":4,"turns":4},{"damage":10,"enemies":"Jaw Worm","floor":5,"turns":4},{"damage":37,"enemies":"3 Sentries","floor":6,"turns":8},{"damage":23,"enemies":"Gremlin Nob","floor":8,"turns":4},{"damage":8,"enemies":"Looter","floor":12,"turns":4},{"damage":6,"enemies":"Exordium Wildlife","floor":13,"turns":6},{"damage":5,"enemies":"3 Sentries","floor":14,"turns":9},{"damage":51,"enemies":"Hexaghost","floor":16,"turns":20},{"damage":3,"enemies":"Chosen","floor":18,"turns":7},{"damage":4,"enemies":"Shell Parasite","floor":19,"turns":9},{"damage":9,"enemies":"Sentry and Sphere","floor":22,"turns":12},{"damage":2,"enemies":"Snake Plant","floor":25,"turns":5},{"damage":6,"enemies":"Slavers","floor":29,"turns":10},{"damage":0,"enemies":"Snecko","floor":31,"turns":6},{"damage":40,"enemies":"Collector","floor":33,"turns":13},{"damage":8,"enemies":"Orb Walker","floor":35,"turns":3},{"damage":9,"enemies":"3 Shapes","floor":37,"turns":4},{"damage":11,"enemies":"Maw","floor":38,"turns":8},{"damage":36,"enemies":"Jaw Worm Horde","floor":39,"turns":8},{"damage":20,"enemies":"Nemesis","floor":40,"turns":6},{"damage":29,"enemies":"Sphere and 2 Shapes","floor":42,"turns":6},{"damage":21,"enemies":"Maw","floor":44,"turns":9},{"damage":36,"enemies":"3 Darklings","floor":45,"turns":7},{"damage":19,"enemies":"Spire Growth","floor":47,"turns":6},{"damage":63,"enemies":"Time Eater","floor":50,"turns":15}],"seed_played":"-5358867478897868578","potions_obtained":[{"floor":1,"key":"Swift Potion"},{"floor":5,"key":"Dexterity Potion"},{"floor":12,"key":"Weak Potion"},{"floor":13,"key":"SkillPotion"},{"floor":14,"key":"Energy Potion"},{"floor":19,"key":"Fire Potion"},{"floor":25,"key":"Weak Potion"},{"floor":31,"key":"FairyPotion"},{"floor":35,"key":"EssenceOfSteel"},{"floor":42,"key":"Strength Potion"},{"floor":44,"key":"Fire Potion"},{"floor":47,"key":"PowerPotion"}],"is_trial":false,"path_per_floor":["M","?","$","M","M","E","R","E","T","R","?","M","M","E","R","B",null,"M","M","$","T","M","R","$","M","T","?","R","E","T","M","R","B",null,"M","?","M","M","M","E","R","M","T","M","M","$","M","?","R","B",null],"character_chosen":"IRONCLAD","items_purchased":["Happy Flower","Leap+1","Stack+1","Bandage Up+1","Coolheaded+1","BloodPotion","Heavy Blade"],"campfire_rested":4,"item_purchase_floors":[20,20,24,46,46,46,46],"current_hp_per_floor":[77,70,70,65,61,30,54,37,37,61,61,59,59,60,60,17,80,80,80,80,80,77,77,77,80,80,80,80,80,80,80,80,46,80,80,80,80,79,54,46,70,53,53,44,20,20,27,47,71,27],"gold":29,"neow_bonus":"","is_prod":false,"is_daily":true,"chose_seed":false,"campfire_upgraded":4,"win_rate":0,"timestamp":1560830932,"path_taken":["M","?","$","M","M","E","R","E","T","R","?","M","M","E","R","BOSS","M","?","?","?","M","R","$","?","T","?","R","E","?","M","R","BOSS","M","?","M","M","M","E","R","M","T","M","M","$","M","?","R","BOSS"],"build_version":"2019-01-23","purchased_purges":3,"victory":true,"max_hp_per_floor":[80,80,80,80,80,80,80,80,80,80,80,80,80,80,80,80,80,80,80,80,80,80,80,80,80,80,80,80,80,80,80,80,80,80,80,80,80,80,80,80,80,80,80,80,80,80,80,80,80,80],"card_choices":[{"not_picked":["Twin Strike","Havoc"],"picked":"Conserve Battery","floor":1},{"not_picked":["Metallicize","Beam Cell","Twin Strike"],"picked":"SKIP","floor":4},{"not_picked":["Force Field","Twin Strike"],"picked":"Inflame","floor":5},{"not_picked":["Infernal Blade","Cleave","Beam Cell"],"picked":"SKIP","floor":6},{"not_picked":["Immolate","Sunder"],"picked":"Undo","floor":8},{"not_picked":["Iron Wave","Lockon","Streamline","Redo"],"picked":"SKIP","floor":12},{"not_picked":["Tempest","Metallicize","Heavy Blade"],"picked":"Disarm","floor":13},{"not_picked":["Compile Driver","Cold Snap","Double Tap"],"picked":"Glacier","floor":14},{"not_picked":["All For One","Buffer","Machine Learning"],"picked":"Core Surge","floor":16},{"not_picked":["Rampage","Cold Snap","Beam Cell"],"picked":"Warcry+1","floor":18},{"not_picked":["Beam Cell","Cleave","Sentinel+1"],"picked":"Ghostly Armor+1","floor":19},{"not_picked":["Cold Snap","Sentinel+1","Sweeping Beam"],"picked":"Turbo+1","floor":22},{"not_picked":["Redo+1","Hello World","Steam+1"],"picked":"White Noise+1","floor":25},{"not_picked":["Hello World","Biased Cognition","Leap+1"],"picked":"Fiend Fire","floor":29},{"not_picked":["Sword Boomerang","Rupture+1","Turbo+1"],"picked":"Inflame","floor":31},{"not_picked":["Biased Cognition","Bludgeon","Meteor Strike"],"picked":"Rainbow+1","floor":33},{"not_picked":["Sword Boomerang","Wild Strike+1","Armaments+1"],"picked":"Clothesline+1","floor":35},{"not_picked":["Redo+1","Force Field+1","Biased Cognition"],"picked":"Go for the Eyes+1","floor":37},{"not_picked":["Seeing Red+1","Go for the Eyes","Leap+1"],"picked":"Disarm+1","floor":38},{"not_picked":["Dropkick+1","BootSequence+1","Combust"],"picked":"Sword Boomerang+1","floor":39},{"not_picked":["Havoc+1","Sever Soul+1","Blood for Blood+1"],"picked":"Leap+1","floor":40},{"not_picked":["Perfected Strike","Amplify+1","Reckless Charge"],"picked":"Coolheaded+1","floor":42},{"not_picked":["Intimidate+1","Reprogram+1","Wild Strike+1"],"picked":"BootSequence+1","floor":44},{"not_picked":["Beam Cell+1","Iron Wave+1","Thunderclap+1"],"picked":"True Grit+1","floor":45},{"not_picked":["Blizzard","Intimidate+1","Iron Wave"],"picked":"Hologram+1","floor":47}],"player_experience":3774978,"relics_obtained":[{"floor":6,"key":"Anchor"},{"floor":8,"key":"Question Card"},{"floor":9,"key":"Oddly Smooth Stone"},{"floor":14,"key":"Blood Vial"},{"floor":17,"key":"Ancient Tea Set"},{"floor":17,"key":"Pocketwatch"},{"floor":17,"key":"Toxic Egg 2"},{"floor":21,"key":"War Paint"},{"floor":26,"key":"Gremlin Horn"},{"floor":29,"key":"Pantograph"},{"floor":30,"key":"Bag of Marbles"},{"floor":40,"key":"Art of War"},{"floor":43,"key":"Sundial"}],"event_choices":[{"cards_removed":["Strike_R"],"damage_healed":0,"gold_gain":0,"player_choice":"Card Removal","damage_taken":7,"max_hp_gain":0,"max_hp_loss":0,"event_name":"Golden Wing","floor":2,"gold_loss":0},{"cards_removed":["Strike_R"],"damage_healed":0,"gold_gain":0,"player_choice":"Purged","damage_taken":0,"max_hp_gain":0,"max_hp_loss":0,"event_name":"Purifier","floor":11,"gold_loss":0},{"damage_healed":0,"gold_gain":0,"player_choice":"Ignored","damage_taken":0,"max_hp_gain":0,"max_hp_loss":0,"event_name":"Ghosts","floor":27,"gold_loss":0},{"cards_removed":["Strike_R"],"damage_healed":0,"gold_gain":0,"player_choice":"Removed Attack","damage_taken":0,"max_hp_gain":0,"max_hp_loss":0,"event_name":"Falling","floor":36,"gold_loss":0},{"damage_healed":20,"gold_gain":0,"player_choice":"Writhe","damage_taken":0,"max_hp_gain":0,"max_hp_loss":0,"event_name":"Winding Halls","floor":48,"gold_loss":0,"cards_obtained":["Writhe"]}],"is_beta":false,"boss_relics":[{"not_picked":["Ectoplasm","Busted Crown"],"picked":"Calling Bell"},{"not_picked":["Philosopher\u0027s Stone","Black Star"],"picked":"Black Blood"}],"items_purged_floors":[3,20,46],"is_endless":false,"potions_floor_spawned":[1,5,12,13,14,19,25,31,35,42,44,47],"ascension_level":0}