{"gold_per_floor":[110,4,17,34,45,45,45,64,140,160,240,254,269,269,269,372,372,382,382,395,395,407,425,0,13,13,29,29,29],"floor_reached":29,"playtime":4396,"items_purged":[],"score":223,"play_id":"1894efee-64d5-4fec-be0d-81c8c563abbd","local_time":"20190709080511","is_ascension_mode":false,"campfire_choices":[{"floor":6,"key":"REST"},{"floor":15,"key":"REST"}],"neow_cost":"","seed_source_timestamp":0,"circlet_count":0,"master_deck":["Strike_R","Strike_R","Strike_R","Strike_R","Strike_R","Defend_R","Defend_R","Defend_R","Defend_R","Bash","Power Through","Thunderclap","Hemokinesis","Inflame+1","Cleave","Anger","Warcry","Shockwave","Cleave","Thunderclap","Juggernaut+1","Thunderclap+1","Ghostly Armor+1","Shrug It Off","Carnage","Secret Technique","Impatience","Second Wind","Combust+1","Perfected Strike+1","Iron Wave+1"],"special_seed":0,"relics":["Burning Blood","Frozen Egg 2","Fusion Hammer","MutagenicStrength","Molten Egg 2"],"potions_floor_usage":[16,16,16,29],"damage_taken":[{"damage":15.0,"enemies":"Jaw Worm","floor":1.0,"turns":4.0},{"damage":15,"enemies":"Small Slimes","floor":3,"turns":2},{"damage":3,"enemies":"Cultist","floor":4,"turns":3},{"damage":9,"enemies":"Blue Slaver","floor":5,"turns":4},{"damage":5,"enemies":"Looter","floor":8,"turns":4},{"damage":8,"enemies":"Lots of Slimes","floor":10,"turns":4},{"damage":8,"enemies":"3 Louse","floor":12,"turns":4},{"damage":12,"enemies":"2 Fungi Beasts","floor":13,"turns":2},{"damage":65,"enemies":"The Guardian","floor":16,"turns":16},{"damage":27,"enemies":"2 Thieves","floor":18,"turns":4},{"damage":14,"enemies":"3 Byrds","floor":20,"turns":5},{"damage":22,"enemies":"Snake Plant","floor":22,"turns":4},{"damage":18,"enemies":"Centurion and Healer","floor":23,"turns":6},{"damage":0,"enemies":"3 Cultists","floor":25,"turns":3},{"damage":18,"enemies":"Snake Plant","floor":27,"turns":3},{"damage":17,"enemies":"Snecko","floor":29,"turns":3}],"seed_played":"-4520676414434163394","potions_obtained":[{"floor":5,"key":"SkillPotion"},{"floor":8,"key":"Swift Potion"},{"floor":10,"key":"LiquidBronze"},{"floor":13,"key":"Weak Potion"},{"floor":23,"key":"Strength Potion"},{"floor":25,"key":"GamblersBrew"},{"floor":27,"key":"SkillPotion"}],"is_trial":false,"path_per_floor":["M","$","M","M","M","R","?","M","T","M","?","M","M","?","R","B",null,"M","?","M","?","M","M","$","M","T","M","?","M"],"character_chosen":"IRONCLAD","items_purchased":["Thunderclap","Hemokinesis","Secret Technique","Impatience","Second Wind","Combust+1"],"campfire_rested":2,"item_purchase_floors":[2,2,24,24,24,24],"current_hp_per_floor":[71,71,62,65,62,80,80,80,80,78,78,76,70,70,80,21,80,59,59,51,51,35,23,23,29,29,17,17,0],"gold":29,"neow_bonus":"","is_prod":false,"is_daily":false,"chose_seed":false,"campfire_upgraded":0,"win_rate":0.0,"timestamp":1562652311,"path_taken":["M","$","M","M","M","R","?","M","T","M","?","M","M","?","R","BOSS","M","?","M","?","M","?","$","M","T","M","?","M"],"build_version":"2019-07-05","purchased_purges":0,"victory":false,"max_hp_per_floor":[80,80,80,80,80,80,80,80,80,80,80,80,80,80,80,80,80,80,80,80,80,80,80,80,80,80,80,80,80],"card_choices":[{"not_picked":["Warcry","Ghostly Armor"],"picked":"Power Through","floor":1.0},{"not_picked":["Entrench","Infernal Blade"],"picked":"Inflame","floor":3},{"not_picked":["Clothesline","Shrug It Off"],"picked":"Cleave","floor":4},{"not_picked":["Cleave","Pommel Strike"],"picked":"Anger","floor":5},{"not_picked":["Dark Embrace","Flex"],"picked":"Warcry","floor":8},{"not_picked":["Uppercut","Iron Wave"],"picked":"Shockwave","floor":10},{"not_picked":["Shrug It Off","Iron Wave"],"picked":"Cleave","floor":12},{"not_picked":["Twin Strike","Flex"],"picked":"Thunderclap","floor":13},{"not_picked":["Dark Embrace+1","Double Tap"],"picked":"Juggernaut+1","floor":16},{"not_picked":["Combust+1","Armaments"],"picked":"Thunderclap+1","floor":18},{"not_picked":["Perfected Strike","Clash"],"picked":"Ghostly Armor+1","floor":20},{"not_picked":["Iron Wave","Anger+1"],"picked":"Shrug It Off","floor":22},{"not_picked":["Thunderclap","Pummel+1"],"picked":"Carnage","floor":23},{"not_picked":["True Grit","Reckless Charge"],"picked":"Perfected Strike+1","floor":25},{"not_picked":["Perfected Strike+1","Ghostly Armor"],"picked":"Iron Wave+1","floor":27}],"player_experience":0,"relics_obtained":[{"floor":9,"key":"Frozen Egg 2"},{"floor":26,"key":"Molten Egg 2"}],"event_choices":[{"damage_healed":0,"gold_gain":0,"player_choice":"Grow","damage_taken":0,"max_hp_gain":0,"max_hp_loss":0,"event_name":"Living Wall","floor":7,"gold_loss":0,"cards_upgraded":["Inflame"]},{"damage_healed":0,"gold_gain":80,"player_choice":"Gained Gold","damage_taken":0,"max_hp_gain":0,"max_hp_loss":0,"event_name":"Golden Wing","floor":11,"gold_loss":0},{"damage_healed":0,"gold_gain":0,"player_choice":"Ignored","damage_taken":0,"max_hp_gain":0,"max_hp_loss":0,"event_name":"Shining Light","floor":14,"gold_loss":0},{"damage_healed":0,"gold_gain":0,"player_choice":"Inject Mutagens","damage_taken":0,"relics_obtained":["MutagenicStrength"],"max_hp_gain":0,"max_hp_loss":0,"event_name":"Drug Dealer","floor":19,"gold_loss":0},{"damage_healed":0,"gold_gain":0,"player_choice":"Ignored","damage_taken":0,"max_hp_gain":0,"max_hp_loss":0,"event_name":"Purifier","floor":21,"gold_loss":0},{"damage_healed":0,"gold_gain":0,"player_choice":"Ignored","damage_taken":0,"max_hp_gain":0,"max_hp_loss":0,"event_name":"Vampires","floor":28,"gold_loss":0}],"is_beta":false,"boss_relics":[{"not_picked":["Empty Cage","Snecko Eye"],"picked":"Fusion Hammer"}],"items_purged_floors":[],"is_endless":false,"potions_floor_spawned":[5,8,10,13,23,25,27],"killed_by":"Snecko","ascension_level":0}