{"gold_per_floor":[114,129,144,144,73,73,103,118,118,133,148,163,163,178,178,278,278,293,308,308,323,338,368,368,383,383,161,176,176,191,206,206,306,306,321,336,351,351,351,366,111,126,126,141,141,171,171,21,21,21],"floor_reached":51,"playtime":4797,"items_purged":[],"score":784,"play_id":"d60d11a4-0574-4219-8409-c5bd3846cb31","local_time":"20190411164329","daily_mods":["Draft","Uncertain Future","Binary"],"is_ascension_mode":false,"campfire_choices":[{"data":"Noxious Fumes","floor":6,"key":"SMITH"},{"data":"Catalyst","floor":15,"key":"SMITH"},{"floor":24,"key":"REST"},{"floor":29,"key":"DIG"},{"floor":32,"key":"DIG"},{"data":"Malaise","floor":45,"key":"SMITH"},{"floor":47,"key":"DIG"},{"floor":49,"key":"DIG"}],"neow_cost":"","seed_source_timestamp":158527347858868,"circlet_count":0,"master_deck":["Backflip","Deflect","PiercingWail","Backflip","Quick Slash","Backflip","Acrobatics","Bane","Deadly Poison","Catalyst+1","Quick Slash","Well Laid Plans+1","Caltrops","Noxious Fumes+1","Caltrops","Escape Plan","Calculated Gamble","Envenom","After Image","Dodge and Roll+1","Backflip","Corpse Explosion","Malaise+1","Calculated Gamble","Metamorphosis","Flash of Steel","Calculated Gamble","Well Laid Plans"],"special_seed":17997,"relics":["Ring of the Snake","FaceOfCleric","Shovel","Dead Branch","Snecko Eye","Tough Bandages","Bird Faced Urn","Lee\u0027s Waffle","The Specimen","Matryoshka","HoveringKite","Omamori","Bottled Lightning","Anchor","Smiling Mask","Bronze Scales","Boot"],"potions_floor_usage":[10,12,23,23,23,33,40,42,50,50,50],"damage_taken":[{"damage":0,"enemies":"Cultist","floor":1,"turns":4},{"damage":2,"enemies":"Jaw Worm","floor":2,"turns":3},{"damage":2,"enemies":"2 Louse","floor":3,"turns":3},{"damage":15,"enemies":"3 Sentries","floor":7,"turns":6},{"damage":4,"enemies":"Blue Slaver","floor":8,"turns":3},{"damage":13,"enemies":"Gremlin Gang","floor":10,"turns":5},{"damage":1,"enemies":"2 Fungi Beasts","floor":11,"turns":3},{"damage":8,"enemies":"Exordium Thugs","floor":12,"turns":4},{"damage":1,"enemies":"3 Louse","floor":14,"turns":3},{"damage":13,"enemies":"Hexaghost","floor":16,"turns":8},{"damage":16,"enemies":"2 Thieves","floor":18,"turns":4},{"damage":0,"enemies":"Chosen","floor":19,"turns":3},{"damage":4,"enemies":"Shelled Parasite and Fungi","floor":21,"turns":4},{"damage":7,"enemies":"Snecko","floor":22,"turns":6},{"damage":42,"enemies":"Slavers","floor":23,"turns":7},{"damage":0,"enemies":"Centurion and Healer","floor":25,"turns":7},{"damage":12,"enemies":"Cultist and Chosen","floor":28,"turns":8},{"damage":0,"enemies":"Snake Plant","floor":30,"turns":3},{"damage":0,"enemies":"Chosen and Byrds","floor":31,"turns":4},{"damage":27,"enemies":"Champ","floor":33,"turns":10},{"damage":1,"enemies":"3 Darklings","floor":35,"turns":3},{"damage":0,"enemies":"Orb Walker","floor":36,"turns":4},{"damage":0,"enemies":"Maw","floor":37,"turns":6},{"damage":0,"enemies":"Transient","floor":40,"turns":5},{"damage":1,"enemies":"Writhing Mass","floor":42,"turns":7},{"damage":0,"enemies":"Sphere and 2 Shapes","floor":44,"turns":4},{"damage":0,"enemies":"Nemesis","floor":46,"turns":7},{"damage":1,"enemies":"Donu and Deca","floor":50,"turns":5}],"seed_played":"6366022716300994326","potions_obtained":[{"floor":7,"key":"Swift Potion"},{"floor":10,"key":"Poison Potion"},{"floor":11,"key":"Ancient Potion"},{"floor":16,"key":"Dexterity Potion"},{"floor":19,"key":"LiquidBronze"},{"floor":22,"key":"PowerPotion"},{"floor":28,"key":"Dexterity Potion"},{"floor":30,"key":"Swift Potion"},{"floor":37,"key":"SkillPotion"},{"floor":42,"key":"Ancient Potion"},{"floor":44,"key":"Dexterity Potion"}],"is_trial":false,"path_per_floor":["M","M","M","?","$","R","E","M","T","M","M","M","?","M","R","B",null,"M","M","?","M","M","E","R","M","T","$","M","R","M","M","R","B",null,"M","M","M","?","?","M","$","M","T","M","R","E","R","$","R","B",null],"character_chosen":"THE_SILENT","items_purchased":["Noxious Fumes","Lee\u0027s Waffle","Backflip","Calculated Gamble","Well Laid Plans","Fire Potion","Weak Potion","Bronze Scales"],"campfire_rested":1,"item_purchase_floors":[5,27,27,41,41,41,41,48],"current_hp_per_floor":[70,68,66,66,66,66,52,49,49,37,37,30,30,30,30,18,77,62,63,63,60,54,13,37,38,38,90,85,85,92,93,93,75,94,95,96,97,87,87,98,98,99,99,100,100,101,101,101,101,101],"gold":21,"neow_bonus":"","is_prod":false,"is_daily":true,"chose_seed":false,"campfire_upgraded":3,"win_rate":0,"timestamp":1555015409,"path_taken":["M","M","M","?","$","R","E","M","T","M","?","M","?","M","R","BOSS","M","?","?","M","M","E","R","M","T","$","M","R","?","M","R","BOSS","M","M","M","?","?","M","?","M","T","M","R","E","R","$","R","BOSS"],"build_version":"2019-01-23","purchased_purges":0,"victory":true,"max_hp_per_floor":[70,70,70,70,70,70,71,72,72,73,74,75,75,76,76,77,77,78,79,79,80,81,82,82,83,83,90,91,91,92,93,93,94,94,95,96,97,97,97,98,98,99,99,100,100,101,101,101,101,102],"card_choices":[{"not_picked":["Underhanded Strike","Prepared"],"picked":"Backflip","floor":0},{"not_picked":["Outmaneuver","Sucker Punch"],"picked":"Deflect","floor":0},{"not_picked":["Outmaneuver","Deadly Poison"],"picked":"PiercingWail","floor":0},{"not_picked":["Tactician","Reflex"],"picked":"Dagger Throw","floor":0},{"not_picked":["Dodge and Roll","Sucker Punch"],"picked":"Backflip","floor":0},{"not_picked":["Outmaneuver","Cloak And Dagger"],"picked":"Quick Slash","floor":0},{"not_picked":["Heel Hook","Dodge and Roll"],"picked":"Backflip","floor":0},{"not_picked":["Sucker Punch","Underhanded Strike"],"picked":"Acrobatics","floor":0},{"not_picked":["Cloak And Dagger","Prepared"],"picked":"Bane","floor":0},{"not_picked":["Dagger Throw","Sucker Punch"],"picked":"Prepared","floor":0},{"not_picked":["Quick Slash","Dash"],"picked":"Deadly Poison","floor":0},{"not_picked":["Heel Hook","PiercingWail"],"picked":"Catalyst","floor":0},{"not_picked":["Bane","Reflex"],"picked":"Quick Slash","floor":0},{"not_picked":["Blade Dance","Blur"],"picked":"Well Laid Plans","floor":0},{"not_picked":["Underhanded Strike","Prepared"],"picked":"Caltrops","floor":0},{"not_picked":["Terror","Blade Dance"],"picked":"SKIP","floor":1},{"not_picked":["Dodge and Roll","Poisoned Stab"],"picked":"SKIP","floor":2},{"not_picked":["Predator","Setup"],"picked":"SKIP","floor":3},{"not_picked":["All Out Attack","Poisoned Stab"],"picked":"SKIP","floor":7},{"not_picked":["Deadly Poison"],"picked":"Caltrops","floor":8},{"not_picked":["Finisher"],"picked":"Escape Plan","floor":10},{"not_picked":["Finisher","Underhanded Strike"],"picked":"SKIP","floor":11},{"not_picked":["Bouncing Flask"],"picked":"Calculated Gamble","floor":12},{"not_picked":["Flying Knee","Blade Dance"],"picked":"SKIP","floor":14},{"not_picked":["Grand Finale"],"picked":"After Image","floor":16},{"not_picked":["Masterful Stab","Slice"],"picked":"SKIP","floor":18},{"not_picked":["Riddle With Holes","Acrobatics"],"picked":"SKIP","floor":19},{"not_picked":["Bane"],"picked":"Dodge and Roll+1","floor":21},{"not_picked":["Prepared","Finisher"],"picked":"SKIP","floor":22},{"not_picked":["Sucker Punch","Underhanded Strike"],"picked":"SKIP","floor":23},{"not_picked":["Slice","Flying Knee"],"picked":"SKIP","floor":25},{"not_picked":["Underhanded Strike","Poisoned Stab"],"picked":"SKIP","floor":28},{"not_picked":["Caltrops+1"],"picked":"Corpse Explosion","floor":30},{"not_picked":["Accuracy","Bane"],"picked":"SKIP","floor":31},{"not_picked":["Die Die Die"],"picked":"Malaise","floor":33},{"not_picked":["Bane","Flechettes+1"],"picked":"SKIP","floor":35},{"not_picked":["Sucker Punch+1"],"picked":"Calculated Gamble","floor":36},{"not_picked":["Dagger Spray+1","Prepared+1"],"picked":"SKIP","floor":37},{"not_picked":["HandOfGreed"],"picked":"Metamorphosis","floor":38},{"not_picked":["Swift Strike"],"picked":"Flash of Steel","floor":38},{"not_picked":["Accuracy+1","Outmaneuver"],"picked":"SKIP","floor":40},{"not_picked":["Cloak And Dagger+1","Bane+1"],"picked":"SKIP","floor":42},{"not_picked":["Infinite Blades","Acrobatics+1"],"picked":"SKIP","floor":44},{"not_picked":["Masterful Stab+1","Blade Dance"],"picked":"SKIP","floor":46}],"player_experience":3360224,"relics_obtained":[{"floor":7,"key":"Shovel"},{"floor":9,"key":"Dead Branch"},{"floor":23,"key":"Tough Bandages"},{"floor":26,"key":"Bird Faced Urn"},{"floor":29,"key":"The Specimen"},{"floor":32,"key":"Matryoshka"},{"floor":43,"key":"Omamori"},{"floor":43,"key":"Bottled Lightning"},{"floor":46,"key":"Anchor"},{"floor":47,"key":"Smiling Mask"},{"floor":49,"key":"Boot"}],"event_choices":[{"damage_healed":0,"gold_gain":0,"player_choice":"Trade","damage_taken":0,"relics_obtained":["FaceOfCleric"],"max_hp_gain":0,"max_hp_loss":0,"event_name":"FaceTrader","floor":4,"gold_loss":0},{"damage_healed":0,"gold_gain":0,"cards_transformed":["Dagger Throw"],"player_choice":"Transformed","damage_taken":0,"max_hp_gain":0,"max_hp_loss":0,"event_name":"Transmorgrifier","floor":13,"gold_loss":0,"cards_obtained":["Envenom"]},{"damage_healed":0,"gold_gain":0,"player_choice":"Upgraded","damage_taken":0,"max_hp_gain":0,"max_hp_loss":0,"event_name":"Upgrade Shrine","floor":20,"gold_loss":0,"cards_upgraded":["Well Laid Plans"]},{"damage_healed":0,"gold_gain":0,"player_choice":"Memory 3","damage_taken":10,"max_hp_gain":0,"max_hp_loss":0,"event_name":"SensoryStone","floor":38,"gold_loss":0},{"cards_removed":["Prepared"],"damage_healed":0,"gold_gain":0,"player_choice":"Removed Skill","damage_taken":0,"max_hp_gain":0,"max_hp_loss":0,"event_name":"Falling","floor":39,"gold_loss":0}],"is_beta":false,"boss_relics":[{"not_picked":["WristBlade","Runic Pyramid"],"picked":"Snecko Eye"},{"not_picked":["Ring of the Serpent","Coffee Dripper"],"picked":"HoveringKite"}],"items_purged_floors":[],"is_endless":false,"potions_floor_spawned":[7,10,11,16,19,22,28,30,37,42,44],"ascension_level":0}