{"path_per_floor":["M","?","?","$","$","E","R","E","T","R","?","R","M","M","R","B",null,"M","?","?","M","?","R","M","R","T","M","R","M","$","M","R","B",null,"M","?","?","M","?","R"],"character_chosen":"THE_SILENT","items_purchased":["Noxious Fumes","Pantograph","Dexterity Potion","Bandage Up"],"gold_per_floor":[109,109,109,37,37,81,81,120,197,197,272,272,296,319,319,450,450,474,474,389,400,350,350,369,369,444,461,461,480,20,31,31,136,136,152,252,252,267,267,267],"floor_reached":41,"campfire_rested":2,"playtime":3186,"current_hp_per_floor":[54,47,47,47,47,12,30,11,11,29,18,18,30,42,42,40,57,57,57,57,40,40,40,42,42,47,39,39,37,37,42,42,24,53,57,62,62,62,62,62],"items_purged":["Decay"],"gold":267,"score":555,"play_id":"531f976b-8b61-4285-91ae-6a2b7ab05e65","is_prod":false,"is_daily":false,"is_ascension_mode":true,"campfire_upgraded":7,"path_taken":["M","?","?","?","$","E","R","E","T","R","?","R","M","M","R","BOSS","M","?","?","M","?","R","M","R","T","M","R","M","$","M","R","BOSS","M","?","?","M","?","R","E"],"build_version":"2018-02-22-PROD2","purchased_purges":1,"victory":false,"master_deck":["Defend_G","Defend_G+1","Defend_G","Defend_G","Defend_G","Strike_G","Strike_G","Strike_G","Strike_G","Strike_G","Survivor","Neutralize+1","Dagger Spray+1","Noxious Fumes+1","Deflect+1","Backflip+1","Die Die Die","Calculated Gamble+1","Acrobatics+1","Burst+1","Bandage Up+1","Night Terror+1","Neutralize+1"],"max_hp_per_floor":[70,67,62,62,62,62,62,62,62,62,62,62,62,62,62,62,62,62,62,62,62,62,62,62,62,62,62,62,62,62,62,62,62,62,62,62,62,62,62,62],"relics":["Ring of the Snake","Bronze Scales","Bloody Idol","War Paint","Unceasing Top","Meat on the Bone","Cursed Key","Mummified Hand","Centennial Puzzle","Pantograph","Sozu"],"card_choices":[{"not_picked":["Sucker Punch","Cloak And Dagger"],"picked":"Dagger Spray"},{"not_picked":["Bane","Underhanded Strike"],"picked":"Deflect"},{"not_picked":["Leg Sweep","Noxious Fumes"],"picked":"Backflip"},{"not_picked":["Envenom","Tactician"],"picked":"Die Die Die"},{"not_picked":["Deadly Poison","Slice"],"picked":"Calculated Gamble"},{"not_picked":["Heel Hook","Finisher"],"picked":"Acrobatics"},{"not_picked":["Dagger Spray","Dagger Throw"],"picked":"Burst"},{"not_picked":["Storm of Steel","Doppelganger"],"picked":"Night Terror"}],"player_experience":898398,"potions_floor_usage":[16,24,24,33,35,35],"damage_taken":[{"damage":9,"enemies":"Jaw Worm","floor":1,"turns":4},{"damage":35,"enemies":"Gremlin Nob","floor":6,"turns":5},{"damage":19,"enemies":"3 Sentries","floor":8,"turns":7},{"damage":0,"enemies":"Small Slimes","floor":13,"turns":3},{"damage":0,"enemies":"2 Louse","floor":14,"turns":2},{"damage":14,"enemies":"The Guardian","floor":16,"turns":11},{"damage":0,"enemies":"3 Byrds","floor":18,"turns":3},{"damage":22,"enemies":"Spheric Guardian","floor":21,"turns":6},{"damage":15,"enemies":"Snecko","floor":24,"turns":6},{"damage":25,"enemies":"Cultist and Chosen","floor":27,"turns":8},{"damage":19,"enemies":"Snake Plant","floor":29,"turns":4},{"damage":4,"enemies":"Centurion and Healer","floor":31,"turns":7},{"damage":59,"enemies":"Automaton","floor":33,"turns":14},{"damage":9,"enemies":"3 Darklings","floor":35,"turns":6},{"damage":0,"enemies":"3 Shapes","floor":38,"turns":4},{"damage":82,"enemies":"Nemesis","floor":41,"turns":7}],"event_choices":[{"event_name":"Golden Wing","player_choice":"Card Removal","floor":2,"damage_taken":0},{"event_name":"Golden Idol","player_choice":"Lose Max HP","floor":3,"damage_taken":0},{"event_name":"World of Goop","player_choice":"Gather Gold","floor":11,"damage_taken":0},{"event_name":"Forgotten Altar","player_choice":"Gave Idol","floor":19,"damage_taken":0},{"event_name":"Addict","player_choice":"Obtained Relic","floor":20,"damage_taken":0},{"event_name":"The Joust","player_choice":"Bet on Murderer","floor":22,"damage_taken":0},{"event_name":"Golden Shrine","player_choice":"Pray","floor":36,"damage_taken":0},{"event_name":"Upgrade Shrine","player_choice":"Upgraded","floor":37,"damage_taken":0},{"event_name":"Duplicator","player_choice":"One dupe","floor":39,"damage_taken":0}],"boss_relics":[{"not_picked":["Tiny House","Black Star"],"picked":"Cursed Key"},{"not_picked":["Astrolabe","Runic Dome"],"picked":"Sozu"}],"potions_floor_spawned":[14,16,21,29,33],"seed_played":"8271808785566417971","killed_by":"Nemesis","ascension_level":12,"is_trial":false}