{"gold_per_floor":[114,129,129,57,72,72,102,102,102,102,21,51,66,241,241,341,341,356,356,2,17,34,34,64,64,64,79,79,94,94,109,109,209,209,224,239,254,254,254,254,254],"floor_reached":41,"playtime":2788,"items_purged":["Doubt"],"score":444,"play_id":"dc0f99bc-08f4-49fc-98e3-da88a262ea18","local_time":"20181206222427","daily_mods":["Allstar","ControlledChaos","Lethality"],"is_ascension_mode":false,"campfire_choices":[{"floor":8,"key":"REST"},{"data":"Defragment","floor":10,"key":"SMITH"},{"floor":15,"key":"REST"},{"floor":23,"key":"REST"},{"data":"Amplify","floor":25,"key":"SMITH"},{"data":"Violence","floor":30,"key":"SMITH"},{"data":"Reprogram","floor":32,"key":"SMITH"},{"floor":40,"key":"REST"}],"neow_cost":"","seed_source_timestamp":1975474975361731,"circlet_count":0,"master_deck":["Defend_B","Defend_B","Defend_B","Defend_B","Zap","Dualcast","Violence+1","Impatience","Mayhem+1","Panacea","Enlightenment","Defragment+1","Double Energy","Leap","Loop","Conserve Battery","Creative AI","Leap+1","Ghostly","Ghostly","Ghostly","Ghostly","Ghostly","Capacitor","White Noise+1","Amplify+1","Reprogram+1","Buffer","White Noise+1","Multi-Cast+1","Violence"],"special_seed":17872,"relics":["Cracked Core","Frozen Eye","Pear","Mummified Hand","Turnip","Sozu","Runic Capacitor","Red Mask","Smiling Mask","Regal Pillow","Astrolabe"],"potions_floor_usage":[16,16,18],"damage_taken":[{"damage":13,"enemies":"Small Slimes","floor":1,"turns":2},{"damage":9,"enemies":"Cultist","floor":2,"turns":3},{"damage":0,"enemies":"2 Louse","floor":5,"turns":1},{"damage":31,"enemies":"3 Sentries","floor":7,"turns":5},{"damage":22,"enemies":"Gremlin Nob","floor":12,"turns":4},{"damage":1,"enemies":"2 Fungi Beasts","floor":13,"turns":5},{"damage":38,"enemies":"Slime Boss","floor":16,"turns":4},{"damage":61,"enemies":"3 Byrds","floor":18,"turns":4},{"damage":1,"enemies":"Shell Parasite","floor":21,"turns":5},{"damage":0,"enemies":"Masked Bandits","floor":22,"turns":7},{"damage":3,"enemies":"Gremlin Leader","floor":24,"turns":6},{"damage":1,"enemies":"Snecko","floor":27,"turns":6},{"damage":0,"enemies":"Snake Plant","floor":29,"turns":5},{"damage":0,"enemies":"Sentry and Sphere","floor":31,"turns":4},{"damage":4,"enemies":"Collector","floor":33,"turns":8},{"damage":0,"enemies":"3 Shapes","floor":35,"turns":4},{"damage":7,"enemies":"Orb Walker","floor":36,"turns":4},{"damage":17,"enemies":"Jaw Worm Horde","floor":37,"turns":5},{"damage":50,"enemies":"Reptomancer","floor":41,"turns":2}],"seed_played":"-1452955457845597649","potions_obtained":[{"floor":7,"key":"Ancient Potion"},{"floor":13,"key":"Regen Potion"},{"floor":16,"key":"Poison Potion"}],"is_trial":false,"path_per_floor":["M","M","?","$","M","?","E","R","T","R","$","E","M","?","R","B",null,"M","?","$","M","?","R","E","R","T","M","?","M","R","M","R","B",null,"M","M","M","?","?","R","E"],"character_chosen":"DEFECT","items_purchased":["Defragment","Loop","Runic Capacitor","Capacitor"],"campfire_rested":4,"item_purchase_floors":[4,11,20,20],"current_hp_per_floor":[62,53,53,53,53,46,25,50,50,50,50,28,27,27,52,26,85,24,24,24,23,23,35,32,32,32,31,42,42,42,42,42,38,42,42,35,18,18,18,42,0],"gold":254,"neow_bonus":"","is_prod":false,"is_daily":true,"chose_seed":false,"campfire_upgraded":4,"win_rate":0,"timestamp":1544153067,"path_taken":["M","M","?","?","M","?","E","R","T","R","$","E","M","?","R","BOSS","M","?","$","M","?","R","E","R","T","M","?","M","R","M","R","BOSS","M","M","M","?","?","R","E"],"build_version":"2018-11-15","purchased_purges":1,"victory":false,"max_hp_per_floor":[75,75,75,75,75,75,85,85,85,85,85,85,85,85,85,85,85,85,42,42,42,42,42,42,42,42,42,42,42,42,42,42,42,42,42,42,42,42,42,42,42],"card_choices":[{"not_picked":["Cold Snap","Redo","Gash"],"picked":"SKIP","floor":1},{"not_picked":["Sweeping Beam","Compile Driver","Force Field"],"picked":"SKIP","floor":2},{"not_picked":["Consume","Steam"],"picked":"Double Energy","floor":5},{"not_picked":["Reinforced Body","Thunder Strike"],"picked":"Leap","floor":7},{"not_picked":["Recycle","Force Field"],"picked":"Conserve Battery","floor":12},{"not_picked":["Tempest","Lockon","Reprogram"],"picked":"SKIP","floor":13},{"not_picked":["Hyperbeam","Machine Learning"],"picked":"Creative AI","floor":16},{"not_picked":["Hologram","Gash"],"picked":"Leap+1","floor":18},{"not_picked":["Ball Lightning+1","Leap","Compile Driver"],"picked":"SKIP","floor":21},{"not_picked":["Compile Driver+1","Ball Lightning+1"],"picked":"White Noise+1","floor":22},{"not_picked":["Cold Snap","Coolheaded"],"picked":"Amplify","floor":24},{"not_picked":["Coolheaded","BootSequence+1","Beam Cell+1"],"picked":"SKIP","floor":27},{"not_picked":["Compile Driver","Storm","Lockon"],"picked":"SKIP","floor":29},{"not_picked":["Barrage+1","Leap"],"picked":"Reprogram","floor":31},{"not_picked":["Core Surge","Thunder Strike"],"picked":"Buffer","floor":33},{"not_picked":["Barrage+1","Coolheaded+1","Stack"],"picked":"SKIP","floor":35},{"not_picked":["Redo","Hello World","Fusion"],"picked":"SKIP","floor":36},{"not_picked":["Auto Shields+1","Creative AI","Compile Driver+1"],"picked":"SKIP","floor":37},{"not_picked":["Deep Breath","Trip"],"picked":"Violence","floor":39}],"player_experience":2701669,"relics_obtained":[{"floor":7,"key":"Pear"},{"floor":9,"key":"Mummified Hand"},{"floor":12,"key":"Turnip"},{"floor":22,"key":"Red Mask"},{"floor":24,"key":"Smiling Mask"},{"floor":26,"key":"Regal Pillow"}],"event_choices":[{"damage_healed":0,"gold_gain":0,"player_choice":"Upgraded","damage_taken":0,"max_hp_gain":0,"max_hp_loss":0,"event_name":"Upgrade Shrine","floor":3,"gold_loss":0,"cards_upgraded":["Mayhem"]},{"cards_removed":["Strike_B"],"damage_healed":0,"gold_gain":0,"player_choice":"Card Removal","damage_taken":7,"max_hp_gain":0,"max_hp_loss":0,"event_name":"Golden Wing","floor":6,"gold_loss":0},{"damage_healed":0,"gold_gain":175,"player_choice":"AGREE","damage_taken":0,"max_hp_gain":0,"max_hp_loss":0,"event_name":"Liars Game","floor":14,"gold_loss":0,"cards_obtained":["Doubt"]},{"damage_healed":0,"gold_gain":0,"player_choice":"Became a Ghost","damage_taken":0,"max_hp_gain":0,"max_hp_loss":43,"event_name":"Ghosts","floor":19,"gold_loss":0,"cards_obtained":["Ghostly","Ghostly","Ghostly","Ghostly","Ghostly"]},{"damage_healed":0,"gold_gain":0,"player_choice":"Fought Bandits","damage_taken":0,"max_hp_gain":0,"max_hp_loss":0,"event_name":"Masked Bandits","floor":22,"gold_loss":0},{"damage_healed":14,"gold_gain":0,"player_choice":"Heal","damage_taken":0,"max_hp_gain":0,"max_hp_loss":0,"event_name":"The Library","floor":28,"gold_loss":0},{"cards_removed":["Cold Snap"],"damage_healed":0,"gold_gain":0,"player_choice":"Removed Attack","damage_taken":0,"max_hp_gain":0,"max_hp_loss":0,"event_name":"Falling","floor":38,"gold_loss":0},{"damage_healed":0,"gold_gain":0,"player_choice":"Memory 1","damage_taken":0,"max_hp_gain":0,"max_hp_loss":0,"event_name":"SensoryStone","floor":39,"gold_loss":0}],"is_beta":false,"boss_relics":[{"not_picked":["Coffee Dripper","Black Star"],"picked":"Sozu"},{"not_picked":["Snecko Eye","Lizard Tail"],"picked":"Astrolabe"}],"items_purged_floors":[20],"is_endless":false,"potions_floor_spawned":[7,13,16,24,27,33,35,36],"killed_by":"Reptomancer","ascension_level":0}