{"gold_per_floor":[10,110,121,136,86,86,86,86,86,116,134,0,15,0,0,105,105,45,45,45,45,45,64,64,64,64,91,91,104,135,10,10,109,109,127,147,147,158,35,35,47,47,47,66,16,16,32,49,49,49,49,49,1,34,34],"floor_reached":56,"playtime":4333,"items_purged":["Deep Breath","Slice","Strike_G+1"],"score":1288,"play_id":"3adcbf6a-f677-4fcd-804d-c22f2d195ccf","local_time":"20181118233508","is_ascension_mode":false,"campfire_choices":[{"data":"Noxious Fumes","floor":6,"key":"SMITH"},{"data":"Neutralize","floor":8,"key":"SMITH"},{"data":"Dagger Spray","floor":15,"key":"SMITH"},{"data":"Catalyst","floor":24,"key":"SMITH"},{"floor":28,"key":"REST"},{"data":"Noxious Fumes","floor":32,"key":"SMITH"},{"data":"Burst","floor":40,"key":"SMITH"},{"floor":42,"key":"RECALL"},{"data":"Footwork","floor":46,"key":"SMITH"},{"data":"Footwork","floor":49,"key":"SMITH"},{"data":"Leg Sweep","floor":52,"key":"SMITH"}],"neow_cost":"NO_GOLD","seed_source_timestamp":432067527760243,"circlet_count":0,"master_deck":["Defend_G+1","Defend_G+1","Defend_G+1","Defend_G+1","Defend_G+1","Survivor","Neutralize+1","Dark Shackles","Dagger Spray+1","Noxious Fumes+1","PiercingWail","Crippling Poison","Bandage Up","Dodge and Roll","Leg Sweep+1","Bullet Time","Deflect+1","Prepared+1","Slice+1","Catalyst+1","Ghostly","Ghostly","Ghostly","Ghostly","Ghostly","Noxious Fumes+1","Blur+1","PiercingWail","Catalyst+1","Footwork+1","Burst+1","Noxious Fumes+1","Dodge and Roll+1","Calculated Gamble+1","Dodge and Roll+1","Footwork+1","Prepared+1","Distraction+1","Parasite","Catalyst+1","Caltrops+1","Catalyst+1"],"relics":["Ring of the Snake","Potion Belt","Astrolabe","Gremlin Horn","Bronze Scales","Smiling Mask","Orrery","Dodecahedron","Gambling Chip"],"potions_floor_usage":[10,16,16,30,44,44,47,55],"damage_taken":[{"damage":2,"enemies":"Small Slimes","floor":1,"turns":4},{"damage":1,"enemies":"Cultist","floor":3,"turns":4},{"damage":0,"enemies":"2 Louse","floor":4,"turns":2},{"damage":29,"enemies":"3 Sentries","floor":10,"turns":10},{"damage":2,"enemies":"Blue Slaver","floor":11,"turns":4},{"damage":7,"enemies":"Exordium Wildlife","floor":13,"turns":5},{"damage":3,"enemies":"Looter","floor":14,"turns":4},{"damage":24,"enemies":"Slime Boss","floor":16,"turns":12},{"damage":4,"enemies":"2 Thieves","floor":18,"turns":4},{"damage":4,"enemies":"Spheric Guardian","floor":23,"turns":7},{"damage":24,"enemies":"Slavers","floor":27,"turns":7},{"damage":1,"enemies":"Shelled Parasite and Fungi","floor":29,"turns":6},{"damage":1,"enemies":"Book of Stabbing","floor":30,"turns":8},{"damage":0,"enemies":"Automaton","floor":33,"turns":7},{"damage":5,"enemies":"3 Darklings","floor":35,"turns":4},{"damage":1,"enemies":"3 Shapes","floor":36,"turns":4},{"damage":0,"enemies":"3 Darklings","floor":38,"turns":5},{"damage":7,"enemies":"4 Shapes","floor":41,"turns":6},{"damage":2,"enemies":"Spire Growth","floor":44,"turns":9},{"damage":1,"enemies":"Writhing Mass","floor":47,"turns":4},{"damage":0,"enemies":"Sphere and 2 Shapes","floor":48,"turns":7},{"damage":17,"enemies":"Awakened One","floor":50,"turns":17},{"damage":2,"enemies":"Shield and Spear","floor":54,"turns":9},{"damage":22,"enemies":"The Heart","floor":55,"turns":6}],"seed_played":"8390589385478669972","potions_obtained":[{"floor":3,"key":"Weak Potion"},{"floor":10,"key":"PowerPotion"},{"floor":27,"key":"AttackPotion"},{"floor":30,"key":"SkillPotion"},{"floor":36,"key":"AttackPotion"},{"floor":38,"key":"SteroidPotion"},{"floor":41,"key":"Weak Potion"}],"is_trial":false,"path_per_floor":["M","?","M","M","?","R","?","R","T","E","M","$","M","M","R","B",null,"M","?","?","?","?","M","R","?","T","E","R","M","E","$","R","B",null,"M","M","?","M","$","R","M","R","T","M","$","R","M","M","R","B",null,"R","$","E","B",null],"character_chosen":"THE_SILENT","items_purchased":["Bandage Up","Dexterity Potion","Footwork","Footwork","Energy Potion"],"campfire_rested":1,"item_purchase_floors":[12,12,31,39,53],"current_hp_per_floor":[68,68,67,67,67,67,72,72,72,43,41,41,38,39,39,19,75,71,37,37,37,37,37,37,33,33,13,25,28,31,31,31,35,42,37,40,40,40,40,40,37,37,37,39,39,39,38,42,42,33,42,42,42,40,18],"gold":34,"neow_bonus":"RANDOM_COLORLESS_2","is_prod":false,"is_daily":false,"chose_seed":false,"campfire_upgraded":9,"win_rate":0,"timestamp":1542602108,"path_taken":["M","?","M","?","?","R","?","R","T","E","M","$","M","M","R","BOSS","M","?","?","?","?","M","R","?","T","E","R","M","E","$","R","BOSS","M","M","?","?","$","R","M","R","T","M","?","R","M","M","R","BOSS","R","$","E","BOSS"],"build_version":"2018-11-15","purchased_purges":3,"victory":true,"max_hp_per_floor":[70,70,70,70,70,70,75,75,75,75,75,75,75,75,75,75,75,75,37,37,37,37,37,37,42,42,42,42,42,42,42,42,42,42,42,42,42,42,42,42,42,42,42,42,42,42,42,42,42,42,42,42,42,42,42],"card_choices":[{"not_picked":["Choke","Underhanded Strike"],"picked":"Dagger Spray","floor":1},{"not_picked":["Blade Dance","Prepared"],"picked":"Slice","floor":3},{"not_picked":["Crippling Poison","Skewer"],"picked":"Noxious Fumes","floor":4},{"not_picked":["Endless Agony","Underhanded Strike"],"picked":"PiercingWail","floor":10},{"not_picked":["Calculated Gamble","Flying Knee"],"picked":"Crippling Poison","floor":11},{"not_picked":["Prepared","Envenom"],"picked":"Dodge and Roll","floor":13},{"not_picked":["Expertise","Backflip"],"picked":"Leg Sweep","floor":14},{"not_picked":["Storm of Steel","Phantasmal Killer"],"picked":"Bullet Time","floor":16},{"not_picked":["Deadly Poison","PiercingWail"],"picked":"Catalyst","floor":18},{"not_picked":["Caltrops","Poisoned Stab","Prepared"],"picked":"SKIP","floor":23},{"not_picked":["Slice+1","Crippling Poison"],"picked":"Blur+1","floor":27},{"not_picked":["Acrobatics","Infinite Blades+1"],"picked":"PiercingWail","floor":29},{"not_picked":["Dagger Spray","Distraction"],"picked":"Catalyst+1","floor":30},{"not_picked":["Die Die Die","Wraith Form v2"],"picked":"Burst","floor":33},{"not_picked":["Slice","Deflect"],"picked":"Noxious Fumes+1","floor":34},{"not_picked":["Deflect","Choke+1"],"picked":"Dodge and Roll+1","floor":34},{"not_picked":["Bouncing Flask+1","Deadly Poison"],"picked":"Calculated Gamble+1","floor":35},{"not_picked":["Underhanded Strike","Noxious Fumes","Cloak And Dagger+1"],"picked":"SKIP","floor":36},{"not_picked":["Flying Knee+1","Deflect+1"],"picked":"Dodge and Roll+1","floor":38},{"not_picked":["Grand Finale","Blade Dance"],"picked":"Prepared+1","floor":41},{"not_picked":["Dagger Throw+1","Crippling Poison+1"],"picked":"Distraction+1","floor":44},{"not_picked":["Tactician","Underhanded Strike"],"picked":"Catalyst+1","floor":47},{"not_picked":["Outmaneuver+1","Prepared+1"],"picked":"Caltrops+1","floor":48},{"not_picked":["Underhanded Strike","Terror"],"picked":"Catalyst+1","floor":54}],"player_experience":2374949,"relics_obtained":[{"floor":10,"key":"Potion Belt"},{"floor":26,"key":"Gremlin Horn"},{"floor":27,"key":"Bronze Scales"},{"floor":30,"key":"Smiling Mask"},{"floor":43,"key":"Dodecahedron"},{"floor":54,"key":"Gambling Chip"}],"event_choices":[{"damage_healed":0,"gold_gain":100,"player_choice":"Pray","damage_taken":0,"max_hp_gain":0,"max_hp_loss":0,"event_name":"Golden Shrine","floor":2,"gold_loss":0},{"cards_removed":["Strike_G"],"damage_healed":0,"gold_gain":0,"player_choice":"Card Removal","damage_taken":0,"max_hp_gain":0,"max_hp_loss":0,"event_name":"The Cleric","floor":5,"gold_loss":50},{"damage_healed":0,"gold_gain":0,"player_choice":"Donut","damage_taken":0,"max_hp_gain":5,"max_hp_loss":0,"event_name":"Big Fish","floor":7,"gold_loss":0},{"damage_healed":0,"gold_gain":0,"player_choice":"Became a Ghost","damage_taken":0,"max_hp_gain":0,"max_hp_loss":38,"event_name":"Ghosts","floor":19,"gold_loss":0,"cards_obtained":["Ghostly","Ghostly","Ghostly","Ghostly","Ghostly"]},{"damage_healed":0,"gold_gain":0,"player_choice":"Ignored","damage_taken":0,"max_hp_gain":0,"max_hp_loss":0,"event_name":"Vampires","floor":20,"gold_loss":0},{"damage_healed":0,"gold_gain":0,"player_choice":"Read","damage_taken":0,"max_hp_gain":0,"max_hp_loss":0,"event_name":"The Library","floor":21,"gold_loss":0,"cards_obtained":["Noxious Fumes"]},{"damage_healed":0,"gold_gain":0,"player_choice":"Simplicity","damage_taken":0,"max_hp_gain":0,"max_hp_loss":0,"event_name":"Back to Basics","floor":22,"gold_loss":0,"cards_upgraded":["Defend_G","Defend_G","Defend_G","Defend_G","Defend_G","Strike_G"]},{"damage_healed":0,"gold_gain":0,"player_choice":"Shed Blood","damage_taken":9,"max_hp_gain":5,"max_hp_loss":0,"event_name":"Forgotten Altar","floor":25,"gold_loss":0},{"damage_healed":0,"gold_gain":0,"player_choice":"Ignored","damage_taken":0,"max_hp_gain":0,"max_hp_loss":0,"event_name":"SecretPortal","floor":37,"gold_loss":0}],"is_beta":false,"boss_relics":[{"not_picked":["HoveringKite","Snecko Eye"],"picked":"Astrolabe"},{"not_picked":["Empty Cage","Calling Bell"],"picked":"Orrery"}],"items_purged_floors":[31,39,45],"is_endless":false,"potions_floor_spawned":[3,10,27,30,36,38,41],"ascension_level":0}