{"gold_per_floor":[110,125,125,275,275,301,301,318,318,24,77,102,102,27,27,100,100,118,18,18,31,31,31,56,56,56,56,56,56,56,56],"floor_reached":31,"playtime":1440,"items_purged":["Doubt","Strike_R"],"score":585,"play_id":"b0ead4d1-24dd-49ac-8149-402f3bd323a8","local_time":"20190426180310","is_ascension_mode":true,"campfire_choices":[{"data":"Bash","floor":7,"key":"SMITH"},{"data":"Rampage","floor":13,"key":"SMITH"},{"data":"True Grit","floor":15,"key":"SMITH"},{"data":"Demon Form","floor":23,"key":"SMITH"},{"data":"Flame Barrier","floor":25,"key":"SMITH"},{"data":"Disarm","floor":27,"key":"SMITH"},{"data":"Bite","floor":29,"key":"SMITH"}],"neow_cost":"NONE","seed_source_timestamp":1463589035884054,"circlet_count":0,"master_deck":["AscendersBane","Defend_R","Defend_R","Defend_R","Defend_R","Bash+1","True Grit+1","Infernal Blade","Ghostly Armor","Disarm+1","Rampage+1","Flame Barrier+1","Evolve","Demon Form+1","Intimidate","Feel No Pain","Cleave+1","Bite+1","Bite","Bite","Bite","Bite"],"relics":["Burning Blood","NeowsBlessing","Sundial","Torii","Juzu Bracelet","Meat on the Bone","Runic Pyramid","Red Skull","Bottled Tornado"],"potions_floor_usage":[12,24,24],"damage_taken":[{"damage":0,"enemies":"Jaw Worm","floor":1,"turns":1},{"damage":0,"enemies":"2 Louse","floor":2,"turns":1},{"damage":0,"enemies":"3 Sentries","floor":6,"turns":1},{"damage":7,"enemies":"Small Slimes","floor":8,"turns":5},{"damage":8,"enemies":"Gremlin Nob","floor":12,"turns":3},{"damage":46,"enemies":"Slime Boss","floor":16,"turns":11},{"damage":46,"enemies":"Spheric Guardian","floor":18,"turns":8},{"damage":29,"enemies":"2 Thieves","floor":21,"turns":4},{"damage":36,"enemies":"Book of Stabbing","floor":24,"turns":7},{"damage":46,"enemies":"Gremlin Leader","floor":31,"turns":6}],"seed_played":"2916553965405554375","potions_obtained":[{"floor":12,"key":"Swift Potion"},{"floor":21,"key":"PowerPotion"},{"floor":24,"key":"FearPotion"}],"is_trial":false,"path_per_floor":["M","M","?","?","?","E","R","M","T","$","T","E","R","?","R","B",null,"M","$","?","M","?","R","E","R","T","R","?","R","?","E"],"character_chosen":"IRONCLAD","items_purchased":["Rampage","Flame Barrier","Fire Potion"],"campfire_rested":0,"item_purchase_floors":[10,10,10],"current_hp_per_floor":[74,75,68,68,73,79,79,78,78,78,78,76,76,76,76,48,72,44,44,44,33,33,33,29,29,29,29,29,29,29,0],"gold":56,"neow_bonus":"THREE_ENEMY_KILL","is_prod":false,"is_daily":false,"chose_seed":false,"campfire_upgraded":7,"win_rate":0,"timestamp":1556316190,"path_taken":["M","M","?","?","?","E","R","M","T","$","?","E","R","?","R","BOSS","M","$","?","M","?","R","E","R","T","R","?","R","?","E"],"build_version":"2019-01-23","purchased_purges":2,"victory":false,"max_hp_per_floor":[75,75,75,75,80,80,80,80,80,80,80,80,80,80,80,80,80,80,80,80,80,56,56,56,56,56,56,56,56,56,56],"card_choices":[{"not_picked":["Wild Strike","Warcry"],"picked":"True Grit","floor":1},{"not_picked":["Thunderclap","Blood for Blood"],"picked":"Infernal Blade","floor":2},{"not_picked":["Iron Wave","Perfected Strike"],"picked":"Ghostly Armor","floor":6},{"not_picked":["Exhume","Armaments"],"picked":"Disarm","floor":8},{"not_picked":["Sever Soul","Thunderclap"],"picked":"Evolve","floor":12},{"not_picked":["Limit Break","Exhume"],"picked":"Demon Form","floor":16},{"not_picked":["Wild Strike","Clash"],"picked":"Intimidate","floor":18},{"not_picked":["Havoc+1","Headbutt"],"picked":"Cleave+1","floor":21},{"not_picked":["Anger+1","Heavy Blade","Pommel Strike+1"],"picked":"SKIP","floor":24}],"player_experience":3499045,"relics_obtained":[{"floor":6,"key":"Sundial"},{"floor":9,"key":"Torii"},{"floor":11,"key":"Juzu Bracelet"},{"floor":12,"key":"Meat on the Bone"},{"floor":24,"key":"Red Skull"},{"floor":26,"key":"Bottled Tornado"}],"event_choices":[{"cards_removed":["Strike_R"],"damage_healed":0,"gold_gain":0,"player_choice":"Card Removal","damage_taken":7,"max_hp_gain":0,"max_hp_loss":0,"event_name":"Golden Wing","floor":3,"gold_loss":0},{"damage_healed":0,"gold_gain":150,"player_choice":"AGREE","damage_taken":0,"max_hp_gain":0,"max_hp_loss":0,"event_name":"Liars Game","floor":4,"gold_loss":0,"cards_obtained":["Doubt"]},{"damage_healed":0,"gold_gain":0,"player_choice":"Donut","damage_taken":0,"max_hp_gain":5,"max_hp_loss":0,"event_name":"Big Fish","floor":5,"gold_loss":0},{"cards_removed":["Strike_R"],"damage_healed":0,"gold_gain":0,"player_choice":"Card Removal","damage_taken":0,"max_hp_gain":0,"max_hp_loss":0,"event_name":"The Cleric","floor":14,"gold_loss":75},{"damage_healed":0,"gold_gain":0,"player_choice":"Read","damage_taken":0,"max_hp_gain":0,"max_hp_loss":0,"event_name":"The Library","floor":20,"gold_loss":0,"cards_obtained":["Feel No Pain"]},{"damage_healed":0,"gold_gain":0,"player_choice":"Became a vampire","damage_taken":0,"max_hp_gain":0,"max_hp_loss":24,"event_name":"Vampires","floor":22,"gold_loss":0,"cards_obtained":["Bite","Bite","Bite","Bite","Bite"]},{"damage_healed":0,"gold_gain":0,"player_choice":"Ignored","damage_taken":0,"max_hp_gain":0,"max_hp_loss":0,"event_name":"The Mausoleum","floor":30,"gold_loss":0}],"is_beta":false,"boss_relics":[{"not_picked":["Philosopher\u0027s Stone","Busted Crown"],"picked":"Runic Pyramid"}],"items_purged_floors":[10,19],"is_endless":false,"potions_floor_spawned":[12,21,24],"killed_by":"Gremlin Leader","ascension_level":20}