{"gold_per_floor":[113,132,150,325,340,371,390,390,470,470],"floor_reached":10,"playtime":669,"items_purged":[],"score":70,"play_id":"6d28a12a-f292-49bc-91d1-f37d973b57d1","local_time":"20190719190959","is_ascension_mode":false,"campfire_choices":[{"data":"Hologram","floor":8,"key":"SMITH"}],"neow_cost":"NONE","seed_source_timestamp":0,"circlet_count":0,"master_deck":["Strike_B","Strike_B","Strike_B","Strike_B","Defend_B","Defend_B","Defend_B","Defend_B","Zap","Dualcast","Self Repair","Hologram+1","Conserve Battery","Doubt","Barrage","Hologram","Go for the Eyes"],"special_seed":0,"relics":["Cracked Core","Dodecahedron","Sundial"],"potions_floor_usage":[10],"damage_taken":[{"damage":4.0,"enemies":"2 Louse","floor":1.0,"turns":3.0},{"damage":8.0,"enemies":"Small Slimes","floor":2.0,"turns":3.0},{"damage":1.0,"enemies":"Cultist","floor":3.0,"turns":3.0},{"damage":26.0,"enemies":"3 Louse","floor":5.0,"turns":5.0},{"damage":39.0,"enemies":"Gremlin Nob","floor":6.0,"turns":5.0},{"damage":5.0,"enemies":"Looter","floor":7.0,"turns":4.0},{"damage":35,"enemies":"Gremlin Gang","floor":10,"turns":3}],"seed_played":"-3416863958499260541","potions_obtained":[{"floor":2.0,"key":"Fire Potion"},{"floor":3.0,"key":"GamblersBrew"},{"floor":5.0,"key":"GamblersBrew"},{"floor":6.0,"key":"Weak Potion"}],"is_trial":false,"path_per_floor":["M","M","M","?","M","E","M","R","T","M"],"character_chosen":"DEFECT","items_purchased":[],"campfire_rested":0,"item_purchase_floors":[],"current_hp_per_floor":[78,77,82,82,63,31,33,33,33,0],"gold":470,"neow_bonus":"TEN_PERCENT_HP_BONUS","is_prod":false,"is_daily":false,"chose_seed":false,"campfire_upgraded":1,"win_rate":0.0,"timestamp":1563581399,"path_taken":["M","M","M","?","M","E","M","R","T","M"],"build_version":"2019-07-17","purchased_purges":0,"victory":false,"max_hp_per_floor":[82,82,82,82,82,82,82,82,82,82],"card_choices":[{"not_picked":["Conserve Battery","Leap"],"picked":"Self Repair","floor":1.0},{"not_picked":["Leap","Compile Driver"],"picked":"Hologram","floor":2.0},{"not_picked":["Redo","Stack"],"picked":"Conserve Battery","floor":3.0},{"not_picked":["Redo","Melter"],"picked":"Barrage","floor":5.0},{"not_picked":["Conserve Battery","Go for the Eyes"],"picked":"Hologram","floor":6.0},{"not_picked":["Leap","Scrape"],"picked":"Go for the Eyes","floor":7.0}],"player_experience":11234,"relics_obtained":[{"floor":6.0,"key":"Dodecahedron"},{"floor":9,"key":"Sundial"}],"event_choices":[{"damage_healed":0.0,"max_hp_gain":0.0,"max_hp_loss":0.0,"gold_gain":175.0,"event_name":"Liars Game","player_choice":"AGREE","floor":4.0,"gold_loss":0.0,"damage_taken":0.0,"cards_obtained":["Doubt"]}],"is_beta":false,"boss_relics":[],"items_purged_floors":[],"is_endless":false,"potions_floor_spawned":[2,3,5,6],"killed_by":"Gremlin Gang","ascension_level":0}