{"gold_per_floor":[13,13,29,43,118,146,146,162,162,11,11,41,58,70,70,70],"floor_reached":16,"playtime":1107,"items_purged":["Strike_R"],"score":193,"play_id":"3180a189-b561-4050-a450-85703ea1e835","local_time":"20181212152737","is_ascension_mode":true,"campfire_choices":[{"data":"Bash","floor":7,"key":"SMITH"},{"data":"True Grit","floor":11,"key":"SMITH"},{"data":"Uppercut","floor":15,"key":"SMITH"}],"neow_cost":"NO_GOLD","seed_source_timestamp":2480075864933580,"circlet_count":0,"master_deck":["AscendersBane","Strike_R","Strike_R","Strike_R","Strike_R","Defend_R","Defend_R","Defend_R","Defend_R","Bash+1","Flex","Battle Trance","Uppercut+1","True Grit","True Grit+1","Feel No Pain","Power Through","Shrug It Off"],"relics":["Burning Blood","Self Forming Clay","Singing Bowl","Meat on the Bone"],"potions_floor_usage":[6,8,8,12,12,16,16,16,16],"damage_taken":[{"damage":4,"enemies":"2 Louse","floor":1,"turns":5},{"damage":0,"enemies":"Small Slimes","floor":3,"turns":3},{"damage":6,"enemies":"Cultist","floor":4,"turns":3},{"damage":40,"enemies":"3 Sentries","floor":6,"turns":10},{"damage":1,"enemies":"2 Fungi Beasts","floor":8,"turns":4},{"damage":10,"enemies":"Gremlin Nob","floor":12,"turns":3},{"damage":6,"enemies":"Blue Slaver","floor":13,"turns":4},{"damage":0,"enemies":"Exordium Wildlife","floor":14,"turns":7},{"damage":74,"enemies":"Slime Boss","floor":16,"turns":17}],"seed_played":"6217800401118726553","potions_obtained":[{"floor":1,"key":"Fire Potion"},{"floor":6,"key":"EntropicBrew"},{"floor":13,"key":"EntropicBrew"}],"is_trial":false,"path_per_floor":["M","?","M","M","?","E","R","M","T","$","R","E","M","M","R","B"],"character_chosen":"IRONCLAD","items_purchased":["Feel No Pain"],"campfire_rested":0,"item_purchase_floors":[10],"current_hp_per_floor":[90,90,96,96,85,51,51,56,56,56,56,52,64,72,72,0],"gold":70,"neow_bonus":"TWENTY_PERCENT_HP_BONUS","is_prod":false,"is_daily":false,"chose_seed":false,"campfire_upgraded":3,"win_rate":0,"timestamp":1544646457,"path_taken":["M","?","M","M","?","E","R","M","T","$","R","E","M","M","R","BOSS"],"build_version":"2018-12-06","purchased_purges":1,"victory":false,"max_hp_per_floor":[96,96,96,96,96,96,96,96,96,96,96,96,96,98,98,98],"card_choices":[{"not_picked":["Inflame","Combust"],"picked":"Flex","floor":1},{"not_picked":["Headbutt","Inflame"],"picked":"Battle Trance","floor":3},{"not_picked":["Wild Strike","Twin Strike"],"picked":"Uppercut","floor":4},{"not_picked":["Carnage","Brutality"],"picked":"True Grit","floor":6},{"not_picked":["Sentinel","Bloodletting"],"picked":"True Grit","floor":8},{"not_picked":["Intimidate","Havoc"],"picked":"Power Through","floor":12},{"not_picked":["Burning Pact","Reckless Charge"],"picked":"Shrug It Off","floor":13},{"not_picked":["Perfected Strike","Flex","Thunderclap"],"picked":"Singing Bowl","floor":14}],"player_experience":2844414,"relics_obtained":[{"floor":6,"key":"Self Forming Clay"},{"floor":9,"key":"Singing Bowl"},{"floor":12,"key":"Meat on the Bone"}],"event_choices":[{"damage_healed":0,"gold_gain":0,"player_choice":"Leave","damage_taken":0,"max_hp_gain":0,"max_hp_loss":0,"event_name":"The Cleric","floor":2,"gold_loss":0},{"damage_healed":0,"gold_gain":75,"player_choice":"Gather Gold","damage_taken":11,"max_hp_gain":0,"max_hp_loss":0,"event_name":"World of Goop","floor":5,"gold_loss":0}],"is_beta":false,"boss_relics":[],"items_purged_floors":[10],"is_endless":false,"potions_floor_spawned":[1,6,13],"killed_by":"Slime Boss","ascension_level":10}