{"gold_per_floor":[114,129,144,219,219,219,249,249,249,249,309,309,324,339,339,439,439,454,379,379,394,409,439,454,553,603,618,439,539,539,569,569,669,669,684,699,8,8,23,23,53,53,78,78,93,108,123,123,123,123],"floor_reached":51,"playtime":3155,"items_purged":["Brutality","Thunder Strike","Berserk"],"score":852,"play_id":"c0d003ca-5376-4b04-b20b-6c266558ecee","local_time":"20181211000955","daily_mods":["Shiny","Blue Cards","Lethality"],"is_ascension_mode":false,"campfire_choices":[{"data":"Buffer","floor":6,"key":"SMITH"},{"data":"Demon Form","floor":8,"key":"SMITH"},{"data":"Fiend Fire","floor":12,"key":"SMITH"},{"data":"Offering","floor":15,"key":"SMITH"},{"floor":30,"key":"REST"},{"data":"Seek","floor":32,"key":"SMITH"},{"data":"Amplify","floor":44,"key":"SMITH"},{"floor":49,"key":"REST"}],"neow_cost":"","seed_source_timestamp":2312921666838210,"circlet_count":0,"master_deck":["Multi-Cast+1","Hyperbeam+1","Machine Learning+1","Electrodynamics+1","Buffer+1","Rainbow+1","Seek+1","Meteor Strike+1","Echo Form+1","All For One+1","Reboot+1","Amplify+1","Creative AI+1","Fission+1","Core Surge+1","Double Tap+1","Demon Form+1","Bludgeon+1","Feed+1","Limit Break+1","Barricade+1","Fiend Fire+1","Dark Embrace+1","Impervious+1","Juggernaut+1","Reaper+1","Exhume+1","Offering+1","Immolate+1","Conserve Battery+1","Self Repair+1","Conserve Battery+1","Seeing Red+1","Aggregate+1","Cold Snap+1","Havoc+1","Force Field+1","Self Repair+1","True Grit+1","Go for the Eyes+1","Buffer+1","Seek+1","Panache+1","Blizzard+1","Entrench+1"],"special_seed":17876,"relics":["Burning Blood","Lantern","Self Forming Clay","Vajra","Tiny Chest","Sozu","Whetstone","Anchor","Gambling Chip","Mercury Hourglass","Blue Candle","Busted Crown","Oddly Smooth Stone","Potion Belt","Sundial","Omamori","Mark of the Bloom"],"potions_floor_usage":[16,23,24],"damage_taken":[{"damage":18,"enemies":"Small Slimes","floor":1,"turns":4},{"damage":6,"enemies":"Jaw Worm","floor":2,"turns":2},{"damage":1,"enemies":"2 Louse","floor":3,"turns":3},{"damage":15,"enemies":"Gremlin Nob","floor":7,"turns":5},{"damage":0,"enemies":"Lagavulin","floor":11,"turns":4},{"damage":0,"enemies":"Red Slaver","floor":13,"turns":3},{"damage":0,"enemies":"3 Louse","floor":14,"turns":1},{"damage":52,"enemies":"The Guardian","floor":16,"turns":11},{"damage":0,"enemies":"Chosen","floor":18,"turns":2},{"damage":8,"enemies":"Spheric Guardian","floor":21,"turns":3},{"damage":6,"enemies":"Snake Plant","floor":22,"turns":2},{"damage":74,"enemies":"Book of Stabbing","floor":23,"turns":5},{"damage":0,"enemies":"3 Cultists","floor":24,"turns":2},{"damage":6,"enemies":"Cultist and Chosen","floor":27,"turns":3},{"damage":0,"enemies":"Colosseum Slavers","floor":29,"turns":2},{"damage":55,"enemies":"Colosseum Nobs","floor":29,"turns":5},{"damage":6,"enemies":"Slavers","floor":31,"turns":2},{"damage":41,"enemies":"Collector","floor":33,"turns":6},{"damage":4,"enemies":"3 Darklings","floor":35,"turns":2},{"damage":6,"enemies":"3 Shapes","floor":36,"turns":3},{"damage":28,"enemies":"3 Darklings","floor":39,"turns":3},{"damage":6,"enemies":"Nemesis","floor":41,"turns":5},{"damage":6,"enemies":"Transient","floor":45,"turns":5},{"damage":0,"enemies":"Jaw Worm Horde","floor":46,"turns":2},{"damage":0,"enemies":"4 Shapes","floor":47,"turns":1},{"damage":72,"enemies":"Donu and Deca","floor":50,"turns":8}],"seed_played":"7445985323297054017","potions_obtained":[{"floor":7,"key":"Strength Potion"},{"floor":11,"key":"Block Potion"},{"floor":16,"key":"FearPotion"}],"is_trial":false,"path_per_floor":["M","M","M","?","?","R","E","R","T","?","E","R","M","M","R","B",null,"M","$","?","M","M","E","M","?","T","M","$","?","R","E","R","B",null,"M","M","$","?","M","?","E","?","T","R","M","M","M","?","R","B",null],"character_chosen":"IRONCLAD","items_purchased":["Self Repair","Oddly Smooth Stone","Potion Belt","Seek","Panache"],"campfire_rested":2,"item_purchase_floors":[28,37,37,37,37],"current_hp_per_floor":[71,74,82,71,71,71,81,81,81,56,69,69,75,81,81,42,92,92,92,74,72,72,32,68,68,68,75,75,55,85,95,95,100,100,100,100,100,90,78,78,88,88,88,88,103,103,103,103,103,31],"gold":123,"neow_bonus":"","is_prod":false,"is_daily":true,"chose_seed":false,"campfire_upgraded":6,"win_rate":0,"timestamp":1544504995,"path_taken":["M","M","M","?","?","R","E","R","T","?","E","R","M","M","R","BOSS","M","$","?","M","M","E","M","?","T","M","$","?","R","E","R","BOSS","M","M","$","?","?","?","E","?","T","R","?","M","M","?","R","BOSS"],"build_version":"2018-12-06","purchased_purges":3,"victory":true,"max_hp_per_floor":[83,86,89,89,89,89,92,92,92,92,92,92,92,92,92,92,92,92,92,97,97,97,100,100,100,100,100,100,100,100,100,100,100,100,100,100,100,100,100,100,103,103,103,103,103,103,103,103,103,107],"card_choices":[{"not_picked":["Sweeping Beam","Warcry","Feel No Pain"],"picked":"SKIP","floor":1},{"not_picked":["Iron Wave","Rebound"],"picked":"Conserve Battery","floor":2},{"not_picked":["Cleave","Reprogram"],"picked":"Self Repair","floor":3},{"not_picked":["Barrage","Chill","Berserk"],"picked":"SKIP","floor":7},{"not_picked":["Iron Wave","Corruption"],"picked":"Conserve Battery","floor":11},{"not_picked":["Gash","Redo"],"picked":"Seeing Red","floor":13},{"not_picked":["Clothesline","Auto Shields","Warcry"],"picked":"SKIP","floor":14},{"not_picked":["Flex+1","Cleave"],"picked":"Aggregate","floor":18},{"not_picked":["Heavy Blade","Lockon"],"picked":"Cold Snap+1","floor":21},{"not_picked":["Dropkick","Rebound"],"picked":"Havoc","floor":22},{"not_picked":["Twin Strike+1","True Grit"],"picked":"Force Field","floor":23},{"not_picked":["Thunderclap+1","Amplify","Rampage+1"],"picked":"SKIP","floor":24},{"not_picked":["Disarm","Shrug It Off","Body Slam"],"picked":"SKIP","floor":27},{"not_picked":["Whirlwind+1","Wild Strike"],"picked":"True Grit+1","floor":29},{"not_picked":["BootSequence","Static Discharge"],"picked":"Go for the Eyes+1","floor":31},{"not_picked":["Fission","Feed"],"picked":"Buffer","floor":33},{"not_picked":["Pommel Strike"],"picked":"SKIP","floor":35},{"not_picked":["Streamline"],"picked":"SKIP","floor":36},{"not_picked":["Redo+1"],"picked":"SKIP","floor":39},{"not_picked":["Gash+1"],"picked":"SKIP","floor":41},{"not_picked":["Rebound"],"picked":"SKIP","floor":45},{"not_picked":["Sentinel"],"picked":"SKIP","floor":46},{"not_picked":[],"picked":"Entrench","floor":47}],"player_experience":2829491,"relics_obtained":[{"floor":7,"key":"Lantern"},{"floor":9,"key":"Self Forming Clay"},{"floor":11,"key":"Tiny Chest"},{"floor":23,"key":"Whetstone"},{"floor":26,"key":"Anchor"},{"floor":29,"key":"Gambling Chip"},{"floor":29,"key":"Mercury Hourglass"},{"floor":31,"key":"Blue Candle"},{"floor":41,"key":"Sundial"},{"floor":43,"key":"Omamori"}],"event_choices":[{"damage_healed":0,"gold_gain":75,"player_choice":"Gather Gold","damage_taken":11,"max_hp_gain":0,"max_hp_loss":0,"event_name":"World of Goop","floor":4,"gold_loss":0},{"damage_healed":0,"gold_gain":0,"player_choice":"Ignored","damage_taken":0,"max_hp_gain":0,"max_hp_loss":0,"event_name":"Liars Game","floor":5,"gold_loss":0},{"damage_healed":0,"gold_gain":0,"player_choice":"Success","damage_taken":25,"relics_obtained":["Vajra"],"max_hp_gain":0,"max_hp_loss":0,"event_name":"Scrap Ooze","floor":10,"gold_loss":0},{"damage_healed":0,"gold_gain":0,"player_choice":"Shed Blood","damage_taken":23,"max_hp_gain":5,"max_hp_loss":0,"event_name":"Forgotten Altar","floor":20,"gold_loss":0},{"damage_healed":0,"gold_gain":99,"player_choice":"Stole From Cult","damage_taken":0,"max_hp_gain":0,"max_hp_loss":0,"event_name":"Nest","floor":25,"gold_loss":0},{"damage_healed":0,"gold_gain":0,"player_choice":"Fight","damage_taken":0,"max_hp_gain":0,"max_hp_loss":0,"event_name":"Colosseum","floor":29,"gold_loss":0},{"damage_healed":0,"gold_gain":0,"player_choice":"Fought Nobs","damage_taken":0,"max_hp_gain":0,"max_hp_loss":0,"event_name":"Colosseum","floor":29,"gold_loss":0},{"damage_healed":0,"gold_gain":0,"player_choice":"Damaged","damage_taken":10,"max_hp_gain":0,"max_hp_loss":0,"event_name":"Wheel of Change","floor":38,"gold_loss":0},{"damage_healed":0,"gold_gain":0,"player_choice":"Ignored","damage_taken":0,"max_hp_gain":0,"max_hp_loss":0,"event_name":"Mysterious Sphere","floor":40,"gold_loss":0},{"damage_healed":0,"gold_gain":0,"cards_transformed":["Biased Cognition"],"player_choice":"Transformed","damage_taken":0,"max_hp_gain":0,"max_hp_loss":0,"event_name":"Transmorgrifier","floor":42,"gold_loss":0,"cards_obtained":["Blizzard"]},{"damage_healed":0,"gold_gain":0,"player_choice":"Upgrade","damage_taken":0,"relics_obtained":["Mark of the Bloom"],"max_hp_gain":0,"max_hp_loss":0,"event_name":"MindBloom","floor":48,"gold_loss":0,"cards_upgraded":["Multi-Cast","Hyperbeam","Machine Learning","Electrodynamics","Rainbow","Meteor Strike","Echo Form","All For One","Reboot","Creative AI","Fission","Core Surge","Double Tap","Feed","Limit Break","Barricade","Dark Embrace","Impervious","Juggernaut","Reaper","Exhume","Conserve Battery","Self Repair","Conserve Battery","Seeing Red","Aggregate","Havoc","Force Field","Self Repair","Buffer","Seek","Panache","Blizzard","Entrench"]}],"is_beta":false,"boss_relics":[{"not_picked":["Philosopher\u0027s Stone","Coffee Dripper"],"picked":"Sozu"},{"not_picked":["Black Blood","Runic Dome"],"picked":"Busted Crown"}],"items_purged_floors":[19,28,37],"is_endless":false,"potions_floor_spawned":[7,11,16,21,24,27,33,39,41,47],"ascension_level":0}