{"gold_per_floor":[210,44,62,21,34,63,63,63,118,118,43,43,58,78,78,154,154,165,72,72,87,102,102,27,39,66,66,130,130,148,148],"floor_reached":31,"playtime":1753,"items_purged":["Strike_G"],"score":485,"play_id":"c19e8b24-7875-4ab2-a2e2-ae47a48a521b","local_time":"20181111222143","is_ascension_mode":true,"campfire_choices":[{"floor":8,"key":"REST"},{"floor":15,"key":"REST"},{"data":"Footwork","floor":23,"key":"SMITH"},{"floor":27,"key":"REST"},{"floor":29,"key":"REST"}],"neow_cost":"NONE","seed_source_timestamp":619310116460113,"circlet_count":0,"master_deck":["AscendersBane","Defend_G+1","Defend_G","Defend_G","Defend_G","Defend_G","Strike_G+1","Survivor","Neutralize","Deadly Poison","Dagger Spray","Noxious Fumes","Prepared","Adrenaline","Masterful Stab","After Image","Footwork+1","Footwork","Writhe","Noxious Fumes","Crippling Poison+1","Escape Plan","Leg Sweep+1","Heel Hook"],"relics":["Ring of the Serpent","Vajra","Smiling Mask","Strawberry","Shuriken","Ancient Tea Set","Tiny Chest"],"potions_floor_usage":[6,6,14,18,18,22,31],"damage_taken":[{"damage":10,"enemies":"Cultist","floor":1,"turns":5},{"damage":2,"enemies":"Jaw Worm","floor":3,"turns":4},{"damage":0,"enemies":"Small Slimes","floor":5,"turns":3},{"damage":20,"enemies":"3 Sentries","floor":6,"turns":7},{"damage":4,"enemies":"Blue Slaver","floor":13,"turns":3},{"damage":3,"enemies":"Large Slime","floor":14,"turns":4},{"damage":9,"enemies":"Hexaghost","floor":16,"turns":10},{"damage":8,"enemies":"3 Byrds","floor":18,"turns":5},{"damage":5,"enemies":"Shell Parasite","floor":21,"turns":7},{"damage":6,"enemies":"Snake Plant","floor":22,"turns":5},{"damage":12,"enemies":"3 Cultists","floor":25,"turns":4},{"damage":26,"enemies":"Gremlin Leader","floor":28,"turns":8},{"damage":14,"enemies":"Chosen and Byrds","floor":30,"turns":7},{"damage":36,"enemies":"Book of Stabbing","floor":31,"turns":7}],"seed_played":"-3320497348755006630","potions_obtained":[{"floor":1,"key":"GamblersBrew"},{"floor":3,"key":"Strength Potion"},{"floor":6,"key":"Swift Potion"},{"floor":13,"key":"Energy Potion"},{"floor":16,"key":"FearPotion"},{"floor":21,"key":"Block Potion"},{"floor":28,"key":"SteroidPotion"}],"is_trial":false,"path_per_floor":["M","$","M","$","M","E","?","R","T","?","?","$","M","M","R","B",null,"M","$","?","M","M","R","?","M","T","R","E","R","M","E"],"character_chosen":"THE_SILENT","items_purchased":["Vajra","Noxious Fumes","Footwork"],"campfire_rested":4,"item_purchase_floors":[2,4,19],"current_hp_per_floor":[49,49,47,47,47,27,20,39,46,24,24,24,20,17,38,29,62,54,54,54,49,43,43,43,31,31,52,26,47,33,0],"gold":148,"neow_bonus":"HUNDRED_GOLD","is_prod":false,"is_daily":false,"chose_seed":false,"campfire_upgraded":1,"win_rate":0,"timestamp":1541992903,"path_taken":["M","$","?","$","M","E","?","R","T","?","?","?","M","M","R","BOSS","M","$","?","M","M","R","?","M","T","R","E","R","M","E"],"build_version":"2018-11-08","purchased_purges":1,"victory":false,"max_hp_per_floor":[66,66,66,66,66,66,66,66,73,73,73,73,73,73,73,73,73,73,73,73,73,73,73,73,73,73,73,73,73,73,73],"card_choices":[{"not_picked":["Setup","Acrobatics"],"picked":"Deadly Poison","floor":1},{"not_picked":["Caltrops","Accuracy"],"picked":"Dagger Spray","floor":3},{"not_picked":["Blade Dance","Outmaneuver"],"picked":"Prepared","floor":5},{"not_picked":["Infinite Blades","Dodge and Roll"],"picked":"Adrenaline","floor":6},{"not_picked":["Flying Knee","Sucker Punch"],"picked":"Masterful Stab","floor":13},{"not_picked":["Tactician","Underhanded Strike","Dagger Spray"],"picked":"SKIP","floor":14},{"not_picked":["Corpse Explosion","Envenom"],"picked":"After Image","floor":16},{"not_picked":["Underhanded Strike","Bouncing Flask"],"picked":"Footwork","floor":18},{"not_picked":["Dodge and Roll","Quick Slash"],"picked":"Noxious Fumes","floor":21},{"not_picked":["Leg Sweep","Backflip"],"picked":"Crippling Poison+1","floor":22},{"not_picked":["Sucker Punch","Dagger Throw"],"picked":"Escape Plan","floor":25},{"not_picked":["Deflect","Blade Dance"],"picked":"Leg Sweep+1","floor":28},{"not_picked":["Noxious Fumes","Caltrops"],"picked":"Heel Hook","floor":30}],"player_experience":2218368,"relics_obtained":[{"floor":6,"key":"Smiling Mask"},{"floor":9,"key":"Strawberry"},{"floor":26,"key":"Ancient Tea Set"},{"floor":28,"key":"Tiny Chest"}],"event_choices":[{"cards_removed":["Strike_G"],"damage_healed":0,"gold_gain":0,"player_choice":"Card Removal","damage_taken":7,"max_hp_gain":0,"max_hp_loss":0,"event_name":"Golden Wing","floor":7,"gold_loss":0},{"damage_healed":0,"gold_gain":0,"player_choice":"Entered Light","damage_taken":22,"max_hp_gain":0,"max_hp_loss":0,"event_name":"Shining Light","floor":10,"gold_loss":0,"cards_upgraded":["Strike_G","Defend_G"]},{"cards_removed":["Strike_G"],"damage_healed":0,"gold_gain":0,"player_choice":"Card Removal","damage_taken":0,"max_hp_gain":0,"max_hp_loss":0,"event_name":"The Cleric","floor":11,"gold_loss":75},{"damage_healed":0,"gold_gain":0,"player_choice":"Opened","damage_taken":0,"relics_obtained":["Shuriken"],"max_hp_gain":0,"max_hp_loss":0,"event_name":"The Mausoleum","floor":20,"gold_loss":0,"cards_obtained":["Writhe"]},{"cards_removed":["Strike_G"],"damage_healed":0,"gold_gain":0,"player_choice":"Gave Gold","damage_taken":0,"max_hp_gain":0,"max_hp_loss":0,"event_name":"Beggar","floor":24,"gold_loss":75}],"is_beta":false,"boss_relics":[{"not_picked":["Lizard Tail","Eternal Feather"],"picked":"Ring of the Serpent"}],"items_purged_floors":[19],"is_endless":false,"potions_floor_spawned":[1,3,6,13,16,21,28],"killed_by":"Book of Stabbing","ascension_level":18}