{"gold_per_floor":[111,127,137,157,31,31,47,47,72,72,87,119,129,220,220,323,323,339,339,23,23,41,41,71,89,89,102,102,134,134,147,147,246,246,262,362,362,46,64,64,81,91,114,114,133,152,162,181,181,181],"floor_reached":51,"playtime":5257,"items_purged":["Strike_G","Strike_G","Strike_G"],"score":625,"play_id":"97fd3c26-f8be-4f83-bd69-cd2c0554fbeb","local_time":"20190705124558","is_ascension_mode":false,"campfire_choices":[{"data":"Skewer","floor":6,"key":"SMITH"},{"data":"Crippling Poison","floor":8,"key":"SMITH"},{"floor":15,"key":"REST"},{"data":"A Thousand Cuts","floor":23,"key":"SMITH"},{"floor":28,"key":"REST"},{"data":"Calculated Gamble","floor":30,"key":"SMITH"},{"floor":32,"key":"REST"},{"data":"Noxious Fumes","floor":40,"key":"SMITH"},{"floor":44,"key":"REST"},{"floor":49,"key":"REST"}],"neow_cost":"NONE","seed_source_timestamp":1941167762164909,"circlet_count":0,"master_deck":["Strike_G","Strike_G+1","Defend_G","Defend_G","Defend_G+1","Defend_G","Defend_G+1","Survivor","Neutralize+1","Dagger Throw","Skewer+1","Crippling Poison+1","Backflip","A Thousand Cuts+1","After Image","Calculated Gamble+1","PiercingWail","PiercingWail+1","Infinite Blades","Escape Plan+1","Backflip","Blur","Bullet Time","Leg Sweep","Neutralize","Noxious Fumes+1","Night Terror","Escape Plan+1","Backstab","Leg Sweep","PiercingWail+1","Catalyst+1"],"relics":["Ring of the Snake","Potion Belt","Boot","Tiny Chest","Runic Dome","Nilry\u0027s Codex","Chemical X","War Paint","Art of War","Red Mask","Eternal Feather","Peace Pipe","Ancient Tea Set","Dream Catcher"],"potions_floor_usage":[4,12,14,16,24,24,29,33,46,46,47,48,48,50,50],"damage_taken":[{"damage":0,"enemies":"Cultist","floor":1,"turns":4},{"damage":0,"enemies":"2 Louse","floor":2,"turns":2},{"damage":0,"enemies":"Jaw Worm","floor":3,"turns":4},{"damage":8,"enemies":"Exordium Thugs","floor":4,"turns":5},{"damage":0,"enemies":"Large Slime","floor":7,"turns":6},{"damage":0,"enemies":"2 Fungi Beasts","floor":11,"turns":3},{"damage":10,"enemies":"Gremlin Nob","floor":12,"turns":3},{"damage":5,"enemies":"Looter","floor":13,"turns":2},{"damage":10,"enemies":"Gremlin Nob","floor":14,"turns":4},{"damage":6,"enemies":"The Guardian","floor":16,"turns":16},{"damage":1,"enemies":"Shell Parasite","floor":18,"turns":6},{"damage":0,"enemies":"3 Byrds","floor":22,"turns":3},{"damage":8,"enemies":"Gremlin Leader","floor":24,"turns":5},{"damage":12,"enemies":"Snake Plant","floor":25,"turns":4},{"damage":7,"enemies":"Snecko","floor":27,"turns":5},{"damage":1,"enemies":"Masked Bandits","floor":29,"turns":3},{"damage":0,"enemies":"Cultist and Chosen","floor":31,"turns":5},{"damage":29,"enemies":"Collector","floor":33,"turns":9},{"damage":0,"enemies":"3 Darklings","floor":35,"turns":6},{"damage":0,"enemies":"Mind Bloom Boss Battle","floor":36,"turns":7},{"damage":0,"enemies":"3 Shapes","floor":39,"turns":6},{"damage":20,"enemies":"3 Darklings","floor":41,"turns":4},{"damage":29,"enemies":"Maw","floor":42,"turns":9},{"damage":11,"enemies":"Jaw Worm Horde","floor":45,"turns":3},{"damage":5,"enemies":"Transient","floor":46,"turns":5},{"damage":0,"enemies":"Maw","floor":47,"turns":8},{"damage":23,"enemies":"Spire Growth","floor":48,"turns":6},{"damage":47,"enemies":"Time Eater","floor":50,"turns":12}],"seed_played":"-2815082859122178806","potions_obtained":[{"floor":1,"key":"Explosive Potion"},{"floor":4,"key":"SpeedPotion"},{"floor":11,"key":"Block Potion"},{"floor":13,"key":"Strength Potion"},{"floor":16,"key":"GamblersBrew"},{"floor":18,"key":"GamblersBrew"},{"floor":25,"key":"Dexterity Potion"},{"floor":27,"key":"Block Potion"},{"floor":29,"key":"Ancient Potion"},{"floor":36,"key":"PowerPotion"},{"floor":42,"key":"GamblersBrew"},{"floor":45,"key":"GamblersBrew"},{"floor":46,"key":"SkillPotion"},{"floor":48,"key":"Strength Potion"}],"is_trial":false,"path_per_floor":["M","M","M","M","$","R","M","R","T","?","M","E","M","?","R","B",null,"M","?","$","?","M","R","E","M","T","M","R","?","R","M","R","B",null,"M","?","?","$","M","R","M","M","T","R","M","M","M","M","R","B",null],"character_chosen":"THE_SILENT","items_purchased":["Poison Potion","Chemical X","PiercingWail","Ancient Tea Set","Noxious Fumes"],"campfire_rested":5,"item_purchase_floors":[5,20,20,38,38],"current_hp_per_floor":[70,70,70,62,62,62,62,62,62,48,48,38,33,23,44,38,70,69,53,53,53,53,53,45,33,33,26,47,46,46,46,67,38,70,70,70,70,70,70,70,50,21,21,57,46,41,41,18,57,10],"gold":181,"neow_bonus":"UPGRADE_CARD","is_prod":false,"is_daily":false,"chose_seed":false,"campfire_upgraded":5,"win_rate":0,"timestamp":1562345158,"path_taken":["M","?","M","M","$","R","M","R","T","?","M","E","M","?","R","BOSS","M","?","$","?","M","R","E","M","T","M","R","?","R","M","R","BOSS","M","?","?","$","M","R","M","M","T","R","M","M","M","M","R","BOSS"],"build_version":"2019-07-01","purchased_purges":3,"victory":true,"max_hp_per_floor":[70,70,70,70,70,70,70,70,70,70,70,70,70,70,70,70,70,70,70,70,70,70,70,70,70,70,70,70,70,70,70,70,70,70,70,70,70,70,70,70,70,70,70,70,70,70,70,70,70,70],"card_choices":[{"not_picked":["Heel Hook","Eviscerate"],"picked":"Dagger Throw","floor":1},{"not_picked":["Poisoned Stab","Blade Dance"],"picked":"Skewer","floor":2},{"not_picked":["Heel Hook","Prepared","Slice"],"picked":"SKIP","floor":3},{"not_picked":["Cloak And Dagger","Acrobatics"],"picked":"Crippling Poison","floor":4},{"not_picked":["Storm of Steel","Underhanded Strike","Expertise"],"picked":"SKIP","floor":7},{"not_picked":["Dagger Throw","Cloak And Dagger"],"picked":"Backflip","floor":11},{"not_picked":["Deadly Poison","Flechettes"],"picked":"A Thousand Cuts","floor":12},{"not_picked":["Outmaneuver","Underhanded Strike","Terror"],"picked":"SKIP","floor":13},{"not_picked":["Bullet Time","Doppelganger"],"picked":"After Image","floor":16},{"not_picked":["Slice+1","Flying Knee"],"picked":"Calculated Gamble","floor":18},{"not_picked":["Finisher+1","Bouncing Flask"],"picked":"PiercingWail","floor":22},{"not_picked":["Deflect","Underhanded Strike+1"],"picked":"Infinite Blades","floor":24},{"not_picked":["Finisher","Deadly Poison+1"],"picked":"Escape Plan+1","floor":25},{"not_picked":["Dagger Spray","Dodge and Roll","Heel Hook"],"picked":"SKIP","floor":27},{"not_picked":["Tactician","Underhanded Strike"],"picked":"Backflip","floor":29},{"not_picked":["Grand Finale","Slice"],"picked":"Blur","floor":31},{"not_picked":["Glass Knife","Venomology"],"picked":"Bullet Time","floor":33},{"not_picked":["Dagger Spray+1","Acrobatics+1"],"picked":"Leg Sweep","floor":35},{"not_picked":["Underhanded Strike+1","Dagger Throw+1","Noxious Fumes"],"picked":"SKIP","floor":39},{"not_picked":["Prepared+1","Endless Agony","Acrobatics"],"picked":"SKIP","floor":41},{"not_picked":["Poisoned Stab","Dodge and Roll"],"picked":"Night Terror","floor":42},{"not_picked":["Riddle With Holes","Flying Knee"],"picked":"Escape Plan+1","floor":44},{"not_picked":["Flying Knee","Quick Slash+1"],"picked":"Backstab","floor":45},{"not_picked":["Blur","Infinite Blades"],"picked":"Leg Sweep","floor":46},{"not_picked":["Corpse Explosion","Setup","Dodge and Roll"],"picked":"SKIP","floor":47},{"not_picked":["Well Laid Plans","Quick Slash+1"],"picked":"PiercingWail+1","floor":48},{"not_picked":["Setup","Underhanded Strike+1"],"picked":"Catalyst+1","floor":49}],"player_experience":3900403,"relics_obtained":[{"floor":9,"key":"Potion Belt"},{"floor":12,"key":"Boot"},{"floor":14,"key":"Tiny Chest"},{"floor":19,"key":"Nilry\u0027s Codex"},{"floor":24,"key":"War Paint"},{"floor":26,"key":"Art of War"},{"floor":29,"key":"Red Mask"},{"floor":36,"key":"Peace Pipe"},{"floor":43,"key":"Dream Catcher"}],"event_choices":[{"damage_healed":0,"gold_gain":0,"player_choice":"Entered Light","damage_taken":14,"max_hp_gain":0,"max_hp_loss":0,"event_name":"Shining Light","floor":10,"gold_loss":0,"cards_upgraded":["Defend_G","Strike_G"]},{"damage_healed":0,"gold_gain":30,"player_choice":"Searched \u00272\u0027 times","damage_taken":0,"max_hp_gain":0,"max_hp_loss":0,"event_name":"Dead Adventurer","floor":14,"gold_loss":0},{"damage_healed":0,"gold_gain":0,"player_choice":"Obtained Book","damage_taken":16,"max_hp_gain":0,"max_hp_loss":0,"event_name":"Cursed Tome","floor":19,"gold_loss":0},{"damage_healed":0,"gold_gain":0,"player_choice":"Ignored","damage_taken":0,"max_hp_gain":0,"max_hp_loss":0,"event_name":"Ghosts","floor":21,"gold_loss":0},{"damage_healed":0,"gold_gain":0,"player_choice":"Fought Bandits","damage_taken":0,"max_hp_gain":0,"max_hp_loss":0,"event_name":"Masked Bandits","floor":29,"gold_loss":0},{"damage_healed":0,"gold_gain":0,"player_choice":"Fight","damage_taken":0,"max_hp_gain":0,"max_hp_loss":0,"event_name":"MindBloom","floor":36,"gold_loss":0},{"damage_healed":0,"gold_gain":0,"player_choice":"1 cards matched","damage_taken":0,"max_hp_gain":0,"max_hp_loss":0,"event_name":"Match and Keep!","floor":37,"gold_loss":0,"cards_obtained":["Neutralize"]}],"is_beta":false,"boss_relics":[{"not_picked":["Black Star","Coffee Dripper"],"picked":"Runic Dome"},{"not_picked":["WristBlade","Orrery"],"picked":"Eternal Feather"}],"items_purged_floors":[5,20,38],"is_endless":false,"potions_floor_spawned":[1,4,11,13,16,18,25,27,29,36,42,45,46,48],"ascension_level":0}