{"gold_per_floor":[112,77,91,91,102,102,133,133,179,179,198,225,238,238,238,311,311,323,7,7,17,32,32,63,78,123,123,151,151,169,181,181,254,254,270,24,44,44,63,63,83,93,116,126,126,126,144,163,163,163],"floor_reached":51,"playtime":3826,"items_purged":[],"score":1445,"play_id":"f008ea40-3298-45e3-ae08-c930cce327f8","local_time":"20190414150009","is_ascension_mode":true,"campfire_choices":[{"data":"Zap","floor":6,"key":"SMITH"},{"data":"Sunder","floor":8,"key":"SMITH"},{"data":"Dualcast","floor":10,"key":"SMITH"},{"data":"Defragment","floor":15,"key":"SMITH"},{"floor":23,"key":"REST"},{"floor":27,"key":"REST"},{"data":"Coolheaded","floor":29,"key":"SMITH"},{"floor":32,"key":"REST"},{"data":"Biased Cognition","floor":40,"key":"SMITH"},{"floor":45,"key":"REST"},{"data":"Capacitor","floor":49,"key":"SMITH"}],"neow_cost":"NONE","seed_source_timestamp":413406790185050,"circlet_count":0,"master_deck":["AscendersBane","Defend_B","Defend_B","Defend_B","Zap+1","Dualcast+1","All For One","Leap","Sunder+1","Scrape","Steam","Capacitor+1","Defragment+1","Echo Form","Stack","Creative AI","Electrodynamics+1","Thunder Strike+1","Compile Driver+1","Stack","Coolheaded+1","Bandage Up","Steam Power","Turbo+1","Coolheaded","Genetic Algorithm","Undo","Biased Cognition+1","Steam Power","Core Surge","Echo Form","Coolheaded","Core Surge","Reinforced Body+1","Leap+1"],"relics":["Cracked Core","Art of War","Strawberry","Mercury Hourglass","Meat on the Bone","Astrolabe","Bag of Preparation","Centennial Puzzle","Oddly Smooth Stone","Omamori","Nuclear Battery","Bronze Scales"],"potions_floor_usage":[7,12,16,16,21,24,25,31,35,41,50,50],"damage_taken":[{"damage":9,"enemies":"Jaw Worm","floor":1,"turns":3},{"damage":11,"enemies":"Small Slimes","floor":3,"turns":3},{"damage":1,"enemies":"2 Louse","floor":5,"turns":2},{"damage":8,"enemies":"Gremlin Nob","floor":7,"turns":3},{"damage":4,"enemies":"2 Fungi Beasts","floor":11,"turns":2},{"damage":0,"enemies":"3 Sentries","floor":12,"turns":4},{"damage":2,"enemies":"Lots of Slimes","floor":13,"turns":3},{"damage":14,"enemies":"The Guardian","floor":16,"turns":9},{"damage":22,"enemies":"2 Thieves","floor":18,"turns":3},{"damage":30,"enemies":"Shell Parasite","floor":21,"turns":6},{"damage":20,"enemies":"Sentry and Sphere","floor":22,"turns":4},{"damage":14,"enemies":"Gremlin Leader","floor":24,"turns":6},{"damage":8,"enemies":"Snake Plant","floor":25,"turns":4},{"damage":19,"enemies":"Book of Stabbing","floor":28,"turns":4},{"damage":8,"enemies":"Chosen and Byrds","floor":30,"turns":4},{"damage":36,"enemies":"Shelled Parasite and Fungi","floor":31,"turns":4},{"damage":0,"enemies":"Champ","floor":33,"turns":11},{"damage":5,"enemies":"Orb Walker","floor":35,"turns":2},{"damage":27,"enemies":"3 Darklings","floor":37,"turns":3},{"damage":0,"enemies":"Sphere and 2 Shapes","floor":39,"turns":6},{"damage":54,"enemies":"Transient","floor":41,"turns":6},{"damage":0,"enemies":"Maw","floor":42,"turns":9},{"damage":1,"enemies":"Sphere and 2 Shapes","floor":44,"turns":2},{"damage":0,"enemies":"4 Shapes","floor":47,"turns":2},{"damage":0,"enemies":"Spire Growth","floor":48,"turns":5},{"damage":49,"enemies":"Time Eater","floor":50,"turns":12}],"seed_played":"283620482859856529","potions_obtained":[{"floor":3,"key":"Fire Potion"},{"floor":7,"key":"Explosive Potion"},{"floor":11,"key":"SteroidPotion"},{"floor":13,"key":"Block Potion"},{"floor":16,"key":"AttackPotion"},{"floor":22,"key":"AttackPotion"},{"floor":24,"key":"GamblersBrew"},{"floor":30,"key":"Energy Potion"},{"floor":33,"key":"SpeedPotion"},{"floor":35,"key":"Regen Potion"},{"floor":42,"key":"Explosive Potion"},{"floor":44,"key":"FocusPotion"},{"floor":48,"key":"SkillPotion"}],"is_trial":false,"path_per_floor":["M","?","M","?","M","R","E","R","T","R","M","E","M","?","R","B",null,"M","$","?","M","M","R","E","M","T","R","E","R","M","M","R","B",null,"M","$","M","?","M","R","M","M","T","M","R","?","M","M","R","B",null],"character_chosen":"DEFECT","items_purchased":["Coolheaded","Bag of Preparation","Bandage Up","Core Surge","Echo Form"],"campfire_rested":4,"item_purchase_floors":[19,19,19,36,36],"current_hp_per_floor":[55,71,60,60,59,59,51,51,58,58,54,54,52,52,52,50,71,49,49,49,35,31,54,48,40,40,63,48,48,44,24,47,55,72,71,71,48,48,52,52,29,49,49,56,78,74,74,74,74,45],"gold":163,"neow_bonus":"ONE_RANDOM_RARE_CARD","is_prod":false,"is_daily":false,"chose_seed":false,"campfire_upgraded":7,"win_rate":0,"timestamp":1555268409,"path_taken":["M","?","M","?","M","R","E","R","T","R","M","E","M","?","R","BOSS","M","$","?","M","M","R","E","M","T","R","E","R","?","M","R","BOSS","M","$","M","?","M","R","?","M","T","M","R","?","M","M","R","BOSS"],"build_version":"2019-01-23","purchased_purges":0,"victory":true,"max_hp_per_floor":[71,71,71,71,71,71,71,71,78,78,78,78,78,78,78,78,78,78,78,78,78,78,78,78,78,78,78,78,78,78,78,78,78,78,78,78,78,78,78,78,78,78,78,78,78,74,74,74,74,74],"card_choices":[{"not_picked":["Compile Driver","Conserve Battery"],"picked":"Leap","floor":1},{"not_picked":["Barrage","Melter"],"picked":"Sunder","floor":3},{"not_picked":["Scrape","Aggregate"],"picked":"Steam","floor":5},{"not_picked":["Scrape","Force Field"],"picked":"Capacitor","floor":7},{"not_picked":["Rip and Tear","Compile Driver"],"picked":"Defragment","floor":11},{"not_picked":["Reinforced Body","Chaos"],"picked":"Echo Form","floor":12},{"not_picked":["Sweeping Beam","Scrape"],"picked":"Stack","floor":13},{"not_picked":["Reboot","Rainbow"],"picked":"Creative AI","floor":16},{"not_picked":["Sunder","Compile Driver"],"picked":"Stack","floor":18},{"not_picked":["Redo","Hologram"],"picked":"Steam Power","floor":21},{"not_picked":["Static Discharge","Compile Driver","Rebound"],"picked":"SKIP","floor":22},{"not_picked":["Tempest","Blizzard","Rebound"],"picked":"SKIP","floor":24},{"not_picked":["Ball Lightning","Rebound"],"picked":"Turbo+1","floor":25},{"not_picked":["Consume","Cold Snap"],"picked":"Coolheaded","floor":28},{"not_picked":["Compile Driver","Amplify"],"picked":"Genetic Algorithm","floor":30},{"not_picked":["Darkness","Stack"],"picked":"Undo","floor":31},{"not_picked":["Buffer","Fission"],"picked":"Biased Cognition","floor":33},{"not_picked":["Lockon","Genetic Algorithm"],"picked":"Steam Power","floor":35},{"not_picked":["Streamline","Stack"],"picked":"Coolheaded","floor":37},{"not_picked":["Genetic Algorithm","Turbo","Rebound"],"picked":"SKIP","floor":39},{"not_picked":["Genetic Algorithm+1","Compile Driver+1","Heatsinks"],"picked":"SKIP","floor":41},{"not_picked":["Rebound+1","Gash+1"],"picked":"Core Surge","floor":42},{"not_picked":["Barrage","Gash"],"picked":"Reinforced Body+1","floor":44},{"not_picked":["Conserve Battery","Chill"],"picked":"Leap+1","floor":47},{"not_picked":["Beam Cell","Self Repair","Gash"],"picked":"SKIP","floor":48}],"player_experience":3375187,"relics_obtained":[{"floor":7,"key":"Art of War"},{"floor":9,"key":"Strawberry"},{"floor":12,"key":"Mercury Hourglass"},{"floor":24,"key":"Centennial Puzzle"},{"floor":26,"key":"Oddly Smooth Stone"},{"floor":28,"key":"Omamori"},{"floor":43,"key":"Bronze Scales"}],"event_choices":[{"damage_healed":17,"gold_gain":0,"player_choice":"Healed","damage_taken":0,"max_hp_gain":0,"max_hp_loss":0,"event_name":"The Cleric","floor":2,"gold_loss":35},{"damage_healed":0,"gold_gain":0,"cards_transformed":["Strike_B"],"player_choice":"Change","damage_taken":0,"max_hp_gain":0,"max_hp_loss":0,"event_name":"Living Wall","floor":4,"gold_loss":0,"cards_obtained":["Scrape"]},{"damage_healed":0,"gold_gain":0,"player_choice":"Searched \u00271\u0027 times","damage_taken":0,"relics_obtained":["Meat on the Bone"],"max_hp_gain":0,"max_hp_loss":0,"event_name":"Dead Adventurer","floor":14,"gold_loss":0},{"damage_healed":0,"gold_gain":0,"player_choice":"0 cards matched","damage_taken":0,"max_hp_gain":0,"max_hp_loss":0,"event_name":"Match and Keep!","floor":20,"gold_loss":0,"cards_obtained":[]},{"cards_removed":["Defend_B"],"damage_healed":0,"gold_gain":0,"player_choice":"Purged","damage_taken":0,"max_hp_gain":0,"max_hp_loss":0,"event_name":"Purifier","floor":38,"gold_loss":0},{"damage_healed":0,"gold_gain":0,"player_choice":"Max HP","damage_taken":0,"max_hp_gain":0,"max_hp_loss":4,"event_name":"Winding Halls","floor":46,"gold_loss":0}],"is_beta":false,"boss_relics":[{"not_picked":["Runic Dome","Busted Crown"],"picked":"Astrolabe"},{"not_picked":["Orrery","Coffee Dripper"],"picked":"Nuclear Battery"}],"items_purged_floors":[],"is_endless":false,"potions_floor_spawned":[3,7,11,13,16,22,24,30,33,35,42,44,48],"ascension_level":19}