{"gold_per_floor":[115,43,62,62,62,62,89,89,142,142,182,182,195,220,220,220],"floor_reached":16,"playtime":626,"items_purged":[],"score":146,"play_id":"ffe52d6d-5fcc-420c-8e48-d3f21ddd5d5b","local_time":"20190720110152","is_ascension_mode":true,"campfire_choices":[{"data":"Flame Barrier","floor":6,"key":"SMITH"},{"data":"Carnage","floor":10,"key":"SMITH"},{"data":"Armaments","floor":15,"key":"SMITH"}],"neow_cost":"NONE","seed_source_timestamp":1184582891111,"circlet_count":0,"master_deck":["Strike_R","Strike_R","Strike_R","Strike_R","Strike_R","Defend_R","Defend_R","Defend_R","Defend_R","Bash","Flame Barrier+1","Carnage+1","Clothesline","Good Instincts","Rupture","Armaments+1","Ghostly Armor"],"relics":["Burning Blood","Shuriken","Mummified Hand","Omamori","Golden Idol","Smiling Mask","Anchor"],"potions_floor_usage":[7,16,16],"damage_taken":[{"damage":10,"enemies":"2 Louse","floor":1,"turns":3},{"damage":6,"enemies":"Cultist","floor":3,"turns":5},{"damage":43,"enemies":"3 Sentries","floor":7,"turns":11},{"damage":29,"enemies":"Gremlin Nob","floor":11,"turns":4},{"damage":0,"enemies":"Small Slimes","floor":13,"turns":4},{"damage":0,"enemies":"2 Fungi Beasts","floor":14,"turns":2},{"damage":29,"enemies":"Hexaghost","floor":16,"turns":11}],"seed_played":"2220619514181929003","potions_obtained":[{"floor":3,"key":"Block Potion"},{"floor":13,"key":"Dexterity Potion"},{"floor":14,"key":"Ancient Potion"}],"is_trial":false,"path_per_floor":["M","?","M","?","?","R","E","?","T","R","E","?","M","M","R","B"],"character_chosen":"IRONCLAD","items_purchased":[],"campfire_rested":0,"item_purchase_floors":[],"current_hp_per_floor":[76,76,76,76,76,76,39,39,39,39,16,16,22,28,28,0],"gold":220,"neow_bonus":"TEN_PERCENT_HP_BONUS","is_prod":false,"is_daily":false,"chose_seed":false,"campfire_upgraded":3,"win_rate":0,"timestamp":1563613312,"path_taken":["M","?","?","?","?","R","E","?","T","R","E","?","?","M","R","BOSS"],"build_version":"2019-07-17","purchased_purges":0,"victory":false,"max_hp_per_floor":[88,88,88,88,88,88,88,88,88,88,88,88,88,88,88,88],"card_choices":[{"not_picked":["Body Slam","Intimidate"],"picked":"Flame Barrier","floor":1},{"not_picked":["Warcry","True Grit","Cleave"],"picked":"SKIP","floor":3},{"not_picked":["Anger","Clash"],"picked":"Carnage","floor":7},{"not_picked":["Evolve","Iron Wave"],"picked":"Clothesline","floor":11},{"not_picked":["Headbutt","Pommel Strike"],"picked":"Armaments","floor":13},{"not_picked":["Intimidate","Twin Strike"],"picked":"Ghostly Armor","floor":14}],"player_experience":173636,"relics_obtained":[{"floor":7,"key":"Omamori"},{"floor":9,"key":"Smiling Mask"},{"floor":11,"key":"Anchor"}],"event_choices":[{"damage_healed":0,"gold_gain":0,"player_choice":"Paid Gold","damage_taken":0,"relics_obtained":["Shuriken"],"max_hp_gain":0,"max_hp_loss":0,"event_name":"WeMeetAgain","floor":2,"gold_loss":72},{"damage_healed":0,"gold_gain":0,"player_choice":"Box","damage_taken":0,"relics_obtained":["Mummified Hand"],"max_hp_gain":0,"max_hp_loss":0,"event_name":"Big Fish","floor":4,"gold_loss":0,"cards_obtained":["Regret"]},{"cards_removed":["Regret"],"damage_healed":0,"gold_gain":0,"player_choice":"Forget","damage_taken":0,"max_hp_gain":0,"max_hp_loss":0,"event_name":"Living Wall","floor":5,"gold_loss":0},{"damage_healed":0,"gold_gain":0,"player_choice":"Take Wound","damage_taken":0,"relics_obtained":["Golden Idol"],"max_hp_gain":0,"max_hp_loss":0,"event_name":"Golden Idol","floor":8,"gold_loss":0,"cards_obtained":["Injury"]},{"damage_healed":0,"gold_gain":0,"player_choice":"2 cards matched","damage_taken":0,"max_hp_gain":0,"max_hp_loss":0,"event_name":"Match and Keep!","floor":12,"gold_loss":0,"cards_obtained":["Good Instincts","Rupture"]}],"is_beta":false,"boss_relics":[],"items_purged_floors":[],"is_endless":false,"potions_floor_spawned":[3,13,14],"killed_by":"Hexaghost","ascension_level":7}