{"gold_per_floor":[361,69,87,107,107,107,134,134,207,207,207,220,220,247,247,344,344,355,445,456,468,480,480,514,514,589,589,589,601,190,105,105,200,200,217,16,16,26,42,42,67,67,67,15,27,75,0,11,11,11,11,11,11,36,36],"floor_reached":56,"playtime":5118,"items_purged":["Strike_G"],"score":1657,"play_id":"ab4e175c-9a51-4779-9927-9a3b2d280a96","local_time":"20190721233340","is_ascension_mode":true,"campfire_choices":[{"data":"Neutralize","floor":6,"key":"SMITH"},{"floor":8,"key":"REST"},{"data":"Escape Plan","floor":10,"key":"SMITH"},{"floor":15,"key":"REST"},{"floor":23,"key":"REST"},{"floor":25,"key":"REST"},{"data":"Accuracy","floor":32,"key":"SMITH"},{"floor":40,"key":"RECALL"},{"data":"Infinite Blades","floor":42,"key":"SMITH"},{"data":"Blade Dance","floor":49,"key":"SMITH"},{"floor":52,"key":"REST"}],"neow_cost":"CURSE","seed_source_timestamp":46372955548347,"circlet_count":0,"master_deck":["Strike_G","Strike_G","Strike_G","Defend_G","Defend_G","Defend_G","Defend_G","Survivor","Neutralize+1","Escape Plan+1","Backstab","Infinite Blades+1","Venomology","Corpse Explosion","Endless Agony","Calculated Gamble","Terror+1","Backflip","Endless Agony+1","Accuracy+1","Blade Dance+1","Cloak And Dagger","Adrenaline","Bullet Time","PiercingWail+1","Venomology","PiercingWail","Backflip+1","Acrobatics+1","Blur+1"],"relics":["Ring of the Snake","Dead Branch","Oddly Smooth Stone","Matryoshka","Bag of Preparation","HoveringKite","Bottled Lightning","Pantograph","Ancient Tea Set","Sundial","Bottled Tornado","Tough Bandages","Philosopher\u0027s Stone","Medical Kit","Gremlin Horn","PreservedInsect","StoneCalendar","Anchor"],"potions_floor_usage":[14,16,18,18,22,22,24,24,29,41,41,48,48,48,48,48,48,55,55,55],"damage_taken":[{"damage":1,"enemies":"2 Louse","floor":1,"turns":4},{"damage":0,"enemies":"Small Slimes","floor":3,"turns":3},{"damage":2,"enemies":"Cultist","floor":4,"turns":5},{"damage":25,"enemies":"3 Sentries","floor":7,"turns":8},{"damage":0,"enemies":"Exordium Wildlife","floor":12,"turns":5},{"damage":25,"enemies":"Gremlin Nob","floor":14,"turns":4},{"damage":40,"enemies":"Hexaghost","floor":16,"turns":10},{"damage":20,"enemies":"2 Thieves","floor":18,"turns":3},{"damage":0,"enemies":"Spheric Guardian","floor":20,"turns":5},{"damage":8,"enemies":"Centurion and Healer","floor":21,"turns":6},{"damage":14,"enemies":"Snecko","floor":22,"turns":5},{"damage":2,"enemies":"Book of Stabbing","floor":24,"turns":5},{"damage":2,"enemies":"Chosen and Byrds","floor":29,"turns":4},{"damage":17,"enemies":"Automaton","floor":33,"turns":7},{"damage":0,"enemies":"3 Shapes","floor":35,"turns":2},{"damage":0,"enemies":"Orb Walker","floor":38,"turns":1},{"damage":0,"enemies":"4 Shapes","floor":39,"turns":1},{"damage":14,"enemies":"Giant Head","floor":41,"turns":8},{"damage":0,"enemies":"Spire Growth","floor":45,"turns":4},{"damage":0,"enemies":"2 Orb Walkers","floor":46,"turns":2},{"damage":0,"enemies":"Maw","floor":48,"turns":5},{"damage":78,"enemies":"Time Eater","floor":50,"turns":11},{"damage":0,"enemies":"Shield and Spear","floor":54,"turns":2},{"damage":42,"enemies":"The Heart","floor":55,"turns":9}],"seed_played":"4022468322682884315","potions_obtained":[{"floor":7,"key":"Swift Potion"},{"floor":12,"key":"LiquidBronze"},{"floor":14,"key":"FairyPotion"},{"floor":22,"key":"Dexterity Potion"},{"floor":24,"key":"GhostInAJar"}],"is_trial":false,"path_per_floor":["M","$","M","M","?","R","E","R","T","R","?","M","?","E","R","B",null,"M","?","M","M","M","R","E","R","T","?","?","M","$","?","R","B",null,"M","$","?","M","M","R","E","R","T","$","M","?","$","M","R","B",null,"R","$","E","B",null],"character_chosen":"THE_SILENT","items_purchased":["Dead Branch","Accuracy","Bottled Tornado","Blade Dance","Cloak And Dagger","Medical Kit","PiercingWail"],"campfire_rested":5,"item_purchase_floors":[2,30,30,30,30,36,44],"current_hp_per_floor":[62,62,62,60,60,60,35,56,56,56,56,56,56,31,52,12,56,36,15,15,7,8,29,27,48,48,70,70,68,68,68,68,53,66,66,66,66,66,66,66,52,52,52,52,52,52,52,70,70,7,54,70,70,70,28],"gold":36,"neow_bonus":"TWO_FIFTY_GOLD","is_prod":false,"is_daily":false,"chose_seed":false,"campfire_upgraded":5,"win_rate":0,"timestamp":1563744820,"path_taken":["M","$","M","M","?","R","E","R","T","R","?","?","?","E","R","BOSS","M","?","?","M","M","R","E","R","T","?","?","?","$","?","R","BOSS","M","$","?","M","M","R","E","R","T","?","M","?","$","M","R","BOSS","R","$","E","BOSS"],"build_version":"2019-07-17","purchased_purges":1,"victory":true,"max_hp_per_floor":[70,70,70,70,70,70,70,70,70,70,70,70,70,70,70,70,70,70,70,70,70,70,70,70,70,70,70,70,70,70,70,70,70,70,70,70,70,70,70,70,70,70,70,70,70,70,70,70,70,70,70,70,70,70,70],"card_choices":[{"not_picked":["Blade Dance","Flechettes"],"picked":"Escape Plan","floor":1},{"not_picked":["PiercingWail","Flying Knee"],"picked":"Backstab","floor":3},{"not_picked":["Dagger Throw","Deflect","All Out Attack"],"picked":"SKIP","floor":4},{"not_picked":["Slice","Grand Finale","Prepared"],"picked":"SKIP","floor":7},{"not_picked":["Prepared","Backstab"],"picked":"Infinite Blades","floor":12},{"not_picked":["Quick Slash","Sucker Punch","Terror"],"picked":"SKIP","floor":14},{"not_picked":["Doppelganger","Adrenaline"],"picked":"Corpse Explosion","floor":16},{"not_picked":["Blade Dance","Noxious Fumes"],"picked":"Endless Agony","floor":18},{"not_picked":["Riddle With Holes","Deflect"],"picked":"Calculated Gamble","floor":20},{"not_picked":["Outmaneuver","Flechettes+1","Underhanded Strike"],"picked":"SKIP","floor":21},{"not_picked":["Prepared","Distraction"],"picked":"Terror+1","floor":22},{"not_picked":["Skewer","Expertise+1"],"picked":"Backflip","floor":24},{"not_picked":["Slice","Blur"],"picked":"Endless Agony+1","floor":29},{"not_picked":["Burst","Envenom"],"picked":"Adrenaline","floor":33},{"not_picked":["Masterful Stab+1","Bane+1","Deadly Poison"],"picked":"SKIP","floor":35},{"not_picked":["Predator","Skewer+1","Dagger Throw"],"picked":"SKIP","floor":38},{"not_picked":["Quick Slash","Finisher"],"picked":"PiercingWail+1","floor":39},{"not_picked":["Flying Knee","Concentrate+1"],"picked":"Venomology","floor":41},{"not_picked":["Quick Slash+1","Dodge and Roll"],"picked":"Backflip+1","floor":45},{"not_picked":["Flechettes","Dagger Spray"],"picked":"Acrobatics+1","floor":48},{"not_picked":["Dagger Throw+1","Bane"],"picked":"Blur+1","floor":54}],"player_experience":223048,"relics_obtained":[{"floor":7,"key":"Oddly Smooth Stone"},{"floor":9,"key":"Matryoshka"},{"floor":14,"key":"Bag of Preparation"},{"floor":24,"key":"Bottled Lightning"},{"floor":26,"key":"Pantograph"},{"floor":26,"key":"Ancient Tea Set"},{"floor":41,"key":"Gremlin Horn"},{"floor":43,"key":"PreservedInsect"},{"floor":46,"key":"StoneCalendar"},{"floor":54,"key":"Anchor"}],"event_choices":[{"cards_removed":["Doubt"],"damage_healed":0,"gold_gain":0,"player_choice":"Forget","damage_taken":0,"max_hp_gain":0,"max_hp_loss":0,"event_name":"Living Wall","floor":5,"gold_loss":0},{"cards_removed":["Strike_G"],"damage_healed":0,"gold_gain":0,"player_choice":"Purged","damage_taken":0,"max_hp_gain":0,"max_hp_loss":0,"event_name":"Purifier","floor":11,"gold_loss":0},{"damage_healed":0,"gold_gain":0,"cards_transformed":["Defend_G"],"player_choice":"Transformed","damage_taken":0,"max_hp_gain":0,"max_hp_loss":0,"event_name":"Transmorgrifier","floor":13,"gold_loss":0,"cards_obtained":["Venomology"]},{"damage_healed":0,"gold_gain":90,"player_choice":"CARD GOLD ","damage_taken":21,"max_hp_gain":0,"max_hp_loss":0,"event_name":"Knowing Skull","floor":19,"potions_obtained":[],"gold_loss":0,"cards_obtained":["Swift Strike"]},{"damage_healed":23,"gold_gain":0,"player_choice":"Heal","damage_taken":0,"max_hp_gain":0,"max_hp_loss":0,"event_name":"The Library","floor":27,"gold_loss":0},{"cards_removed":["Swift Strike"],"damage_healed":0,"gold_gain":0,"player_choice":"Gave Card","damage_taken":0,"relics_obtained":["Sundial"],"max_hp_gain":0,"max_hp_loss":0,"event_name":"WeMeetAgain","floor":28,"gold_loss":0},{"damage_healed":0,"gold_gain":0,"player_choice":"Obtained Relic","damage_taken":0,"relics_obtained":["Tough Bandages"],"max_hp_gain":0,"max_hp_loss":0,"event_name":"Addict","floor":31,"gold_loss":85},{"damage_healed":0,"gold_gain":0,"player_choice":"1 cards matched","damage_taken":0,"max_hp_gain":0,"max_hp_loss":0,"event_name":"Match and Keep!","floor":37,"gold_loss":0,"cards_obtained":["Bullet Time"]},{"damage_healed":0,"gold_gain":0,"player_choice":"Fight","damage_taken":0,"max_hp_gain":0,"max_hp_loss":0,"event_name":"Mysterious Sphere","floor":46,"gold_loss":0}],"is_beta":false,"boss_relics":[{"not_picked":["Empty Cage","Sozu"],"picked":"HoveringKite"},{"not_picked":["Astrolabe","Ring of the Serpent"],"picked":"Philosopher\u0027s Stone"}],"items_purged_floors":[47],"is_endless":false,"potions_floor_spawned":[7,12,14,22,24,29,35,39],"ascension_level":9}