{"gold_per_floor":[111,34,52,65,30,30,43,43,43,59,76,76,76,109,109,186,186,206,221,146,169,185,185,210,210],"floor_reached":25,"playtime":2838,"items_purged":[],"score":484,"play_id":"b63997c5-2abb-45da-b39d-7dd5e80e97ea","local_time":"20181113104531","is_ascension_mode":true,"campfire_choices":[{"data":"Neutralize","floor":6,"key":"SMITH"},{"floor":8,"key":"REST"},{"data":"Glass Knife","floor":12,"key":"SMITH"},{"data":"Dash","floor":15,"key":"SMITH"},{"floor":23,"key":"REST"}],"neow_cost":"NONE","seed_source_timestamp":749252776030105,"circlet_count":0,"master_deck":["AscendersBane","Survivor","Neutralize+1","PiercingWail","Dagger Spray","Backflip","Cloak And Dagger","Flying Knee","Glass Knife+1","Dash+1","After Image","Quick Slash","PiercingWail","Tactician","Dagger Spray","Cloak And Dagger","Slice","Deadly Poison","Terror","Escape Plan","Calculated Gamble+1","Predator+1","Blade Dance","Backflip","Noxious Fumes"],"relics":["Ring of the Snake","Vajra","StoneCalendar","Torii","Pandora\u0027s Box","Dream Catcher","Meat on the Bone"],"potions_floor_usage":[7,14,16,25],"damage_taken":[{"damage":31,"enemies":"Jaw Worm","floor":1,"turns":9},{"damage":0,"enemies":"2 Louse","floor":3,"turns":2},{"damage":1,"enemies":"Cultist","floor":4,"turns":4},{"damage":6,"enemies":"Exordium Wildlife","floor":7,"turns":5},{"damage":6,"enemies":"Gremlin Gang","floor":10,"turns":4},{"damage":0,"enemies":"2 Fungi Beasts","floor":11,"turns":3},{"damage":0,"enemies":"Gremlin Nob","floor":14,"turns":2},{"damage":40,"enemies":"Hexaghost","floor":16,"turns":15},{"damage":0,"enemies":"Chosen","floor":18,"turns":3},{"damage":2,"enemies":"Spheric Guardian","floor":19,"turns":6},{"damage":19,"enemies":"Snecko","floor":22,"turns":4},{"damage":45,"enemies":"Book of Stabbing","floor":24,"turns":6},{"damage":9,"enemies":"Chosen and Byrds","floor":25,"turns":3}],"seed_played":"-2820396692542307021","potions_obtained":[{"floor":3,"key":"Dexterity Potion"},{"floor":7,"key":"Swift Potion"},{"floor":11,"key":"SteroidPotion"},{"floor":22,"key":"Ancient Potion"}],"is_trial":false,"path_per_floor":["M","$","M","M","?","R","M","R","T","M","M","R","?","E","R","B",null,"M","M","?","T","M","R","E","M"],"character_chosen":"THE_SILENT","items_purchased":["Dagger Spray","Backflip"],"campfire_rested":2,"item_purchase_floors":[2,2],"current_hp_per_floor":[28,28,28,27,43,43,37,56,56,50,50,50,50,50,50,10,52,52,50,50,50,31,50,5,0],"gold":210,"neow_bonus":"RANDOM_COMMON_RELIC","is_prod":false,"is_daily":false,"chose_seed":false,"campfire_upgraded":3,"win_rate":0,"timestamp":1542123931,"path_taken":["M","$","M","M","?","R","M","R","T","M","M","R","?","E","R","BOSS","M","M","?","?","M","R","E","M"],"build_version":"2018-11-08","purchased_purges":0,"victory":false,"max_hp_per_floor":[66,66,66,66,66,66,66,66,66,66,66,66,66,66,66,66,66,66,66,66,66,66,66,66,66],"card_choices":[{"not_picked":["Acrobatics","Finisher"],"picked":"PiercingWail","floor":1},{"not_picked":["Blade Dance","Slice"],"picked":"Cloak And Dagger","floor":3},{"not_picked":["Deflect","Endless Agony"],"picked":"Flying Knee","floor":4},{"not_picked":["Cloak And Dagger","Blade Dance"],"picked":"Glass Knife","floor":7},{"not_picked":["Deadly Poison","Deflect","Outmaneuver"],"picked":"SKIP","floor":10},{"not_picked":["Acrobatics","Endless Agony"],"picked":"Dash","floor":11},{"not_picked":["Tactician","Acrobatics","Deflect"],"picked":"SKIP","floor":14},{"not_picked":["Unload","Wraith Form v2"],"picked":"After Image","floor":16},{"not_picked":["Heel Hook","Choke"],"picked":"Calculated Gamble+1","floor":18},{"not_picked":["Infinite Blades","Poisoned Stab"],"picked":"Predator+1","floor":19},{"not_picked":["Catalyst","Concentrate"],"picked":"Blade Dance","floor":22},{"not_picked":["Bane","All Out Attack"],"picked":"Backflip","floor":23},{"not_picked":["Cloak And Dagger","Deflect"],"picked":"Noxious Fumes","floor":24}],"player_experience":2254392,"relics_obtained":[{"floor":9,"key":"StoneCalendar"},{"floor":14,"key":"Torii"},{"floor":21,"key":"Dream Catcher"},{"floor":24,"key":"Meat on the Bone"}],"event_choices":[{"damage_healed":16,"gold_gain":0,"player_choice":"Healed","damage_taken":0,"max_hp_gain":0,"max_hp_loss":0,"event_name":"The Cleric","floor":5,"gold_loss":35},{"damage_healed":0,"gold_gain":0,"cards_transformed":["Strike_G"],"player_choice":"Change","damage_taken":0,"max_hp_gain":0,"max_hp_loss":0,"event_name":"Living Wall","floor":13,"gold_loss":0,"cards_obtained":["Setup"]},{"cards_removed":["Setup"],"damage_healed":0,"gold_gain":0,"player_choice":"Gave Gold","damage_taken":0,"max_hp_gain":0,"max_hp_loss":0,"event_name":"Beggar","floor":20,"gold_loss":75}],"is_beta":false,"boss_relics":[{"not_picked":["Empty Cage","Ring of the Serpent"],"picked":"Pandora\u0027s Box"}],"items_purged_floors":[],"is_endless":false,"potions_floor_spawned":[3,7,11,22],"killed_by":"Chosen and Byrds","ascension_level":19}