{"gold_per_floor":[13,13,29,45,59,88,100,14,14,25,44,44,71,87,87,185,185,197,122,136,12,12,38,38,38,38,53,53,68,99,118,118,220,220,236,236,112,112,136,165,165,11,11,26,58,0,30,30,30,30],"floor_reached":51,"playtime":11988,"items_purged":["Defend_B"],"score":760,"play_id":"9f124fed-f5b4-4f0a-bdc6-901496b5b5f4","local_time":"20181209205918","is_ascension_mode":false,"campfire_choices":[{"data":"Creative AI","floor":12,"key":"SMITH"},{"data":"Stack","floor":15,"key":"SMITH"},{"floor":24,"key":"REST"},{"floor":25,"key":"REST"},{"data":"Biased Cognition","floor":28,"key":"SMITH"},{"data":"White Noise","floor":32,"key":"SMITH"},{"data":"Buffer","floor":41,"key":"SMITH"},{"data":"Defragment","floor":49,"key":"SMITH"}],"neow_cost":"NO_GOLD","seed_source_timestamp":2229858489533799,"circlet_count":0,"master_deck":["Zap+1","Dualcast+1","Creative AI+1","BootSequence","Streamline+1","Rip and Tear+1","Recycle","Self Repair","Stack+1","Ball Lightning","Leap","Biased Cognition+1","Compile Driver+1","Double Energy+1","Coolheaded+1","Capacitor","Conserve Battery","Double Energy+1","Loop+1","Defragment+1","White Noise+1","Buffer+1","Go for the Eyes+1","Defragment","Reinforced Body+1","White Noise+1"],"relics":["Cracked Core","DataDisk","Orichalcum","Astrolabe","WingedGreaves","Bag of Preparation","Whetstone","Empty Cage","Juzu Bracelet","Turnip","Potion Belt","Pantograph","Pear","Red Mask","War Paint"],"potions_floor_usage":[6,6,6,20,23,23,33,33,33,40,50,50,50],"damage_taken":[{"damage":5,"enemies":"Small Slimes","floor":1,"turns":4},{"damage":1,"enemies":"Cultist","floor":3,"turns":4},{"damage":8,"enemies":"Jaw Worm","floor":4,"turns":4},{"damage":0,"enemies":"Blue Slaver","floor":5,"turns":2},{"damage":17,"enemies":"3 Sentries","floor":6,"turns":6},{"damage":0,"enemies":"Looter","floor":7,"turns":2},{"damage":7,"enemies":"3 Louse","floor":10,"turns":3},{"damage":7,"enemies":"Blue Slaver","floor":11,"turns":3},{"damage":21,"enemies":"Lagavulin","floor":13,"turns":7},{"damage":0,"enemies":"Red Slaver","floor":14,"turns":3},{"damage":32,"enemies":"Hexaghost","floor":16,"turns":10},{"damage":26,"enemies":"Shell Parasite","floor":18,"turns":9},{"damage":2,"enemies":"3 Byrds","floor":20,"turns":4},{"damage":52,"enemies":"Gremlin Leader","floor":23,"turns":10},{"damage":1,"enemies":"Sentry and Sphere","floor":27,"turns":4},{"damage":14,"enemies":"Snake Plant","floor":29,"turns":4},{"damage":2,"enemies":"Slavers","floor":30,"turns":7},{"damage":2,"enemies":"Centurion and Healer","floor":31,"turns":6},{"damage":16,"enemies":"Collector","floor":33,"turns":7},{"damage":28,"enemies":"3 Darklings","floor":35,"turns":8},{"damage":2,"enemies":"Giant Head","floor":40,"turns":10},{"damage":0,"enemies":"3 Shapes","floor":44,"turns":5},{"damage":0,"enemies":"Nemesis","floor":45,"turns":9},{"damage":9,"enemies":"Giant Head","floor":47,"turns":10},{"damage":12,"enemies":"Time Eater","floor":50,"turns":8}],"seed_played":"-6893621041912999854","potions_obtained":[{"floor":1,"key":"SteroidPotion"},{"floor":4,"key":"Strength Potion"},{"floor":5,"key":"Regen Potion"},{"floor":6,"key":"SteroidPotion"},{"floor":18,"key":"Weak Potion"},{"floor":20,"key":"FearPotion"},{"floor":31,"key":"EntropicBrew"},{"floor":35,"key":"Explosive Potion"},{"floor":47,"key":"Regen Potion"}],"is_trial":false,"path_per_floor":["M","?","M","M","M","E","M","$","T","M","M","R","E","M","R","B",null,"M","?","M","$","?","E","R","R","T","M","R","M","E","M","R","B",null,"M","?","$","?","T","E","R","$","T","M","E","?","E","?","R","B",null],"character_chosen":"DEFECT","items_purchased":["Self Repair","Stack","Conserve Battery","Defragment","Block Potion","Potion Belt"],"campfire_rested":2,"item_purchase_floors":[8,8,21,37,37,42],"current_hp_per_floor":[70,70,69,61,61,58,58,58,58,58,51,51,37,44,44,19,75,56,56,61,61,61,16,38,60,60,66,66,59,64,69,69,60,75,54,54,54,54,54,52,52,52,52,59,76,76,74,74,74,81],"gold":30,"neow_bonus":"THREE_RARE_CARDS","is_prod":false,"is_daily":false,"chose_seed":false,"campfire_upgraded":6,"win_rate":0,"timestamp":1544407158,"path_taken":["M","?","M","M","?","E","M","$","T","M","M","R","E","M","R","BOSS","M","?","M","$","?","E","R","R","T","M","R","M","E","M","R","BOSS","M","?","$","?","?","E","R","$","T","M","E","?","E","?","R","BOSS"],"build_version":"2018-12-06","purchased_purges":1,"victory":true,"max_hp_per_floor":[75,75,75,75,75,75,75,75,75,75,75,75,75,75,75,75,75,75,75,75,75,75,75,75,75,75,75,75,75,75,75,75,75,75,75,75,75,71,71,71,71,71,71,71,81,81,81,81,81,81],"card_choices":[{"not_picked":["Buffer","Multi-Cast"],"picked":"Creative AI","floor":0},{"not_picked":["Aggregate","Barrage"],"picked":"BootSequence","floor":1},{"not_picked":["Skim","Steam"],"picked":"Streamline","floor":3},{"not_picked":["Coolheaded","Sweeping Beam"],"picked":"Rip and Tear","floor":4},{"not_picked":["Barrage","Beam Cell","Coolheaded"],"picked":"SKIP","floor":5},{"not_picked":["Hologram","Ball Lightning"],"picked":"Recycle","floor":6},{"not_picked":["All For One","Lockon","Steam Power"],"picked":"SKIP","floor":7},{"not_picked":["Coolheaded","Gash"],"picked":"Ball Lightning","floor":10},{"not_picked":["Beam Cell","Go for the Eyes","Steam"],"picked":"SKIP","floor":11},{"not_picked":["Undo","Chill","FTL"],"picked":"SKIP","floor":13},{"not_picked":["Chill","Steam"],"picked":"Leap","floor":14},{"not_picked":["Multi-Cast","All For One"],"picked":"Biased Cognition","floor":16},{"not_picked":["Ball Lightning","Steam"],"picked":"Coolheaded+1","floor":18},{"not_picked":["Streamline","Leap"],"picked":"Capacitor","floor":20},{"not_picked":["Tempest","Barrage"],"picked":"Double Energy+1","floor":23},{"not_picked":["FTL","Ball Lightning","Gash"],"picked":"SKIP","floor":27},{"not_picked":["Go for the Eyes","Streamline+1"],"picked":"Loop+1","floor":29},{"not_picked":["Stack","Go for the Eyes"],"picked":"Defragment","floor":30},{"not_picked":["Cold Snap","Go for the Eyes"],"picked":"White Noise","floor":31},{"not_picked":["Fission","Multi-Cast"],"picked":"Buffer","floor":33},{"not_picked":["Static Discharge","Redo"],"picked":"Go for the Eyes+1","floor":35},{"not_picked":["Conserve Battery","Rebound","Chill+1"],"picked":"SKIP","floor":40},{"not_picked":["Skim","Conserve Battery"],"picked":"Reinforced Body+1","floor":44},{"not_picked":["Streamline","FTL","Self Repair"],"picked":"SKIP","floor":45},{"not_picked":["Reboot","Doom and Gloom+1"],"picked":"White Noise+1","floor":47}],"player_experience":2786012,"relics_obtained":[{"floor":6,"key":"DataDisk"},{"floor":13,"key":"Orichalcum"},{"floor":23,"key":"WingedGreaves"},{"floor":26,"key":"Bag of Preparation"},{"floor":30,"key":"Whetstone"},{"floor":39,"key":"Juzu Bracelet"},{"floor":40,"key":"Turnip"},{"floor":43,"key":"Pantograph"},{"floor":45,"key":"Pear"},{"floor":47,"key":"War Paint"}],"event_choices":[{"cards_removed":["Strike_B"],"damage_healed":0,"gold_gain":0,"player_choice":"Card Removal","damage_taken":0,"max_hp_gain":0,"max_hp_loss":0,"event_name":"Wheel of Change","floor":2,"gold_loss":0},{"cards_removed":["Defend_B"],"damage_healed":0,"gold_gain":0,"player_choice":"Gave Gold","damage_taken":0,"max_hp_gain":0,"max_hp_loss":0,"event_name":"Beggar","floor":19,"gold_loss":75},{"damage_healed":0,"gold_gain":0,"player_choice":"Ignored","damage_taken":0,"max_hp_gain":0,"max_hp_loss":0,"event_name":"Vampires","floor":22,"gold_loss":0},{"cards_removed":["Blizzard"],"damage_healed":0,"gold_gain":0,"player_choice":"Removed Attack","damage_taken":0,"max_hp_gain":0,"max_hp_loss":0,"event_name":"Falling","floor":36,"gold_loss":0},{"damage_healed":0,"gold_gain":0,"player_choice":"Max HP","damage_taken":0,"max_hp_gain":0,"max_hp_loss":4,"event_name":"Winding Halls","floor":38,"gold_loss":0},{"damage_healed":0,"gold_gain":0,"player_choice":"Paid","damage_taken":0,"relics_obtained":["Red Mask"],"max_hp_gain":0,"max_hp_loss":0,"event_name":"Tomb of Lord Red Mask","floor":46,"gold_loss":58},{"damage_healed":0,"gold_gain":0,"player_choice":"Memory 1","damage_taken":0,"max_hp_gain":0,"max_hp_loss":0,"event_name":"SensoryStone","floor":48,"gold_loss":0}],"is_beta":false,"boss_relics":[{"not_picked":["Snecko Eye","Black Star"],"picked":"Astrolabe"},{"not_picked":["Eternal Feather","Velvet Choker"],"picked":"Empty Cage"}],"items_purged_floors":[21],"is_endless":false,"potions_floor_spawned":[1,4,5,6,18,20,31,35,47],"ascension_level":0}