{"path_per_floor":["M","M","M","?","M","E","M","E","T","R","E","T","$","M","R","B",null,"M","M","M","$","?","E","M","E","T","?","M","M","E","M","R","B",null,"M","?","?","M","M","E","$","?","T","M","E","$","R","M","R","B"],"character_chosen":"IRONCLAD","items_purchased":["Boot","Metallicize","Mummified Hand","Regen Potion","Bottled Lightning","Panache","Ginger","Ancient Tea Set","Blood Vial","Secret Weapon","Dropkick","Strength Potion","AttackPotion"],"gold_per_floor":[144,189,234,234,279,369,414,504,504,504,594,594,49,94,94,394,394,439,484,529,99,14,104,149,239,264,264,309,354,444,489,489,789,879,924,1041,1041,1086,1131,1221,359,0,0,45,135,85,85,130,130,130],"floor_reached":51,"campfire_rested":3,"playtime":4196,"item_purchase_floors":[13,13,13,13,21,21,41,41,41,41,41,41,46],"current_hp_per_floor":[80,80,80,80,62,43,33,9,9,33,13,13,13,12,36,44,80,80,80,80,80,80,71,72,78,78,78,80,80,80,80,80,80,85,85,85,75,81,85,85,85,85,85,85,85,85,85,85,85,85],"items_purged":[],"gold":130,"score":991,"play_id":"59d06e82-1ca2-4564-ad23-3e4cdef3b00b","local_time":"20180529094354","daily_mods":["Heirloom","Midas","Hoarder"],"is_prod":false,"is_daily":true,"chose_seed":false,"is_ascension_mode":false,"campfire_upgraded":0,"win_rate":0,"timestamp":1527601434,"campfire_choices":[{"floor":10,"key":"REST"},{"floor":15,"key":"REST"},{"floor":32,"key":"REST"},{"data":"1","floor":47,"key":"LIFT"},{"data":"2","floor":49,"key":"LIFT"}],"path_taken":["M","M","M","?","M","E","M","E","T","R","E","?","$","?","R","BOSS","M","?","M","$","?","E","M","E","T","?","M","M","E","M","R","BOSS","M","?","?","M","M","E","$","?","T","M","E","?","R","M","R","BOSS"],"build_version":"2018-05-24","seed_source_timestamp":0,"purchased_purges":0,"victory":true,"master_deck":["Strike_R","Strike_R","Strike_R","Strike_R","Defend_R","Defend_R+1","Defend_R","Defend_R+1","Bash+1","Pommel Strike","Pommel Strike","Pommel Strike","Thunderclap","Thunderclap","Thunderclap","Body Slam","Body Slam","Body Slam","Seeing Red","Seeing Red","Seeing Red","Metallicize","Metallicize","Metallicize","Impervious","Impervious","Impervious","Shockwave+1","Shockwave+1","Shockwave+1","Metallicize+1","Metallicize+1","Metallicize+1","Panache","Panache","Panache","Cleave+1","Cleave+1","Cleave+1","Bandage Up","Bandage Up","Bandage Up","Dark Shackles","Dark Shackles","Dark Shackles","Mind Blast","Mind Blast","Mind Blast","Wild Strike+1","Wild Strike+1","Wild Strike+1","True Grit+1","True Grit+1","True Grit+1","Fire Breathing+1","Fire Breathing+1","Fire Breathing+1","Secret Weapon","Secret Weapon","Secret Weapon","Dropkick","Dropkick","Dropkick","Juggernaut","Juggernaut","Juggernaut"],"max_hp_per_floor":[80,80,80,80,80,80,80,80,80,80,80,80,80,80,80,80,80,80,80,80,80,80,80,80,80,80,80,80,80,80,80,80,80,85,85,85,85,85,85,85,85,85,85,85,85,85,85,85,85,85],"relics":["Burning Blood","Gambling Chip","Dream Catcher","Paper Frog","Bottled Flame","Matryoshka","Smiling Mask","War Paint","Boot","Mummified Hand","Snecko Eye","Bottled Lightning","Bronze Scales","Anchor","Potion Belt","Art of War","Omamori","Bag of Preparation","Juzu Bracelet","Tiny House","Prayer Wheel","Girya","Ginger","Ancient Tea Set","Blood Vial","Red Mask","Self Forming Clay","Dead Branch"],"card_choices":[{"not_picked":["Clothesline","Flame Barrier"],"picked":"Pommel Strike","floor":1},{"not_picked":["Burning Pact","Flame Barrier","Blood for Blood"],"picked":"SKIP","floor":2},{"not_picked":["Dual Wield","Twin Strike","Carnage"],"picked":"SKIP","floor":3},{"not_picked":["Intimidate","Anger","Pommel Strike"],"picked":"SKIP","floor":5},{"not_picked":["Havoc","Sword Boomerang"],"picked":"Thunderclap","floor":6},{"not_picked":["Intimidate","Inflame"],"picked":"Body Slam","floor":7},{"not_picked":["Combust","Dark Embrace"],"picked":"Seeing Red","floor":8},{"not_picked":["Clash","Carnage","Armaments"],"picked":"SKIP","floor":11},{"not_picked":["Havoc","Corruption","Uppercut"],"picked":"SKIP","floor":14},{"not_picked":["Demon Form","Bludgeon"],"picked":"Impervious","floor":16},{"not_picked":["Clash","Body Slam"],"picked":"Shockwave+1","floor":18},{"not_picked":["Inflame+1","Whirlwind"],"picked":"Metallicize+1","floor":19},{"not_picked":["Pummel+1","Fire Breathing","Clash"],"picked":"SKIP","floor":20},{"not_picked":["Thunderclap","Headbutt","Sever Soul"],"picked":"SKIP","floor":23},{"not_picked":["Spot Weakness","Armaments","Blood for Blood"],"picked":"SKIP","floor":24},{"not_picked":["Berserk","Warcry","Clothesline+1"],"picked":"SKIP","floor":25},{"not_picked":["Reckless Charge","Flex","Sword Boomerang"],"picked":"SKIP","floor":28},{"not_picked":["Pummel+1","Cleave","Sword Boomerang"],"picked":"SKIP","floor":29},{"not_picked":["Wild Strike","Warcry","Pommel Strike"],"picked":"SKIP","floor":30},{"not_picked":["Intimidate","Headbutt+1","Heavy Blade"],"picked":"SKIP","floor":31},{"not_picked":["Bloodletting","Flex"],"picked":"Cleave+1","floor":35},{"not_picked":["Deep Breath","Swift Strike"],"picked":"Bandage Up","floor":37},{"not_picked":["Swift Strike","Thinking Ahead"],"picked":"Dark Shackles","floor":37},{"not_picked":["Panacea","Madness"],"picked":"Mind Blast","floor":37},{"not_picked":["Pommel Strike+1","Feel No Pain+1"],"picked":"Wild Strike+1","floor":38},{"not_picked":["Body Slam","Armaments"],"picked":"True Grit+1","floor":38},{"not_picked":["Sever Soul","Warcry"],"picked":"Fire Breathing+1","floor":39},{"not_picked":["Anger+1","Twin Strike","Clash"],"picked":"SKIP","floor":39},{"not_picked":["Pummel","Burning Pact+1","Limit Break"],"picked":"SKIP","floor":40},{"not_picked":["Headbutt+1","Clash+1","Thunderclap"],"picked":"SKIP","floor":44},{"not_picked":["Whirlwind","Twin Strike","Searing Blow"],"picked":"SKIP","floor":44},{"not_picked":["Intimidate+1","Heavy Blade+1","Warcry"],"picked":"SKIP","floor":45},{"not_picked":["Pommel Strike+1","Hemokinesis+1"],"picked":"Juggernaut","floor":48},{"not_picked":["Shockwave+1","Clash","Armaments+1"],"picked":"SKIP","floor":48}],"player_experience":1214797,"potions_floor_usage":[5,5,7,11,16,16,25,33,33,45,45,50,50,50],"damage_taken":[{"damage":0,"enemies":"2 Louse","floor":1,"turns":2},{"damage":6,"enemies":"Cultist","floor":2,"turns":3},{"damage":6,"enemies":"Jaw Worm","floor":3,"turns":3},{"damage":24,"enemies":"Exordium Thugs","floor":5,"turns":6},{"damage":25,"enemies":"Gremlin Nob","floor":6,"turns":4},{"damage":16,"enemies":"Lots of Slimes","floor":7,"turns":3},{"damage":30,"enemies":"3 Sentries","floor":8,"turns":6},{"damage":26,"enemies":"Lagavulin","floor":11,"turns":5},{"damage":7,"enemies":"Looter","floor":14,"turns":3},{"damage":13,"enemies":"The Guardian","floor":16,"turns":13},{"damage":0,"enemies":"Shell Parasite","floor":18,"turns":2},{"damage":1,"enemies":"3 Byrds","floor":19,"turns":4},{"damage":0,"enemies":"3 Cultists","floor":20,"turns":3},{"damage":15,"enemies":"Slavers","floor":23,"turns":4},{"damage":5,"enemies":"Centurion and Healer","floor":24,"turns":5},{"damage":0,"enemies":"Gremlin Leader","floor":25,"turns":4},{"damage":0,"enemies":"Snecko","floor":28,"turns":2},{"damage":0,"enemies":"Snake Plant","floor":29,"turns":3},{"damage":2,"enemies":"Book of Stabbing","floor":30,"turns":3},{"damage":0,"enemies":"Slaver and Parasite","floor":31,"turns":2},{"damage":6,"enemies":"Collector","floor":33,"turns":8},{"damage":0,"enemies":"Orb Walker","floor":35,"turns":2},{"damage":2,"enemies":"Mysterious Sphere","floor":36,"turns":4},{"damage":0,"enemies":"3 Shapes","floor":38,"turns":2},{"damage":0,"enemies":"Maw","floor":39,"turns":5},{"damage":0,"enemies":"2 Orb Walkers","floor":40,"turns":2},{"damage":0,"enemies":"4 Shapes","floor":44,"turns":5},{"damage":0,"enemies":"Giant Head","floor":45,"turns":5},{"damage":2,"enemies":"3 Darklings","floor":48,"turns":3},{"damage":3,"enemies":"Donu and Deca","floor":50,"turns":5}],"relics_obtained":[{"floor":6,"key":"Dream Catcher"},{"floor":8,"key":"Paper Frog"},{"floor":9,"key":"Bottled Flame"},{"floor":11,"key":"Matryoshka"},{"floor":12,"key":"Smiling Mask"},{"floor":12,"key":"War Paint"},{"floor":23,"key":"Anchor"},{"floor":25,"key":"Potion Belt"},{"floor":26,"key":"Art of War"},{"floor":26,"key":"Omamori"},{"floor":30,"key":"Juzu Bracelet"},{"floor":36,"key":"Prayer Wheel"},{"floor":40,"key":"Girya"},{"floor":43,"key":"Self Forming Clay"},{"floor":45,"key":"Dead Branch"}],"event_choices":[{"event_name":"Purifier","player_choice":"One Purge","floor":4,"damage_taken":0},{"event_name":"Addict","player_choice":"Obtained Relic","floor":22,"damage_taken":0},{"event_name":"The Mausoleum","player_choice":"Yes","floor":27,"damage_taken":0},{"event_name":"Mysterious Sphere","player_choice":"Fight","floor":36,"damage_taken":0},{"event_name":"SensoryStone","player_choice":"Memory 3","floor":37,"damage_taken":0},{"event_name":"Tomb of Lord Red Mask","player_choice":"Paid","floor":42,"damage_taken":0}],"boss_relics":[{"not_picked":["Black Star","Ectoplasm"],"picked":"Snecko Eye"},{"not_picked":["Eternal Feather","Orrery"],"picked":"Tiny House"}],"items_purged_floors":[],"potions_floor_spawned":[1,2,6,7,8,23,24,29,30,35,40,44,45],"seed_played":"1251829673718243193","ascension_level":0,"potions_obtained":[{"floor":1,"key":"EssenceOfSteel"},{"floor":2,"key":"PowerPotion"},{"floor":6,"key":"SkillPotion"},{"floor":7,"key":"Ancient Potion"},{"floor":8,"key":"FearPotion"},{"floor":23,"key":"FearPotion"},{"floor":24,"key":"SkillPotion"},{"floor":29,"key":"SpeedPotion"},{"floor":30,"key":"Strength Potion"},{"floor":34,"key":"Dexterity Potion"},{"floor":35,"key":"Regen Potion"},{"floor":40,"key":"AttackPotion"},{"floor":45,"key":"SteroidPotion"}],"is_trial":false}