{"gold_per_floor":[18,18,34,49,62,62,120,120,144,159,176,101,101,126,126,251,251,275,275,15,35,11,11,29,29,29,48,48,83,83,35,35,35],"floor_reached":33,"playtime":2111,"items_purged":["Strike_G"],"score":267,"play_id":"daf60022-d810-4a65-923b-0e6a6ae6119a","local_time":"20181119132047","is_ascension_mode":false,"campfire_choices":[{"data":"Neutralize","floor":6,"key":"SMITH"},{"floor":8,"key":"REST"},{"data":"Bane","floor":15,"key":"SMITH"},{"data":"Night Terror","floor":23,"key":"SMITH"},{"data":"Backflip","floor":28,"key":"SMITH"},{"floor":30,"key":"REST"},{"floor":32,"key":"RECALL"}],"neow_cost":"NO_GOLD","seed_source_timestamp":484252366909399,"circlet_count":0,"master_deck":["Defend_G","Defend_G","Defend_G","Defend_G","Defend_G","Strike_G","Strike_G","Strike_G","Strike_G","Survivor","Neutralize+1","Corpse Explosion","Backflip+1","Dagger Throw","Bane+1","PiercingWail","Well Laid Plans","Slice","Night Terror+1","Calculated Gamble+1","Deadly Poison+1","Dash+1","Setup+1","Leg Sweep+1"],"relics":["Ring of the Snake","Tiny Chest","Golden Idol","Cursed Key","Toxic Egg 2","Regal Pillow"],"potions_floor_usage":[7,16,16,21,24,29,33,33],"damage_taken":[{"damage":0,"enemies":"Small Slimes","floor":1,"turns":3},{"damage":1,"enemies":"Cultist","floor":3,"turns":4},{"damage":0,"enemies":"Jaw Worm","floor":4,"turns":4},{"damage":6,"enemies":"Exordium Wildlife","floor":5,"turns":5},{"damage":36,"enemies":"3 Sentries","floor":7,"turns":6},{"damage":0,"enemies":"2 Fungi Beasts","floor":10,"turns":3},{"damage":7,"enemies":"Looter","floor":11,"turns":4},{"damage":2,"enemies":"Exordium Wildlife","floor":14,"turns":4},{"damage":5,"enemies":"Hexaghost","floor":16,"turns":9},{"damage":2,"enemies":"Shell Parasite","floor":18,"turns":6},{"damage":12,"enemies":"2 Thieves","floor":21,"turns":3},{"damage":6,"enemies":"Snake Plant","floor":24,"turns":4},{"damage":4,"enemies":"Snecko","floor":27,"turns":4},{"damage":20,"enemies":"Book of Stabbing","floor":29,"turns":6},{"damage":59,"enemies":"Automaton","floor":33,"turns":12}],"seed_played":"8729061212028644001","potions_obtained":[{"floor":4,"key":"Swift Potion"},{"floor":5,"key":"SkillPotion"},{"floor":7,"key":"PowerPotion"},{"floor":10,"key":"Explosive Potion"},{"floor":14,"key":"FearPotion"},{"floor":18,"key":"SkillPotion"},{"floor":21,"key":"Ancient Potion"},{"floor":27,"key":"PowerPotion"}],"is_trial":false,"path_per_floor":["M","?","M","M","M","R","E","R","T","M","M","$","?","M","R","B",null,"M","?","$","M","$","R","M","?","T","M","R","E","R","$","R","B"],"character_chosen":"THE_SILENT","items_purchased":["Toxic Egg 2","Deadly Poison+1","AttackPotion"],"campfire_rested":2,"item_purchase_floors":[20,22,31],"current_hp_per_floor":[70,63,62,62,56,56,20,41,41,41,34,34,34,32,32,27,65,63,63,63,51,51,51,45,45,45,41,41,21,55,55,55,0],"gold":35,"neow_bonus":"THREE_RARE_CARDS","is_prod":false,"is_daily":false,"chose_seed":false,"campfire_upgraded":4,"win_rate":0,"timestamp":1542651647,"path_taken":["M","?","?","M","M","R","E","R","T","M","M","$","?","M","R","BOSS","M","?","$","M","$","R","M","?","T","M","R","E","R","?","R","BOSS"],"build_version":"2018-11-15","purchased_purges":1,"victory":false,"max_hp_per_floor":[70,70,70,70,70,70,70,70,70,70,70,70,65,65,65,65,65,65,65,65,65,65,65,65,65,65,65,65,65,65,65,65,65],"card_choices":[{"not_picked":["Unload","Grand Finale"],"picked":"Corpse Explosion","floor":0},{"not_picked":["Dodge and Roll","Finisher"],"picked":"Backflip","floor":1},{"not_picked":["Eviscerate","Masterful Stab"],"picked":"Dagger Throw","floor":3},{"not_picked":["Accuracy","Bane","Corpse Explosion"],"picked":"SKIP","floor":4},{"not_picked":["Prepared","Dodge and Roll"],"picked":"Bane","floor":5},{"not_picked":["Sucker Punch","Acrobatics"],"picked":"PiercingWail","floor":7},{"not_picked":["Predator","PiercingWail"],"picked":"Well Laid Plans","floor":10},{"not_picked":["Bane","Caltrops"],"picked":"Slice","floor":11},{"not_picked":["Underhanded Strike","Choke","Setup"],"picked":"SKIP","floor":14},{"not_picked":["Phantasmal Killer","Corpse Explosion"],"picked":"Night Terror","floor":16},{"not_picked":["Underhanded Strike+1","Deflect","Quick Slash"],"picked":"SKIP","floor":18},{"not_picked":["Flying Knee","Choke+1"],"picked":"Calculated Gamble+1","floor":21},{"not_picked":["Dodge and Roll+1","Deadly Poison+1"],"picked":"Dash+1","floor":24},{"not_picked":["Deadly Poison+1","Predator"],"picked":"Setup+1","floor":27},{"not_picked":["Finisher","Poisoned Stab"],"picked":"Leg Sweep+1","floor":29}],"player_experience":2382841,"relics_obtained":[{"floor":7,"key":"Tiny Chest"},{"floor":29,"key":"Regal Pillow"}],"event_choices":[{"damage_healed":0,"gold_gain":0,"player_choice":"Damaged","damage_taken":7,"max_hp_gain":0,"max_hp_loss":0,"event_name":"Wheel of Change","floor":2,"gold_loss":0},{"damage_healed":0,"gold_gain":0,"player_choice":"Lose Max HP","damage_taken":0,"relics_obtained":["Golden Idol"],"max_hp_gain":0,"max_hp_loss":5,"event_name":"Golden Idol","floor":13,"gold_loss":0},{"damage_healed":0,"gold_gain":0,"player_choice":"Ignored","damage_taken":0,"max_hp_gain":0,"max_hp_loss":0,"event_name":"Ghosts","floor":19,"gold_loss":0}],"is_beta":false,"boss_relics":[{"not_picked":["Busted Crown","WristBlade"],"picked":"Cursed Key"}],"items_purged_floors":[12],"is_endless":false,"potions_floor_spawned":[4,5,7,10,14,18,21,27],"killed_by":"Automaton","ascension_level":0}