{"gold_per_floor":[113,113,125,41,57,57,91,101,153,173,173,184,184,198,198,275,275,286,302,302,192,208,208,237,249,308,331,343,355],"floor_reached":29,"playtime":1752,"items_purged":[],"score":482,"play_id":"d9603df0-a578-47b3-bd48-ff2653fd201c","local_time":"20181113120349","is_ascension_mode":true,"campfire_choices":[{"data":"Malaise","floor":6,"key":"SMITH"},{"floor":11,"key":"REST"},{"data":"Noxious Fumes","floor":13,"key":"SMITH"},{"floor":15,"key":"REST"},{"floor":23,"key":"REST"},{"floor":25,"key":"REST"}],"neow_cost":"NONE","seed_source_timestamp":755037203685747,"circlet_count":0,"master_deck":["AscendersBane","Defend_G","Defend_G","Defend_G","Defend_G","Defend_G","Strike_G","Strike_G","Survivor","Neutralize","Outmaneuver","Die Die Die","Poisoned Stab","Noxious Fumes+1","Malaise+1","Predator+1","Bouncing Flask","PiercingWail","Bane","Corpse Explosion","Decay","Prepared"],"relics":["Ring of the Snake","Blue Candle","Ancient Tea Set","Velvet Choker","MawBank","Bag of Marbles"],"potions_floor_usage":[10,16,18,22,27],"damage_taken":[{"damage":3,"enemies":"Cultist","floor":1,"turns":4},{"damage":2,"enemies":"Jaw Worm","floor":3,"turns":8},{"damage":4,"enemies":"2 Louse","floor":5,"turns":3},{"damage":29,"enemies":"3 Sentries","floor":7,"turns":7},{"damage":0,"enemies":"Gremlin Gang","floor":8,"turns":2},{"damage":3,"enemies":"Looter","floor":10,"turns":3},{"damage":6,"enemies":"Large Slime","floor":12,"turns":5},{"damage":4,"enemies":"Blue Slaver","floor":14,"turns":4},{"damage":1,"enemies":"The Guardian","floor":16,"turns":9},{"damage":22,"enemies":"Shell Parasite","floor":18,"turns":5},{"damage":4,"enemies":"3 Byrds","floor":19,"turns":3},{"damage":1,"enemies":"Snake Plant","floor":22,"turns":5},{"damage":24,"enemies":"Slavers","floor":24,"turns":3},{"damage":8,"enemies":"Snecko","floor":27,"turns":5},{"damage":13,"enemies":"Colosseum Slavers","floor":28,"turns":4},{"damage":29,"enemies":"Shelled Parasite and Fungi","floor":29,"turns":2}],"seed_played":"5631037461602713821","potions_obtained":[{"floor":3,"key":"Weak Potion"},{"floor":7,"key":"SkillPotion"},{"floor":8,"key":"SteroidPotion"},{"floor":10,"key":"Strength Potion"},{"floor":19,"key":"GhostInAJar"},{"floor":24,"key":"GamblersBrew"}],"is_trial":false,"path_per_floor":["M","?","M","$","M","R","E","M","T","M","R","M","R","M","R","B",null,"M","M","?","?","M","R","E","R","T","M","?","M"],"character_chosen":"THE_SILENT","items_purchased":["Noxious Fumes"],"campfire_rested":4,"item_purchase_floors":[4],"current_hp_per_floor":[56,56,54,54,50,50,21,21,21,18,37,31,31,27,46,45,61,39,35,35,35,34,53,29,48,48,40,27,0],"gold":355,"neow_bonus":"REMOVE_CARD","is_prod":false,"is_daily":false,"chose_seed":false,"campfire_upgraded":2,"win_rate":0,"timestamp":1542128629,"path_taken":["M","?","?","$","M","R","E","M","T","M","R","?","R","M","R","BOSS","M","M","?","?","?","R","E","R","T","M","?","M"],"build_version":"2018-11-08","purchased_purges":0,"victory":false,"max_hp_per_floor":[66,66,66,66,66,66,66,66,66,66,66,66,66,66,66,66,66,66,66,66,66,66,66,66,66,66,66,66,66],"card_choices":[{"not_picked":["Reflex","Bane"],"picked":"Outmaneuver","floor":1},{"not_picked":["Outmaneuver","Well Laid Plans"],"picked":"Poisoned Stab","floor":3},{"not_picked":["Blade Dance","Catalyst"],"picked":"Malaise","floor":5},{"not_picked":["Infinite Blades","Tactician"],"picked":"Predator","floor":7},{"not_picked":["Deadly Poison","Flechettes"],"picked":"Bouncing Flask","floor":8},{"not_picked":["Sucker Punch","Tactician"],"picked":"PiercingWail","floor":10},{"not_picked":["Accuracy","Dodge and Roll","A Thousand Cuts"],"picked":"SKIP","floor":12},{"not_picked":["Eviscerate","Prepared"],"picked":"Bane","floor":14},{"not_picked":["Tools of the Trade","Phantasmal Killer"],"picked":"Corpse Explosion","floor":16},{"not_picked":["Underhanded Strike","Bane+1","Dagger Throw"],"picked":"SKIP","floor":18},{"not_picked":["Blade Dance","Concentrate","Sucker Punch"],"picked":"SKIP","floor":19},{"not_picked":["Dagger Spray","Acrobatics"],"picked":"Prepared","floor":22},{"not_picked":["Concentrate","Accuracy","Poisoned Stab+1"],"picked":"SKIP","floor":24},{"not_picked":["Deadly Poison","Deflect+1","Poisoned Stab"],"picked":"SKIP","floor":27}],"player_experience":2260138,"relics_obtained":[{"floor":7,"key":"Blue Candle"},{"floor":9,"key":"Ancient Tea Set"},{"floor":24,"key":"MawBank"},{"floor":26,"key":"Bag of Marbles"}],"event_choices":[{"damage_healed":0,"gold_gain":0,"cards_transformed":["Strike_G"],"player_choice":"Transformed","damage_taken":0,"max_hp_gain":0,"max_hp_loss":0,"event_name":"Transmorgrifier","floor":2,"gold_loss":0,"cards_obtained":["Die Die Die"]},{"damage_healed":0,"gold_gain":0,"player_choice":"Smashed Altar","damage_taken":0,"max_hp_gain":0,"max_hp_loss":0,"event_name":"Forgotten Altar","floor":20,"gold_loss":0,"cards_obtained":["Decay"]},{"cards_removed":["Strike_G"],"damage_healed":0,"gold_gain":0,"player_choice":"Upgrade and Remove","damage_taken":0,"max_hp_gain":0,"max_hp_loss":0,"event_name":"Designer","floor":21,"gold_loss":110,"cards_upgraded":["Predator"]},{"damage_healed":0,"gold_gain":0,"player_choice":"Fight","damage_taken":0,"max_hp_gain":0,"max_hp_loss":0,"event_name":"Colosseum","floor":28,"gold_loss":0},{"damage_healed":0,"gold_gain":0,"player_choice":"Fled From Nobs","damage_taken":0,"max_hp_gain":0,"max_hp_loss":0,"event_name":"Colosseum","floor":28,"gold_loss":0}],"is_beta":false,"boss_relics":[{"not_picked":["Eternal Feather","Pandora\u0027s Box"],"picked":"Velvet Choker"}],"items_purged_floors":[],"is_endless":false,"potions_floor_spawned":[3,7,8,10,19,24,28],"killed_by":"Shelled Parasite and Fungi","ascension_level":19}