{"gold_per_floor":[360,23,36,36,9,9,26,26,26,54,54,73,102,102,102,204,204,215,228,22,22,34,51,51,150,150,166,166,66,66,99,99,203,203,220,320,320,336,336],"floor_reached":39,"playtime":2400,"items_purged":["Strike_B","Strike_B"],"score":549,"play_id":"50da9a41-0ede-44d5-890f-84a393fc0096","local_time":"20181204231517","is_ascension_mode":true,"campfire_choices":[{"data":"Zap","floor":6,"key":"SMITH"},{"data":"Ball Lightning","floor":8,"key":"SMITH"},{"data":"Cold Snap","floor":15,"key":"SMITH"},{"floor":24,"key":"REST"},{"floor":28,"key":"REST"},{"data":"Consume","floor":30,"key":"SMITH"},{"floor":32,"key":"REST"}],"neow_cost":"TEN_PERCENT_HP_LOSS","seed_source_timestamp":1815637691845866,"circlet_count":0,"master_deck":["Defend_B","Defend_B","Defend_B","Defend_B","Zap+1","Dualcast","Conserve Battery","Capacitor","Ball Lightning+1","Leap","Coolheaded","Cold Snap+1","Redo","Storm","Echo Form+1","Chaos+1","Go for the Eyes+1","Glacier","Hologram","Consume+1","Leap+1","Rainbow","Compile Driver+1","BootSequence"],"relics":["Cracked Core","PreservedInsect","Shuriken","Anchor","Emotion Chip","Runic Pyramid","Runic Capacitor","Bottled Flame","Bag of Marbles","Inserter","Gambling Chip"],"potions_floor_usage":[10,27,31],"damage_taken":[{"damage":4,"enemies":"2 Louse","floor":1,"turns":3},{"damage":0,"enemies":"Cultist","floor":3,"turns":4},{"damage":2,"enemies":"Jaw Worm","floor":7,"turns":4},{"damage":4,"enemies":"Lagavulin","floor":10,"turns":7},{"damage":0,"enemies":"Looter","floor":12,"turns":3},{"damage":15,"enemies":"3 Sentries","floor":13,"turns":7},{"damage":30,"enemies":"Hexaghost","floor":16,"turns":12},{"damage":7,"enemies":"Shell Parasite","floor":18,"turns":5},{"damage":4,"enemies":"Spheric Guardian","floor":19,"turns":4},{"damage":3,"enemies":"Snake Plant","floor":22,"turns":4},{"damage":23,"enemies":"Chosen and Byrds","floor":23,"turns":5},{"damage":5,"enemies":"Snecko","floor":27,"turns":6},{"damage":20,"enemies":"Slavers","floor":31,"turns":4},{"damage":30,"enemies":"Automaton","floor":33,"turns":13},{"damage":25,"enemies":"3 Darklings","floor":35,"turns":5},{"damage":0,"enemies":"Mind Bloom Boss Battle","floor":36,"turns":6},{"damage":9,"enemies":"3 Shapes","floor":38,"turns":4},{"damage":24,"enemies":"Sphere and 2 Shapes","floor":39,"turns":2}],"seed_played":"-8962332637838552907","potions_obtained":[{"floor":1,"key":"Swift Potion"},{"floor":16,"key":"SteroidPotion"},{"floor":23,"key":"Strength Potion"},{"floor":27,"key":"AttackPotion"},{"floor":33,"key":"Swift Potion"},{"floor":35,"key":"FocusPotion"}],"is_trial":false,"path_per_floor":["M","$","M","?","$","R","M","R","T","E","$","M","E","?","R","B",null,"M","M","$","?","M","M","R","?","T","M","R","$","R","E","R","B",null,"M","?","T","M","M"],"character_chosen":"DEFECT","items_purchased":["PreservedInsect","Capacitor","SteroidPotion","Leap","Runic Capacitor"],"campfire_rested":3,"item_purchase_floors":[2,2,2,5,20],"current_hp_per_floor":[64,64,64,64,64,64,62,62,62,58,58,58,43,43,43,13,54,47,43,43,43,40,17,37,37,37,32,52,52,52,32,52,22,57,32,32,32,23,0],"gold":336,"neow_bonus":"TWO_FIFTY_GOLD","is_prod":false,"is_daily":false,"chose_seed":false,"campfire_upgraded":4,"win_rate":0,"timestamp":1543983317,"path_taken":["M","$","M","?","$","R","M","R","T","E","$","?","E","?","R","BOSS","M","M","$","?","M","?","R","?","T","M","R","$","R","E","R","BOSS","M","?","?","M","?"],"build_version":"2018-11-15","purchased_purges":2,"victory":false,"max_hp_per_floor":[68,68,68,68,68,68,68,68,68,68,68,68,68,68,68,68,68,68,68,68,68,68,68,68,68,68,68,68,68,68,68,68,68,68,68,68,68,68,68],"card_choices":[{"not_picked":["Force Field","Compile Driver"],"picked":"Conserve Battery","floor":1},{"not_picked":["Coolheaded","Streamline"],"picked":"Ball Lightning","floor":3},{"not_picked":["Go for the Eyes","Aggregate"],"picked":"Coolheaded","floor":7},{"not_picked":["Sunder","Hologram"],"picked":"Cold Snap","floor":10},{"not_picked":["Gash","Coolheaded","Blizzard"],"picked":"SKIP","floor":12},{"not_picked":["Sweeping Beam","Rebound"],"picked":"Redo","floor":13},{"not_picked":["Reboot","All For One"],"picked":"Echo Form","floor":16},{"not_picked":["Conserve Battery","Gash+1"],"picked":"Chaos+1","floor":18},{"not_picked":["Undo+1","Static Discharge"],"picked":"Go for the Eyes+1","floor":19},{"not_picked":["Streamline","Tempest"],"picked":"Glacier","floor":22},{"not_picked":["Coolheaded","Cold Snap"],"picked":"Hologram","floor":23},{"not_picked":["Beam Cell+1","Heatsinks"],"picked":"Consume","floor":27},{"not_picked":["Gash","Echo Form"],"picked":"Leap+1","floor":31},{"not_picked":["Hyperbeam","Reboot"],"picked":"Rainbow","floor":33},{"not_picked":["Recycle","Conserve Battery+1"],"picked":"Compile Driver+1","floor":35},{"not_picked":["Streamline","Beam Cell"],"picked":"BootSequence","floor":36},{"not_picked":["Rebound","Gash","Ball Lightning"],"picked":"SKIP","floor":38}],"player_experience":2652194,"relics_obtained":[{"floor":9,"key":"Shuriken"},{"floor":10,"key":"Anchor"},{"floor":13,"key":"Emotion Chip"},{"floor":26,"key":"Bottled Flame"},{"floor":31,"key":"Bag of Marbles"},{"floor":36,"key":"Gambling Chip"}],"event_choices":[{"cards_removed":["Strike_B"],"damage_healed":0,"gold_gain":0,"player_choice":"Offered Basic","damage_taken":0,"max_hp_gain":0,"max_hp_loss":0,"event_name":"Bonfire Elementals","floor":4,"gold_loss":0},{"damage_healed":0,"gold_gain":0,"cards_transformed":["Strike_B"],"player_choice":"Change","damage_taken":0,"max_hp_gain":0,"max_hp_loss":0,"event_name":"Living Wall","floor":14,"gold_loss":0,"cards_obtained":["Storm"]},{"damage_healed":0,"gold_gain":0,"player_choice":"Upgraded","damage_taken":0,"max_hp_gain":0,"max_hp_loss":0,"event_name":"Upgrade Shrine","floor":21,"gold_loss":0,"cards_upgraded":["Echo Form"]},{"damage_healed":0,"gold_gain":99,"player_choice":"Stole From Cult","damage_taken":0,"max_hp_gain":0,"max_hp_loss":0,"event_name":"Nest","floor":25,"gold_loss":0},{"damage_healed":0,"gold_gain":0,"player_choice":"Fight","damage_taken":0,"max_hp_gain":0,"max_hp_loss":0,"event_name":"MindBloom","floor":36,"gold_loss":0}],"is_beta":false,"boss_relics":[{"not_picked":["Orrery","Black Star"],"picked":"Runic Pyramid"},{"not_picked":["Nuclear Battery","Velvet Choker"],"picked":"Inserter"}],"items_purged_floors":[2,29],"is_endless":false,"potions_floor_spawned":[1,16,23,27,33,35],"killed_by":"Sphere and 2 Shapes","ascension_level":7}