{"gold_per_floor":[114,124,143,63,75,75,75,75,75,75,108,108,120,155,155,259,259,276,45,64,75,94,94,109,109,184,184,199,298,332,257,257,357,357,367,367,8,27,42,42,52,66,120,137,137,137,137,35,35,35],"floor_reached":51,"playtime":3917,"items_purged":["Strike_G"],"score":734,"play_id":"79bff31a-6635-41bb-a496-670c2ebf0a9b","local_time":"20190712014605","is_ascension_mode":false,"campfire_choices":[{"data":"Neutralize","floor":6,"key":"SMITH"},{"data":"Footwork","floor":8,"key":"SMITH"},{"data":"Skewer","floor":12,"key":"SMITH"},{"data":"Dagger Spray","floor":15,"key":"SMITH"},{"data":"Reflex","floor":23,"key":"SMITH"},{"data":"Blur","floor":25,"key":"SMITH"},{"data":"Sucker Punch","floor":27,"key":"SMITH"},{"floor":32,"key":"REST"},{"data":"Night Terror","floor":40,"key":"SMITH"},{"data":"Survivor","floor":46,"key":"SMITH"},{"floor":49,"key":"REST"}],"neow_cost":"NONE","seed_source_timestamp":87961216713619,"circlet_count":0,"master_deck":["Defend_G","Defend_G","Defend_G","Defend_G","Survivor+1","Neutralize+1","Skewer+1","Quick Slash","Sucker Punch+1","Footwork+1","Blur+1","Dagger Spray+1","Tools of the Trade","Prepared+1","Choke+1","Flying Knee+1","Outmaneuver+1","Reflex+1","Night Terror+1","Cloak And Dagger+1","Deflect+1","Leg Sweep+1","Tactician+1","PiercingWail"],"relics":["Ring of the Snake","Boot","Mummified Hand","Bag of Marbles","Singing Bowl","Ornamental Fan","Astrolabe","Oddly Smooth Stone","Bottled Flame","Red Mask","Snecko Eye","TwistedFunnel","Bronze Scales","Dream Catcher"],"potions_floor_usage":[11,14,14,16,30,33,39,41,50,50],"damage_taken":[{"damage":0,"enemies":"Small Slimes","floor":1,"turns":4},{"damage":1,"enemies":"Cultist","floor":2,"turns":5},{"damage":0,"enemies":"Jaw Worm","floor":3,"turns":3},{"damage":10,"enemies":"Lots of Slimes","floor":5,"turns":6},{"damage":4,"enemies":"3 Sentries","floor":11,"turns":10},{"damage":7,"enemies":"Blue Slaver","floor":13,"turns":2},{"damage":1,"enemies":"Lagavulin","floor":14,"turns":6},{"damage":36,"enemies":"Slime Boss","floor":16,"turns":9},{"damage":2,"enemies":"Spheric Guardian","floor":18,"turns":5},{"damage":1,"enemies":"3 Byrds","floor":20,"turns":4},{"damage":11,"enemies":"Cultist and Chosen","floor":21,"turns":6},{"damage":8,"enemies":"Snake Plant","floor":22,"turns":4},{"damage":2,"enemies":"Centurion and Healer","floor":24,"turns":6},{"damage":0,"enemies":"Snecko","floor":28,"turns":7},{"damage":6,"enemies":"Masked Bandits","floor":30,"turns":4},{"damage":20,"enemies":"Automaton","floor":33,"turns":15},{"damage":0,"enemies":"3 Darklings","floor":35,"turns":8},{"damage":0,"enemies":"3 Shapes","floor":38,"turns":3},{"damage":19,"enemies":"Writhing Mass","floor":39,"turns":6},{"damage":10,"enemies":"Transient","floor":41,"turns":5},{"damage":0,"enemies":"Sphere and 2 Shapes","floor":42,"turns":5},{"damage":17,"enemies":"Jaw Worm Horde","floor":44,"turns":4},{"damage":12,"enemies":"Awakened One","floor":50,"turns":17}],"seed_played":"-4606012568067922719","potions_obtained":[{"floor":1,"key":"GamblersBrew"},{"floor":10,"key":"Block Potion"},{"floor":10,"key":"SkillPotion"},{"floor":11,"key":"Regen Potion"},{"floor":16,"key":"GhostInAJar"},{"floor":21,"key":"FairyPotion"},{"floor":24,"key":"Dexterity Potion"},{"floor":28,"key":"Explosive Potion"},{"floor":38,"key":"Poison Potion"},{"floor":42,"key":"EssenceOfSteel"}],"is_trial":false,"path_per_floor":["M","M","M","$","M","R","?","R","T","?","E","R","M","E","R","B",null,"M","$","M","M","M","R","M","R","T","R","M","?","?","?","R","B",null,"M","?","$","M","M","R","M","M","T","M","?","R","?","$","R","B",null],"character_chosen":"THE_SILENT","items_purchased":["Footwork","Oddly Smooth Stone","TwistedFunnel","Bronze Scales","Weak Potion","PiercingWail"],"campfire_rested":2,"item_purchase_floors":[4,19,37,37,48,48],"current_hp_per_floor":[70,69,69,69,59,59,47,47,47,47,45,45,38,54,54,18,74,74,74,75,64,56,56,56,56,56,56,56,56,52,52,76,56,82,82,82,82,84,67,67,59,59,59,42,44,44,44,44,73,61],"gold":35,"neow_bonus":"RANDOM_COMMON_RELIC","is_prod":false,"is_daily":false,"chose_seed":false,"campfire_upgraded":9,"win_rate":0,"timestamp":1562910365,"path_taken":["M","M","M","$","M","R","?","R","T","?","E","R","?","E","R","BOSS","M","$","M","M","M","R","M","R","T","R","M","?","?","?","R","BOSS","M","?","$","?","M","R","M","M","T","?","?","R","?","$","R","BOSS"],"build_version":"2019-07-05","purchased_purges":1,"victory":true,"max_hp_per_floor":[70,70,70,70,70,70,70,70,70,70,72,72,72,74,74,74,74,76,76,78,78,78,78,80,80,80,80,80,80,82,82,82,82,82,82,82,82,84,86,86,88,88,88,88,90,90,90,90,92,92],"card_choices":[{"not_picked":["Escape Plan","Riddle With Holes"],"picked":"Skewer","floor":1},{"not_picked":["PiercingWail","Cloak And Dagger"],"picked":"Quick Slash","floor":2},{"not_picked":["Blade Dance","Dodge and Roll"],"picked":"Sucker Punch","floor":3},{"not_picked":["Deflect","Bane"],"picked":"Blur","floor":5},{"not_picked":["Unload","Slice","Deadly Poison"],"picked":"Singing Bowl","floor":11},{"not_picked":["Prepared","Flying Knee"],"picked":"Dagger Spray","floor":13},{"not_picked":["Flechettes","Tactician","Dagger Spray"],"picked":"Singing Bowl","floor":14},{"not_picked":["Storm of Steel","Glass Knife"],"picked":"Tools of the Trade","floor":16},{"not_picked":["Deflect","Acrobatics","Deadly Poison"],"picked":"Singing Bowl","floor":18},{"not_picked":["Slice","Cloak And Dagger","Poisoned Stab"],"picked":"Singing Bowl","floor":20},{"not_picked":["Slice","Flying Knee"],"picked":"Outmaneuver+1","floor":21},{"not_picked":["Bane","Outmaneuver"],"picked":"Reflex","floor":22},{"not_picked":["Poisoned Stab","Flechettes","Dodge and Roll"],"picked":"Singing Bowl","floor":24},{"not_picked":["Deadly Poison+1","Blade Dance"],"picked":"PiercingWail","floor":28},{"not_picked":["Poisoned Stab","Concentrate+1","Acrobatics"],"picked":"Singing Bowl","floor":30},{"not_picked":["Venomology","Doppelganger"],"picked":"Night Terror","floor":33},{"not_picked":["Setup+1","Deadly Poison+1"],"picked":"Cloak And Dagger+1","floor":35},{"not_picked":["Finisher+1","Escape Plan","Outmaneuver+1"],"picked":"Singing Bowl","floor":38},{"not_picked":["Dagger Throw+1","Bane+1","Eviscerate+1"],"picked":"Singing Bowl","floor":39},{"not_picked":["Flechettes","Calculated Gamble","Escape Plan+1"],"picked":"Singing Bowl","floor":41},{"not_picked":["Backflip","Prepared"],"picked":"Leg Sweep+1","floor":42},{"not_picked":["Expertise+1","Dodge and Roll"],"picked":"Tactician+1","floor":44},{"not_picked":["Mind Blast","Magnetism","The Bomb"],"picked":"Singing Bowl","floor":45},{"not_picked":["All Out Attack+1","Slice","Noxious Fumes"],"picked":"Singing Bowl","floor":49}],"player_experience":3944821,"relics_obtained":[{"floor":9,"key":"Bag of Marbles"},{"floor":11,"key":"Singing Bowl"},{"floor":14,"key":"Ornamental Fan"},{"floor":26,"key":"Bottled Flame"},{"floor":30,"key":"Red Mask"},{"floor":43,"key":"Dream Catcher"}],"event_choices":[{"damage_healed":0,"gold_gain":0,"player_choice":"Success","damage_taken":12,"relics_obtained":["Mummified Hand"],"max_hp_gain":0,"max_hp_loss":0,"event_name":"Scrap Ooze","floor":7,"gold_loss":0},{"damage_healed":0,"gold_gain":0,"player_choice":"Got Potions","damage_taken":0,"max_hp_gain":0,"max_hp_loss":0,"event_name":"Lab","floor":10,"gold_loss":0},{"damage_healed":0,"gold_gain":99,"player_choice":"Stole From Cult","damage_taken":0,"max_hp_gain":0,"max_hp_loss":0,"event_name":"Nest","floor":29,"gold_loss":0},{"damage_healed":0,"gold_gain":0,"player_choice":"Fought Bandits","damage_taken":0,"max_hp_gain":0,"max_hp_loss":0,"event_name":"Masked Bandits","floor":30,"gold_loss":0},{"cards_removed":["Strike_G"],"damage_healed":0,"gold_gain":0,"player_choice":"Gave Gold","damage_taken":0,"max_hp_gain":0,"max_hp_loss":0,"event_name":"Beggar","floor":31,"gold_loss":75},{"cards_removed":["Defend_G"],"damage_healed":0,"gold_gain":0,"player_choice":"Took Card","damage_taken":0,"max_hp_gain":0,"max_hp_loss":0,"event_name":"NoteForYourself","floor":36,"gold_loss":0,"cards_obtained":["Deflect"]},{"damage_healed":0,"gold_gain":0,"player_choice":"Memory 1","damage_taken":0,"max_hp_gain":0,"max_hp_loss":0,"event_name":"SensoryStone","floor":45,"gold_loss":0},{"cards_removed":["PiercingWail"],"damage_healed":0,"gold_gain":0,"player_choice":"Removed Skill","damage_taken":0,"max_hp_gain":0,"max_hp_loss":0,"event_name":"Falling","floor":47,"gold_loss":0}],"is_beta":false,"boss_relics":[{"not_picked":["Calling Bell","Philosopher\u0027s Stone"],"picked":"Astrolabe"},{"not_picked":["Empty Cage","White Beast Statue"],"picked":"Snecko Eye"}],"items_purged_floors":[19],"is_endless":false,"potions_floor_spawned":[1,11,13,16,21,24,28,38,42],"ascension_level":0}