{"gold_per_floor":[214,214,56,131,143,143,175,189,189,217,217,25,35,65,65,65],"floor_reached":16,"playtime":1104,"items_purged":[],"score":195,"play_id":"0e832e6d-f234-4271-8da3-e8d75dedfb47","local_time":"20190124105006","is_ascension_mode":true,"campfire_choices":[{"data":"Bash","floor":6,"key":"SMITH"},{"floor":11,"key":"REST"},{"floor":15,"key":"DIG"}],"neow_cost":"NONE","seed_source_timestamp":866479062738885,"circlet_count":0,"master_deck":["AscendersBane","Strike_R","Strike_R","Strike_R","Strike_R","Strike_R","Defend_R","Defend_R","Defend_R","Defend_R","Bash+1","Sentinel","Disarm","Hemokinesis","Shrug It Off","Perfected Strike","Perfected Strike","Shrug It Off","Sentinel","Inflame","Feed"],"relics":["Burning Blood","Ornamental Fan","Bag of Preparation","Art of War","Shovel","Lantern","Smiling Mask","Blood Vial"],"potions_floor_usage":[7,7,14,16],"damage_taken":[{"damage":13,"enemies":"Jaw Worm","floor":1,"turns":6},{"damage":2,"enemies":"Small Slimes","floor":5,"turns":5},{"damage":38,"enemies":"3 Sentries","floor":7,"turns":9},{"damage":3,"enemies":"2 Louse","floor":8,"turns":3},{"damage":24,"enemies":"Gremlin Nob","floor":10,"turns":4},{"damage":14,"enemies":"Red Slaver","floor":13,"turns":2},{"damage":20,"enemies":"Lagavulin","floor":14,"turns":6},{"damage":48,"enemies":"The Guardian","floor":16,"turns":12}],"seed_played":"4951080776940628724","potions_obtained":[{"floor":1,"key":"LiquidBronze"},{"floor":13,"key":"Regen Potion"},{"floor":14,"key":"Weak Potion"}],"is_trial":false,"path_per_floor":["M","?","$","?","M","R","E","M","T","E","R","$","M","E","R","B"],"character_chosen":"IRONCLAD","items_purchased":["Disarm","Hemokinesis","Poison Potion","Lantern","Sentinel"],"campfire_rested":1,"item_purchase_floors":[3,3,3,12,12],"current_hp_per_floor":[65,62,62,51,55,55,23,26,26,8,32,32,24,25,25,0],"gold":65,"neow_bonus":"HUNDRED_GOLD","is_prod":false,"is_daily":false,"chose_seed":false,"campfire_upgraded":1,"win_rate":0,"timestamp":1548345006,"path_taken":["M","?","$","?","M","R","E","M","T","E","R","?","?","E","R","BOSS"],"build_version":"2019-01-23","purchased_purges":0,"victory":false,"max_hp_per_floor":[80,80,80,80,80,80,80,80,80,80,80,80,80,80,80,80],"card_choices":[{"not_picked":["Clash","Seeing Red"],"picked":"Sentinel","floor":1},{"not_picked":["True Grit","Sword Boomerang"],"picked":"Shrug It Off","floor":5},{"not_picked":["Bloodletting","Entrench"],"picked":"Perfected Strike","floor":7},{"not_picked":["Clothesline","Iron Wave"],"picked":"Perfected Strike","floor":8},{"not_picked":["Searing Blow","Bloodletting"],"picked":"Shrug It Off","floor":10},{"not_picked":["Sword Boomerang","Clothesline"],"picked":"Inflame","floor":13},{"not_picked":["Perfected Strike","Juggernaut"],"picked":"Feed","floor":14}],"player_experience":2967063,"relics_obtained":[{"floor":7,"key":"Bag of Preparation"},{"floor":9,"key":"Art of War"},{"floor":10,"key":"Shovel"},{"floor":14,"key":"Smiling Mask"},{"floor":15,"key":"Blood Vial"}],"event_choices":[{"damage_healed":0,"gold_gain":0,"player_choice":"Success","damage_taken":3,"relics_obtained":["Ornamental Fan"],"max_hp_gain":0,"max_hp_loss":0,"event_name":"Scrap Ooze","floor":2,"gold_loss":0},{"damage_healed":0,"gold_gain":75,"player_choice":"Gather Gold","damage_taken":11,"max_hp_gain":0,"max_hp_loss":0,"event_name":"World of Goop","floor":4,"gold_loss":0}],"is_beta":false,"boss_relics":[],"items_purged_floors":[],"is_endless":false,"potions_floor_spawned":[1,5,13,14],"killed_by":"The Guardian","ascension_level":13}