{"gold_per_floor":[115,17,17,17,33,59,209,209,284,284,12,28,28,42,42,119,119,39,39,64,76,76,76],"floor_reached":23,"playtime":916,"items_purged":[],"score":399,"play_id":"31b70ada-25f6-4e3c-8d78-8f4bc716d548","local_time":"20190410165821","is_ascension_mode":true,"campfire_choices":[{"data":"Defragment","floor":8,"key":"SMITH"},{"data":"Turbo","floor":13,"key":"SMITH"},{"floor":15,"key":"REST"}],"neow_cost":"NONE","seed_source_timestamp":77822619705764,"circlet_count":0,"master_deck":["AscendersBane","Strike_B","Strike_B","Defend_B","Defend_B","Defend_B","Defend_B","Zap","Dualcast","Cold Snap","Dramatic Entrance","Defragment+1","Consume","Turbo+1","Doubt","Creative AI","Echo Form","Steam","Meteor Strike","Steam","Decay"],"relics":["Cracked Core","NeowsBlessing","Sundial","The Courier","Membership Card","Busted Crown","Potion Belt"],"potions_floor_usage":[16,23],"damage_taken":[{"damage":0,"enemies":"Small Slimes","floor":1,"turns":1},{"damage":0,"enemies":"2 Louse","floor":5,"turns":1},{"damage":0,"enemies":"3 Sentries","floor":6,"turns":1},{"damage":4,"enemies":"Jaw Worm","floor":12,"turns":3},{"damage":20,"enemies":"Exordium Wildlife","floor":14,"turns":5},{"damage":19,"enemies":"Slime Boss","floor":16,"turns":13},{"damage":37,"enemies":"2 Thieves","floor":18,"turns":4},{"damage":26,"enemies":"3 Byrds","floor":21,"turns":6},{"damage":8,"enemies":"Slavers","floor":23,"turns":1}],"seed_played":"-2264487279321831156","potions_obtained":[{"floor":14,"key":"SpeedPotion"},{"floor":21,"key":"SkillPotion"}],"is_trial":false,"path_per_floor":["M","$","?","?","M","E","?","R","T","?","$","M","R","M","R","B",null,"M","?","T","M","?","E"],"character_chosen":"DEFECT","items_purchased":["Dramatic Entrance","Membership Card","Creative AI","Echo Form"],"campfire_rested":1,"item_purchase_floors":[2,11,11,11],"current_hp_per_floor":[64,64,64,57,57,57,57,57,57,62,62,58,58,38,60,41,67,30,30,30,4,4,0],"gold":76,"neow_bonus":"THREE_ENEMY_KILL","is_prod":false,"is_daily":false,"chose_seed":false,"campfire_upgraded":2,"win_rate":0,"timestamp":1554929901,"path_taken":["M","$","?","?","M","E","?","R","T","?","?","M","R","M","R","BOSS","M","?","?","M","?","E"],"build_version":"2019-01-23","purchased_purges":0,"victory":false,"max_hp_per_floor":[71,71,71,71,71,71,71,71,71,76,76,76,76,76,76,76,76,76,76,76,76,76,76],"card_choices":[{"not_picked":["Hologram","Gash"],"picked":"Cold Snap","floor":1},{"not_picked":["Coolheaded","Sweeping Beam"],"picked":"Consume","floor":5},{"not_picked":["Aggregate","Coolheaded"],"picked":"Turbo","floor":6},{"not_picked":["Cold Snap","Loop"],"picked":"Steam","floor":12},{"not_picked":["Barrage","Heatsinks","Gash"],"picked":"SKIP","floor":14},{"not_picked":["Reboot","Fission"],"picked":"Meteor Strike","floor":16},{"not_picked":["Compile Driver"],"picked":"SKIP","floor":18},{"not_picked":[],"picked":"Steam","floor":21}],"player_experience":3336143,"relics_obtained":[{"floor":6,"key":"Sundial"},{"floor":9,"key":"The Courier"},{"floor":20,"key":"Potion Belt"}],"event_choices":[{"damage_healed":0,"gold_gain":0,"cards_transformed":["Strike_B"],"player_choice":"Change","damage_taken":0,"max_hp_gain":0,"max_hp_loss":0,"event_name":"Living Wall","floor":3,"gold_loss":0,"cards_obtained":["Defragment"]},{"cards_removed":["Strike_B"],"damage_healed":0,"gold_gain":0,"player_choice":"Card Removal","damage_taken":7,"max_hp_gain":0,"max_hp_loss":0,"event_name":"Golden Wing","floor":4,"gold_loss":0},{"damage_healed":0,"gold_gain":150,"player_choice":"AGREE","damage_taken":0,"max_hp_gain":0,"max_hp_loss":0,"event_name":"Liars Game","floor":7,"gold_loss":0,"cards_obtained":["Doubt"]},{"damage_healed":0,"gold_gain":0,"player_choice":"Donut","damage_taken":0,"max_hp_gain":5,"max_hp_loss":0,"event_name":"Big Fish","floor":10,"gold_loss":0},{"damage_healed":0,"gold_gain":0,"player_choice":"Ignored","damage_taken":0,"max_hp_gain":0,"max_hp_loss":0,"event_name":"Vampires","floor":19,"gold_loss":0},{"damage_healed":0,"gold_gain":0,"player_choice":"Smashed Altar","damage_taken":0,"max_hp_gain":0,"max_hp_loss":0,"event_name":"Forgotten Altar","floor":22,"gold_loss":0,"cards_obtained":["Decay"]}],"is_beta":false,"boss_relics":[{"not_picked":["Runic Dome","Tiny House"],"picked":"Busted Crown"}],"items_purged_floors":[],"is_endless":false,"potions_floor_spawned":[14,21],"killed_by":"Slavers","ascension_level":18}