{"gold_per_floor":[112,112,54,54,74,74,101,101,124,143,143,63,63,81,81,152,152,169,187,25,25,45,45,45,60,90,90],"floor_reached":27,"playtime":1475,"items_purged":[],"score":410,"play_id":"3de4fa07-ab0d-4f3a-b278-4a3058a4854e","local_time":"20181113235426","is_ascension_mode":true,"campfire_choices":[{"data":"Jack Of All Trades","floor":6,"key":"SMITH"},{"floor":11,"key":"REST"},{"floor":13,"key":"REST"},{"data":"Dagger Spray","floor":15,"key":"SMITH"},{"floor":23,"key":"REST"}],"neow_cost":"CURSE","seed_source_timestamp":4505446775624,"circlet_count":0,"master_deck":["AscendersBane","Defend_G","Defend_G","Defend_G","Defend_G","Defend_G","Strike_G","Strike_G","Strike_G","Strike_G","Strike_G","Survivor","Neutralize","Dramatic Entrance","Jack Of All Trades+1","Flying Knee","Quick Slash","Flying Knee","Predator","Dagger Spray+1","Tools of the Trade","PiercingWail","Decay","Backflip","Doubt"],"relics":["Ring of the Snake","Oddly Smooth Stone","Spirit Poop","Happy Flower","Vajra","Cursed Key","Centennial Puzzle","Tiny Chest"],"potions_floor_usage":[7,7,14,16,22],"damage_taken":[{"damage":10,"enemies":"Small Slimes","floor":1,"turns":3},{"damage":0,"enemies":"Cultist","floor":5,"turns":4},{"damage":37,"enemies":"Lagavulin","floor":7,"turns":7},{"damage":0,"enemies":"2 Louse","floor":10,"turns":2},{"damage":3,"enemies":"Large Slime","floor":14,"turns":5},{"damage":38,"enemies":"Slime Boss","floor":16,"turns":11},{"damage":9,"enemies":"Chosen","floor":18,"turns":4},{"damage":19,"enemies":"2 Thieves","floor":19,"turns":4},{"damage":0,"enemies":"3 Cultists","floor":22,"turns":2},{"damage":39,"enemies":"Snecko","floor":25,"turns":6},{"damage":9,"enemies":"Snake Plant","floor":27,"turns":3}],"seed_played":"6359946996202098133","potions_obtained":[{"floor":1,"key":"Poison Potion"},{"floor":5,"key":"SneckoOil"},{"floor":10,"key":"Block Potion"},{"floor":14,"key":"Ancient Potion"},{"floor":19,"key":"Explosive Potion"}],"is_trial":false,"path_per_floor":["M","?","$","?","M","R","E","?","T","M","R","?","R","M","R","B",null,"M","M","$","?","M","R","?","M","T","M"],"character_chosen":"THE_SILENT","items_purchased":["Quick Slash","Centennial Puzzle"],"campfire_rested":3,"item_purchase_floors":[3,20],"current_hp_per_floor":[49,49,49,49,49,49,12,12,12,12,31,31,50,47,47,9,52,43,24,24,24,24,43,43,4,4,0],"gold":90,"neow_bonus":"RANDOM_COLORLESS_2","is_prod":false,"is_daily":false,"chose_seed":false,"campfire_upgraded":2,"win_rate":0,"timestamp":1542171266,"path_taken":["M","?","$","?","M","R","E","?","T","?","R","?","R","M","R","BOSS","M","?","$","?","M","R","?","M","T","M"],"build_version":"2018-11-08","purchased_purges":0,"victory":false,"max_hp_per_floor":[66,66,66,66,66,66,66,66,66,66,66,66,66,66,66,66,66,66,66,66,66,66,66,66,66,66,66],"card_choices":[{"not_picked":["Quick Slash","Predator"],"picked":"Flying Knee","floor":1},{"not_picked":["Distraction","Blade Dance"],"picked":"Flying Knee","floor":5},{"not_picked":["Envenom","Flechettes"],"picked":"Predator","floor":7},{"not_picked":["All Out Attack","Outmaneuver","Dagger Throw"],"picked":"SKIP","floor":10},{"not_picked":["All Out Attack","Deadly Poison"],"picked":"Dagger Spray","floor":14},{"not_picked":["Doppelganger","Phantasmal Killer"],"picked":"Tools of the Trade","floor":16},{"not_picked":["Well Laid Plans","Dodge and Roll"],"picked":"PiercingWail","floor":18},{"not_picked":["Dagger Spray","Underhanded Strike","Quick Slash"],"picked":"SKIP","floor":19},{"not_picked":["Dagger Spray","Blade Dance","Heel Hook"],"picked":"SKIP","floor":22},{"not_picked":["Prepared","Acrobatics"],"picked":"Backflip","floor":25}],"player_experience":2277385,"relics_obtained":[{"floor":7,"key":"Oddly Smooth Stone"},{"floor":9,"key":"Happy Flower"},{"floor":26,"key":"Tiny Chest"}],"event_choices":[{"damage_healed":0,"gold_gain":0,"player_choice":"Ignored","damage_taken":0,"max_hp_gain":0,"max_hp_loss":0,"event_name":"Golden Wing","floor":2,"gold_loss":0},{"damage_healed":0,"gold_gain":0,"player_choice":"Ignored","damage_taken":0,"max_hp_gain":0,"max_hp_loss":0,"event_name":"Liars Game","floor":4,"gold_loss":0},{"cards_removed":["Decay"],"damage_healed":0,"gold_gain":0,"player_choice":"Offered Curse","damage_taken":0,"relics_obtained":["Spirit Poop"],"max_hp_gain":0,"max_hp_loss":0,"event_name":"Bonfire Elementals","floor":8,"gold_loss":0},{"damage_healed":0,"gold_gain":0,"player_choice":"Paid Gold","damage_taken":0,"relics_obtained":["Vajra"],"max_hp_gain":0,"max_hp_loss":0,"event_name":"WeMeetAgain","floor":12,"gold_loss":80},{"damage_healed":0,"gold_gain":0,"player_choice":"Smashed Altar","damage_taken":0,"max_hp_gain":0,"max_hp_loss":0,"event_name":"Forgotten Altar","floor":21,"gold_loss":0,"cards_obtained":["Decay"]},{"damage_healed":0,"gold_gain":0,"player_choice":"Ignored","damage_taken":0,"max_hp_gain":0,"max_hp_loss":0,"event_name":"Beggar","floor":24,"gold_loss":0}],"is_beta":false,"boss_relics":[{"not_picked":["Calling Bell","Eternal Feather"],"picked":"Cursed Key"}],"items_purged_floors":[],"is_endless":false,"potions_floor_spawned":[1,5,10,14,19],"killed_by":"Snake Plant","ascension_level":19}