{"path_per_floor":["M","?","$","M","?","E","R","?","T","?","$","M","M","E","R","B",null,"M","?","?","?","M","M","R","M","T","R","?","M","E"],"character_chosen":"THE_SILENT","items_purchased":["Footwork","Backflip","Caltrops","Cloak And Dagger"],"gold_per_floor":[118,218,17,35,35,64,64,64,64,139,40,55,68,96,96,199,199,219,144,59,59,40,56,56,75,75,75,75,85,110],"floor_reached":31,"campfire_rested":2,"playtime":20656,"current_hp_per_floor":[70,70,70,68,68,47,47,47,47,36,36,38,35,22,22,23,70,59,59,59,43,30,20,41,36,36,57,57,49,9],"items_purged":["Defend_G"],"gold":110,"play_id":"afb8b1c0-6a67-4c5d-8a0e-eef848ed2b1d","is_prod":false,"is_daily":false,"is_ascension_mode":true,"campfire_upgraded":2,"path_taken":["M","?","?","M","?","E","R","?","T","?","?","M","M","E","R","BOSS","M","?","?","?","M","M","R","?","T","R","?","M","E","M"],"build_version":"2018-01-25-PROD3","purchased_purges":1,"victory":false,"master_deck":["Defend_G","Defend_G","Defend_G","Strike_G","Strike_G","Strike_G","Survivor","Neutralize+1","Backflip","Footwork+1","Backflip","Noxious Fumes+1","Heel Hook","Noxious Fumes","Caltrops","Cloak And Dagger","Backflip","Prepared","Burst","Backflip","Dodge and Roll+1","Dagger Throw","Noxious Fumes","Dagger Throw+1"],"max_hp_per_floor":[70,70,70,70,70,70,70,70,70,70,70,70,70,70,70,70,70,70,70,70,70,70,70,70,70,70,70,70,70,70],"relics":["Ring of the Snake","Blood Vial","Ginger","Kunai","Question Card","Gambling Chip","Nilry\u0027s Codex","Letter Opener","Ice Cream"],"card_choices":[{"not_picked":["Quick Slash","Sucker Punch"],"picked":"Backflip"},{"not_picked":["Slice","Dagger Throw"],"picked":"Noxious Fumes"},{"not_picked":["Deadly Poison","Backflip"],"picked":"Noxious Fumes"},{"not_picked":["Catalyst","Underhanded Strike"],"picked":"Backflip"},{"not_picked":["Underhanded Strike","Slice"],"picked":"Prepared"},{"not_picked":["Envenom","Doppelganger"],"picked":"Burst"},{"not_picked":["Deadly Poison","Underhanded Strike","Endless Agony"],"picked":"Backflip"},{"not_picked":["Reflex","Backflip","Accuracy"],"picked":"Dodge and Roll"},{"not_picked":["Catalyst","Wraith Form","Outmaneuver"],"picked":"Dagger Throw"},{"not_picked":["Quick Slash","Dodge and Roll","Poisoned Stab"],"picked":"Noxious Fumes"},{"not_picked":["Accuracy","Dagger Spray","Reflex"],"picked":"Dagger Throw"}],"player_experience":234820,"potions_floor_usage":[14,14,14,25,30,30,30],"damage_taken":[{"damage":0,"enemies":"Small Slimes","floor":1,"turns":4},{"damage":2,"enemies":"Blue Slaver","floor":4,"turns":5},{"damage":21,"enemies":"3 Sentries","floor":6,"turns":9},{"damage":0,"enemies":"2 Louse","floor":12,"turns":3},{"damage":5,"enemies":"Red Slaver","floor":13,"turns":4},{"damage":15,"enemies":"Gremlin Nob","floor":14,"turns":5},{"damage":1,"enemies":"Hexaghost","floor":16,"turns":9},{"damage":11,"enemies":"Chosen","floor":18,"turns":6},{"damage":15,"enemies":"2 Thieves","floor":22,"turns":4},{"damage":12,"enemies":"Snake Plant","floor":23,"turns":6},{"damage":7,"enemies":"3 Cultists","floor":25,"turns":7},{"damage":10,"enemies":"Centurion and Healer","floor":29,"turns":8},{"damage":42,"enemies":"Slavers","floor":30,"turns":6},{"damage":16,"enemies":"Slaver and Parasite","floor":31,"turns":3}],"event_choices":[{"event_name":"Golden Shrine","player_choice":"Pray","floor":2,"damage_taken":0},{"event_name":"Living Wall","player_choice":"Change","floor":5,"damage_taken":0},{"event_name":"Upgrade Shrine","player_choice":"Upgraded","floor":8,"damage_taken":0},{"event_name":"World of Goop","player_choice":"Gather Gold","floor":10,"damage_taken":0},{"event_name":"Beggar","player_choice":"Gave Gold","floor":19,"damage_taken":0},{"event_name":"Addict","player_choice":"Obtained Relic","floor":20,"damage_taken":0},{"event_name":"Cursed Tome","player_choice":"Obtained Book","floor":21,"damage_taken":0},{"event_name":"Back to Basics","player_choice":"Elegance","floor":28,"damage_taken":0}],"boss_relics":[{"not_picked":["Runic Pyramid","Tiny House"],"picked":"Question Card"}],"potions_floor_spawned":[6,12,13,16,22,23,29],"seed_played":"761624656966882741","killed_by":"Slaver and Parasite","ascension_level":1,"is_trial":false}