{"gold_per_floor":[111,127,177,195,215,215,244,244,244,244,8,8,8,33,33,111,111,124,143,143,162,1,1,1],"floor_reached":24,"playtime":1108,"items_purged":["Strike_B"],"score":408,"play_id":"062b303f-5e64-46ba-9d7b-3ed1e7e8a2a5","local_time":"20190507095744","is_ascension_mode":true,"campfire_choices":[{"data":"Streamline","floor":6,"key":"SMITH"},{"data":"Consume","floor":8,"key":"SMITH"},{"floor":10,"key":"REST"},{"data":"Coolheaded","floor":15,"key":"SMITH"},{"floor":23,"key":"REST"}],"neow_cost":"NONE","seed_source_timestamp":2385195891542139,"circlet_count":0,"master_deck":["AscendersBane","Strike_B","Strike_B","Strike_B","Defend_B","Defend_B","Defend_B","Defend_B","Zap","Dualcast","Auto Shields","Streamline+1","Sweeping Beam","Coolheaded+1","Consume+1","Echo Form+1","Steam","Defragment+1","Conserve Battery"],"relics":["Velvet Choker","Happy Flower","Ancient Tea Set","Orichalcum","Dodecahedron","Runic Pyramid","Potion Belt"],"potions_floor_usage":[7,16],"damage_taken":[{"damage":0,"enemies":"Small Slimes","floor":1,"turns":3},{"damage":1,"enemies":"Cultist","floor":2,"turns":4},{"damage":4,"enemies":"2 Louse","floor":4,"turns":3},{"damage":2,"enemies":"Blue Slaver","floor":5,"turns":4},{"damage":10,"enemies":"3 Sentries","floor":7,"turns":8},{"damage":4,"enemies":"Lagavulin","floor":14,"turns":7},{"damage":23,"enemies":"Slime Boss","floor":16,"turns":10},{"damage":12,"enemies":"Shell Parasite","floor":18,"turns":4},{"damage":18,"enemies":"2 Thieves","floor":19,"turns":5},{"damage":1,"enemies":"Chosen and Byrds","floor":21,"turns":7},{"damage":57,"enemies":"Cultist and Chosen","floor":24,"turns":5}],"seed_played":"-665463466503882192","potions_obtained":[{"floor":1,"key":"FocusPotion"},{"floor":5,"key":"SteroidPotion"},{"floor":14,"key":"Dexterity Potion"},{"floor":19,"key":"FearPotion"}],"is_trial":false,"path_per_floor":["M","M","?","M","M","R","E","R","T","R","$","$","?","E","R","B",null,"M","M","?","M","$","R","M"],"character_chosen":"DEFECT","items_purchased":["Orichalcum","Potion Belt"],"campfire_rested":2,"item_purchase_floors":[11,22],"current_hp_per_floor":[64,63,56,52,50,50,40,40,40,61,61,61,61,57,57,34,62,50,32,32,31,31,52,0],"gold":1,"neow_bonus":"BOSS_RELIC","is_prod":false,"is_daily":false,"chose_seed":false,"campfire_upgraded":3,"win_rate":0,"timestamp":1557237464,"path_taken":["M","M","?","?","M","R","E","R","T","R","?","$","?","E","R","BOSS","M","M","?","?","$","R","M"],"build_version":"2019-01-23","purchased_purges":1,"victory":false,"max_hp_per_floor":[71,71,71,71,71,71,71,71,71,71,71,71,71,71,71,71,71,71,71,71,71,71,71,71],"card_choices":[{"not_picked":["Hologram","Redo"],"picked":"Auto Shields","floor":1},{"not_picked":["Recycle","Steam"],"picked":"Streamline","floor":2},{"not_picked":["Force Field","Melter"],"picked":"Sweeping Beam","floor":4},{"not_picked":["Hologram","Beam Cell"],"picked":"Coolheaded","floor":5},{"not_picked":["Sweeping Beam","Fusion"],"picked":"Consume","floor":7},{"not_picked":["Barrage","Sweeping Beam","Stack"],"picked":"SKIP","floor":14},{"not_picked":["Rainbow","Hyperbeam"],"picked":"Echo Form","floor":16},{"not_picked":["Gash","Blizzard"],"picked":"Steam","floor":18},{"not_picked":["Auto Shields+1","Rebound+1"],"picked":"Defragment+1","floor":19},{"not_picked":["Compile Driver","Blizzard"],"picked":"Conserve Battery","floor":21}],"player_experience":3620046,"relics_obtained":[{"floor":7,"key":"Happy Flower"},{"floor":9,"key":"Ancient Tea Set"},{"floor":14,"key":"Dodecahedron"}],"event_choices":[{"damage_healed":0,"gold_gain":50,"player_choice":"Touch","damage_taken":7,"max_hp_gain":0,"max_hp_loss":0,"event_name":"FaceTrader","floor":3,"gold_loss":0},{"damage_healed":0,"gold_gain":0,"player_choice":"Ignored","damage_taken":0,"max_hp_gain":0,"max_hp_loss":0,"event_name":"Liars Game","floor":13,"gold_loss":0},{"damage_healed":0,"gold_gain":0,"player_choice":"Upgraded","damage_taken":0,"max_hp_gain":0,"max_hp_loss":0,"event_name":"Upgrade Shrine","floor":20,"gold_loss":0,"cards_upgraded":["Echo Form"]}],"is_beta":false,"boss_relics":[{"not_picked":["Cursed Key","Runic Dome"],"picked":"Runic Pyramid"}],"items_purged_floors":[11],"is_endless":false,"potions_floor_spawned":[1,5,14,19,21],"killed_by":"Cultist and Chosen","ascension_level":20}