{"gold_per_floor":[111,122,140,2,2,35,35,35,92,92,121,151,163,187,199,285,297,327,12,29,29,29,29,57,74,74,74,91,91,111,125,125,202,202,213,37,54,73,87,87,114,132,132,132,150,150,150,150,150,150],"floor_reached":50,"playtime":3360,"items_purged":["Strike_G","Strike_G"],"score":1032,"play_id":"a7c6184b-b77a-4b4a-a451-4974eea89408","local_time":"20181112154250","is_ascension_mode":true,"campfire_choices":[{"data":"Catalyst","floor":7,"key":"SMITH"},{"data":"Neutralize","floor":10,"key":"SMITH"},{"floor":15,"key":"REST"},{"floor":23,"key":"REST"},{"floor":27,"key":"REST"},{"floor":29,"key":"REST"},{"floor":32,"key":"REST"},{"floor":40,"key":"REST"},{"floor":44,"key":"REST"},{"floor":46,"key":"REST"},{"floor":49,"key":"REST"}],"neow_cost":"NONE","seed_source_timestamp":680169496318402,"circlet_count":0,"master_deck":["AscendersBane","Defend_G+1","Defend_G+1","Defend_G+1","Defend_G+1","Defend_G+1","Strike_G+1","Strike_G+1","Survivor+1","Neutralize+1","Deadly Poison+1","Noxious Fumes+1","Flying Knee+1","Catalyst+1","Poisoned Stab+1","Calculated Gamble+1","Sucker Punch+1","Bouncing Flask+1","Bullet Time+1","Finisher+1","After Image+1","Setup+1","Prepared+1","Outmaneuver+1","Footwork+1","Crippling Poison+1","Bane+1","A Thousand Cuts+1","Footwork+1","Bane+1","Dodge and Roll+1","Parasite"],"relics":["Ring of the Snake","Centennial Puzzle","Happy Flower","Frozen Egg 2","Tiny Chest","MawBank","Runic Pyramid","Oddly Smooth Stone","Blood Vial","Bottled Tornado","Fusion Hammer","Pantograph","Singing Bowl","Mark of the Bloom","Torii"],"potions_floor_usage":[6,11,16,18,24,25,37,41,45,50],"damage_taken":[{"damage":6,"enemies":"Cultist","floor":1,"turns":4},{"damage":5,"enemies":"Small Slimes","floor":2,"turns":6},{"damage":0,"enemies":"Jaw Worm","floor":3,"turns":4},{"damage":6,"enemies":"Lagavulin","floor":6,"turns":6},{"damage":3,"enemies":"Gremlin Nob","floor":11,"turns":3},{"damage":1,"enemies":"2 Fungi Beasts","floor":12,"turns":3},{"damage":6,"enemies":"Looter","floor":14,"turns":3},{"damage":18,"enemies":"The Guardian","floor":16,"turns":7},{"damage":15,"enemies":"Shell Parasite","floor":18,"turns":4},{"damage":0,"enemies":"Spheric Guardian","floor":20,"turns":3},{"damage":60,"enemies":"Book of Stabbing","floor":24,"turns":6},{"damage":6,"enemies":"Snake Plant","floor":25,"turns":3},{"damage":19,"enemies":"Cultist and Chosen","floor":28,"turns":6},{"damage":0,"enemies":"Centurion and Healer","floor":30,"turns":6},{"damage":7,"enemies":"Snake Plant","floor":31,"turns":3},{"damage":29,"enemies":"Automaton","floor":33,"turns":10},{"damage":9,"enemies":"Orb Walker","floor":35,"turns":4},{"damage":8,"enemies":"3 Shapes","floor":37,"turns":3},{"damage":32,"enemies":"Jaw Worm Horde","floor":38,"turns":4},{"damage":8,"enemies":"Maw","floor":39,"turns":6},{"damage":2,"enemies":"Giant Head","floor":41,"turns":7},{"damage":11,"enemies":"Sphere and 2 Shapes","floor":42,"turns":4},{"damage":7,"enemies":"Writhing Mass","floor":45,"turns":5},{"damage":58,"enemies":"Awakened One","floor":50,"turns":2}],"seed_played":"3890100208608965157","potions_obtained":[{"floor":2,"key":"GhostInAJar"},{"floor":6,"key":"PowerPotion"},{"floor":14,"key":"EssenceOfSteel"},{"floor":16,"key":"AttackPotion"},{"floor":20,"key":"Regen Potion"},{"floor":24,"key":"SkillPotion"},{"floor":33,"key":"Strength Potion"},{"floor":35,"key":"EssenceOfSteel"},{"floor":38,"key":"SpeedPotion"},{"floor":41,"key":"Explosive Potion"},{"floor":45,"key":"FearPotion"}],"is_trial":false,"path_per_floor":["M","M","M","$","?","E","R","T","T","R","E","M","?","M","R","B",null,"M","$","M","?","$","R","E","M","T","R","M","R","M","M","R","B",null,"M","$","M","M","M","R","E","M","T","R","M","R","?","T","R","B"],"character_chosen":"THE_SILENT","items_purchased":["Catalyst","Poisoned Stab","Oddly Smooth Stone","After Image+1","Footwork+1"],"campfire_rested":9,"item_purchase_floors":[4,4,19,19,36],"current_hp_per_floor":[53,48,48,48,48,42,42,42,42,42,39,38,31,25,44,26,56,41,41,41,41,41,60,15,11,11,30,13,32,34,29,48,21,55,48,48,42,12,6,25,25,16,16,35,32,52,52,52,52,0],"gold":150,"neow_bonus":"RANDOM_COMMON_RELIC","is_prod":false,"is_daily":false,"chose_seed":false,"campfire_upgraded":2,"win_rate":0,"timestamp":1542055370,"path_taken":["M","?","M","?","?","E","R","?","T","R","E","M","?","M","R","BOSS","M","$","M","?","$","R","E","M","T","R","M","R","M","M","R","BOSS","M","$","M","M","M","R","E","M","T","R","M","R","?","?","R","BOSS"],"build_version":"2018-11-08","purchased_purges":2,"victory":false,"max_hp_per_floor":[66,66,66,66,66,66,66,66,66,66,66,66,66,66,66,66,66,66,66,66,66,66,66,66,66,66,66,66,66,66,66,66,66,66,66,66,66,66,66,66,66,66,66,66,68,68,68,68,68,68],"card_choices":[{"not_picked":["Underhanded Strike","PiercingWail"],"picked":"Deadly Poison","floor":1},{"not_picked":["Dagger Spray","Slice"],"picked":"Noxious Fumes","floor":2},{"not_picked":["Sucker Punch","Dodge and Roll"],"picked":"Flying Knee","floor":3},{"not_picked":["Deflect","Reflex"],"picked":"Calculated Gamble","floor":6},{"not_picked":["Slice","Underhanded Strike","Eviscerate"],"picked":"SKIP","floor":11},{"not_picked":["Corpse Explosion","Deadly Poison"],"picked":"Sucker Punch","floor":12},{"not_picked":["Bane","Prepared"],"picked":"Bouncing Flask","floor":14},{"not_picked":["Venomology","Glass Knife"],"picked":"Bullet Time","floor":16},{"not_picked":["Sucker Punch+1","Terror"],"picked":"Finisher","floor":18},{"not_picked":["Flying Knee","Sucker Punch"],"picked":"Setup+1","floor":20},{"not_picked":["Acrobatics","Masterful Stab"],"picked":"Prepared","floor":24},{"not_picked":["Caltrops+1","Quick Slash+1"],"picked":"Outmaneuver","floor":25},{"not_picked":["PiercingWail","Blade Dance"],"picked":"Footwork+1","floor":28},{"not_picked":["Endless Agony","Infinite Blades+1"],"picked":"Crippling Poison+1","floor":30},{"not_picked":["Phantasmal Killer","Sucker Punch"],"picked":"Bane","floor":31},{"not_picked":["Storm of Steel","Corpse Explosion"],"picked":"A Thousand Cuts+1","floor":33},{"not_picked":["Deadly Poison+1","Cloak And Dagger","Dagger Throw"],"picked":"SKIP","floor":35},{"not_picked":["Dagger Throw","Sucker Punch+1","Outmaneuver"],"picked":"SKIP","floor":37},{"not_picked":["Deadly Poison","Distraction","Storm of Steel"],"picked":"SKIP","floor":38},{"not_picked":["Deadly Poison+1","Deflect","Outmaneuver"],"picked":"SKIP","floor":39},{"not_picked":["Sucker Punch","Prepared"],"picked":"Bane+1","floor":41},{"not_picked":["All Out Attack","Bane"],"picked":"Dodge and Roll","floor":42},{"not_picked":["Slice","Dagger Spray","Choke"],"picked":"Singing Bowl","floor":45}],"player_experience":2241242,"relics_obtained":[{"floor":6,"key":"Happy Flower"},{"floor":8,"key":"Frozen Egg 2"},{"floor":9,"key":"Tiny Chest"},{"floor":11,"key":"MawBank"},{"floor":24,"key":"Blood Vial"},{"floor":26,"key":"Bottled Tornado"},{"floor":41,"key":"Pantograph"},{"floor":43,"key":"Singing Bowl"},{"floor":48,"key":"Torii"}],"event_choices":[{"damage_healed":0,"gold_gain":0,"player_choice":"Grow","damage_taken":0,"max_hp_gain":0,"max_hp_loss":0,"event_name":"Living Wall","floor":5,"gold_loss":0,"cards_upgraded":["Noxious Fumes"]},{"cards_removed":["Strike_G"],"damage_healed":0,"gold_gain":0,"player_choice":"Card Removal","damage_taken":7,"max_hp_gain":0,"max_hp_loss":0,"event_name":"Golden Wing","floor":13,"gold_loss":0},{"damage_healed":0,"gold_gain":0,"player_choice":"Ignored","damage_taken":0,"max_hp_gain":0,"max_hp_loss":0,"event_name":"Beggar","floor":21,"gold_loss":0},{"damage_healed":0,"gold_gain":0,"player_choice":"Upgrade","damage_taken":0,"relics_obtained":["Mark of the Bloom"],"max_hp_gain":0,"max_hp_loss":0,"event_name":"MindBloom","floor":47,"gold_loss":0,"cards_upgraded":["Defend_G","Defend_G","Defend_G","Defend_G","Defend_G","Strike_G","Strike_G","Survivor","Deadly Poison","Flying Knee","Poisoned Stab","Calculated Gamble","Sucker Punch","Bouncing Flask","Bullet Time","Finisher","Prepared","Outmaneuver","Bane","Dodge and Roll"]}],"is_beta":false,"boss_relics":[{"not_picked":["Ectoplasm","Black Star"],"picked":"Runic Pyramid"},{"not_picked":["Runic Dome","Eternal Feather"],"picked":"Fusion Hammer"}],"items_purged_floors":[19,36],"is_endless":false,"potions_floor_spawned":[2,6,14,16,20,24,33,35,38,41,45],"killed_by":"Awakened One","ascension_level":19}