{"gold_per_floor":[11,11,29,44,44,44,56,56,56,56,66,40,40,4,4,109,109,124,124,135,135,11,46,46,61,61,61,88,120,144,167,179,290,302,328,340,370,392,404,442,454,484,520,532,250,250,277,138,138,138],"floor_reached":51,"playtime":4071,"items_purged":["Regret","Regret"],"score":810,"play_id":"31dbf9ad-1777-4ff9-9983-2a163716c3da","local_time":"20181116111748","is_ascension_mode":false,"campfire_choices":[{"data":"Neutralize","floor":6,"key":"SMITH"},{"data":"Terror","floor":8,"key":"SMITH"},{"data":"Flying Knee","floor":15,"key":"SMITH"},{"data":"Noxious Fumes","floor":24,"key":"SMITH"},{"floor":27,"key":"REST"},{"data":"Backstab","floor":32,"key":"SMITH"},{"floor":41,"key":"REST"},{"floor":44,"key":"REST"},{"data":"Footwork","floor":46,"key":"SMITH"},{"data":"Glass Knife","floor":49,"key":"SMITH"}],"neow_cost":"NO_GOLD","seed_source_timestamp":215700603534848,"circlet_count":0,"master_deck":["Defend_G+1","Defend_G+1","Defend_G+1","Defend_G+1","Defend_G+1","Strike_G+1","Strike_G+1","Strike_G+1","Strike_G+1","Strike_G+1","Survivor","Neutralize+1","Bane","Terror+1","Backstab+1","All Out Attack","Blur+1","Concentrate+1","Adrenaline+1","Crippling Poison+1","Dodge and Roll+1","Noxious Fumes+1","Backstab+1","Leg Sweep+1","Shame","Backflip+1","Leg Sweep+1","Backflip+1","Dodge and Roll+1","Malaise+1","Panacea+1","Secret Technique+1","Dark Shackles+1","Crippling Poison+1","Acrobatics+1","Footwork+1","Glass Knife+1","Well Laid Plans"],"relics":["Ring of the Snake","Mango","Toxic Egg 2","Art of War","Centennial Puzzle","Cursed Key","Bag of Preparation","Dodecahedron","MawBank","Sozu","Regal Pillow","Vajra","PreservedInsect","Blood Vial"],"potions_floor_usage":[16,16,19,23,33,40,40,50],"damage_taken":[{"damage":4,"enemies":"Small Slimes","floor":1,"turns":6},{"damage":1,"enemies":"Cultist","floor":3,"turns":4},{"damage":0,"enemies":"2 Louse","floor":4,"turns":2},{"damage":4,"enemies":"Blue Slaver","floor":7,"turns":2},{"damage":0,"enemies":"Looter","floor":11,"turns":2},{"damage":31,"enemies":"Hexaghost","floor":16,"turns":13},{"damage":1,"enemies":"Chosen","floor":18,"turns":4},{"damage":3,"enemies":"Colosseum Slavers","floor":19,"turns":4},{"damage":2,"enemies":"Shell Parasite","floor":20,"turns":3},{"damage":32,"enemies":"Book of Stabbing","floor":23,"turns":4},{"damage":2,"enemies":"Snecko","floor":25,"turns":3},{"damage":1,"enemies":"Gremlin Leader","floor":28,"turns":8},{"damage":9,"enemies":"Cultist and Chosen","floor":29,"turns":6},{"damage":0,"enemies":"3 Cultists","floor":30,"turns":4},{"damage":5,"enemies":"Snake Plant","floor":31,"turns":4},{"damage":16,"enemies":"Collector","floor":33,"turns":11},{"damage":1,"enemies":"Orb Walker","floor":35,"turns":3},{"damage":0,"enemies":"3 Shapes","floor":37,"turns":7},{"damage":0,"enemies":"Jaw Worm Horde","floor":38,"turns":3},{"damage":21,"enemies":"Nemesis","floor":40,"turns":10},{"damage":1,"enemies":"Transient","floor":42,"turns":5},{"damage":0,"enemies":"Giant Head","floor":47,"turns":10},{"damage":0,"enemies":"Donu and Deca","floor":50,"turns":15}],"seed_played":"6592607393455858935","potions_obtained":[{"floor":4,"key":"GamblersBrew"},{"floor":7,"key":"Block Potion"},{"floor":11,"key":"GhostInAJar"},{"floor":18,"key":"Block Potion"},{"floor":29,"key":"Dexterity Potion"},{"floor":30,"key":"Ancient Potion"},{"floor":31,"key":"PowerPotion"},{"floor":33,"key":"AttackPotion"}],"is_trial":false,"path_per_floor":["M","?","M","M","?","R","M","R","T","?","M","$","?","$","R","B",null,"M","?","M","?","$","E","R","M","T","R","E","M","M","M","R","B",null,"M","?","M","M","?","E","R","M","T","R","$","R","E","$","R","B",null],"character_chosen":"THE_SILENT","items_purchased":["Flying Knee","Concentrate+1","Noxious Fumes","PowerPotion","Footwork","PreservedInsect","Well Laid Plans"],"campfire_rested":3,"item_purchase_floors":[12,14,22,22,45,45,48],"current_hp_per_floor":[80,84,83,83,83,83,79,79,79,79,79,79,79,79,79,48,84,83,80,78,78,78,46,46,44,44,69,68,59,59,54,54,38,84,83,73,73,73,73,52,84,83,83,84,84,84,84,84,84,84],"gold":138,"neow_bonus":"ONE_RARE_RELIC","is_prod":false,"is_daily":false,"chose_seed":false,"campfire_upgraded":7,"win_rate":0,"timestamp":1542385068,"path_taken":["M","?","M","?","?","R","?","R","T","?","M","$","?","?","R","BOSS","M","?","M","?","$","E","R","M","T","R","E","M","M","M","R","BOSS","M","?","M","M","?","E","R","M","T","R","$","R","E","$","R","BOSS"],"build_version":"2018-11-15","purchased_purges":2,"victory":true,"max_hp_per_floor":[84,84,84,84,84,84,84,84,84,84,84,84,84,84,84,84,84,84,84,84,84,84,84,84,84,84,84,84,84,84,84,84,84,84,84,84,84,84,84,84,84,84,84,84,84,84,84,84,84,84],"card_choices":[{"not_picked":["Outmaneuver","Escape Plan"],"picked":"Bane","floor":1},{"not_picked":["Calculated Gamble","Eviscerate"],"picked":"Terror","floor":3},{"not_picked":["Deadly Poison","Infinite Blades"],"picked":"Backstab","floor":4},{"not_picked":["Dodge and Roll+1","Dagger Throw"],"picked":"All Out Attack","floor":7},{"not_picked":["Catalyst+1","Outmaneuver+1"],"picked":"Blur+1","floor":11},{"not_picked":["Phantasmal Killer+1","Burst+1"],"picked":"Adrenaline+1","floor":16},{"not_picked":["Setup+1","Poisoned Stab"],"picked":"Crippling Poison+1","floor":18},{"not_picked":["Flying Knee","Sucker Punch+1"],"picked":"Dodge and Roll+1","floor":20},{"not_picked":["Prepared+1","Quick Slash+1"],"picked":"Backstab+1","floor":23},{"not_picked":["Blur+1","Prepared+1"],"picked":"Leg Sweep+1","floor":25},{"not_picked":["Sucker Punch+1","Reflex+1"],"picked":"Backflip+1","floor":28},{"not_picked":["Deflect+1","Prepared+1"],"picked":"Leg Sweep+1","floor":29},{"not_picked":["Dagger Throw","Dagger Spray"],"picked":"Backflip+1","floor":30},{"not_picked":["Wraith Form v2","Acrobatics+1"],"picked":"Dodge and Roll+1","floor":31},{"not_picked":["Wraith Form v2","Night Terror+1"],"picked":"Malaise+1","floor":33},{"not_picked":["Deflect+1","Prepared+1","Masterful Stab"],"picked":"SKIP","floor":35},{"not_picked":["Finesse+1","Flash of Steel"],"picked":"Panacea+1","floor":36},{"not_picked":["Metamorphosis+1","Dramatic Entrance"],"picked":"Secret Technique+1","floor":36},{"not_picked":["Magnetism","Thinking Ahead+1"],"picked":"Dark Shackles+1","floor":36},{"not_picked":["Heel Hook","Flying Knee"],"picked":"Crippling Poison+1","floor":37},{"not_picked":["Infinite Blades","Sucker Punch+1","Dagger Spray"],"picked":"SKIP","floor":38},{"not_picked":["Bane","Dash","Deflect+1"],"picked":"SKIP","floor":40},{"not_picked":["Endless Agony+1","Quick Slash+1"],"picked":"Acrobatics+1","floor":42},{"not_picked":["Backstab","Sucker Punch+1"],"picked":"Glass Knife","floor":47}],"player_experience":2330016,"relics_obtained":[{"floor":9,"key":"Art of War"},{"floor":23,"key":"Bag of Preparation"},{"floor":26,"key":"Dodecahedron"},{"floor":28,"key":"MawBank"},{"floor":40,"key":"Regal Pillow"},{"floor":43,"key":"Vajra"},{"floor":47,"key":"Blood Vial"}],"event_choices":[{"damage_healed":4,"gold_gain":0,"player_choice":"Full Heal","damage_taken":0,"max_hp_gain":0,"max_hp_loss":0,"event_name":"Wheel of Change","floor":2,"gold_loss":0},{"damage_healed":0,"gold_gain":0,"player_choice":"Gave Potion","damage_taken":0,"relics_obtained":["Toxic Egg 2"],"max_hp_gain":0,"max_hp_loss":0,"event_name":"WeMeetAgain","floor":5,"gold_loss":0},{"damage_healed":0,"gold_gain":0,"player_choice":"Box","damage_taken":0,"relics_obtained":["Centennial Puzzle"],"max_hp_gain":0,"max_hp_loss":0,"event_name":"Big Fish","floor":10,"gold_loss":0,"cards_obtained":["Regret"]},{"damage_healed":0,"gold_gain":0,"player_choice":"Ignored","damage_taken":0,"max_hp_gain":0,"max_hp_loss":0,"event_name":"Liars Game","floor":13,"gold_loss":0},{"damage_healed":0,"gold_gain":0,"player_choice":"Fight","damage_taken":0,"max_hp_gain":0,"max_hp_loss":0,"event_name":"Colosseum","floor":19,"gold_loss":0},{"damage_healed":0,"gold_gain":0,"player_choice":"Fled From Nobs","damage_taken":0,"max_hp_gain":0,"max_hp_loss":0,"event_name":"Colosseum","floor":19,"gold_loss":0},{"damage_healed":0,"gold_gain":0,"player_choice":"Simplicity","damage_taken":0,"max_hp_gain":0,"max_hp_loss":0,"event_name":"Back to Basics","floor":21,"gold_loss":0,"cards_upgraded":["Defend_G","Defend_G","Defend_G","Defend_G","Defend_G","Strike_G","Strike_G","Strike_G","Strike_G","Strike_G"]},{"damage_healed":0,"gold_gain":0,"player_choice":"Memory 3","damage_taken":10,"max_hp_gain":0,"max_hp_loss":0,"event_name":"SensoryStone","floor":36,"gold_loss":0},{"cards_removed":["Flying Knee"],"damage_healed":0,"gold_gain":0,"player_choice":"Removed Attack","damage_taken":0,"max_hp_gain":0,"max_hp_loss":0,"event_name":"Falling","floor":39,"gold_loss":0}],"is_beta":false,"boss_relics":[{"not_picked":["Empty Cage","Runic Dome"],"picked":"Cursed Key"},{"not_picked":["Coffee Dripper","Tiny House"],"picked":"Sozu"}],"items_purged_floors":[45,48],"is_endless":false,"potions_floor_spawned":[4,7,11,18,29,30,31,33,40,42],"ascension_level":0}