{"gold_per_floor":[113,113,126,140,160,193,193,193,244,257,257,269,331,12,12,114,114,129,145,685,705,715,743,743,777,804,834,368,382,126,144,144,242,242,262,317,329,339,351,70,103,103,103,123,152,152,169,202,202,202,202,202,51,86,86],"floor_reached":55,"playtime":4155,"items_purged":["Parasite","Strike_R","Parasite"],"score":1100,"play_id":"59fdc00f-cd26-4cc1-86b7-9e55cfcea1b1","local_time":"20190720122631","is_ascension_mode":true,"campfire_choices":[{"floor":7,"key":"REST"},{"data":"Battle Trance","floor":11,"key":"SMITH"},{"floor":15,"key":"REST"},{"floor":24,"key":"REST"},{"floor":32,"key":"RECALL"},{"data":"Apotheosis","floor":42,"key":"SMITH"},{"floor":49,"key":"REST"},{"floor":52,"key":"REST"}],"neow_cost":"CURSE","seed_source_timestamp":2738164188095,"circlet_count":0,"master_deck":["Strike_R+1","Strike_R","Strike_R+1","Strike_R","Defend_R","Defend_R","Defend_R+1","Bash","Demon Form+1","Battle Trance+1","Shrug It Off","Ghostly Armor","Blood for Blood","Perfected Strike","Apotheosis+1","Shockwave","Reaper","True Grit+1","Offering","Seeing Red","Shrug It Off+1","Havoc+1","Bloodletting+1","Flame Barrier","Pommel Strike+1","Battle Trance+1","Burning Pact","Shockwave+1"],"relics":["Burning Blood","Mummified Hand","Orichalcum","Dream Catcher","Whetstone","Sozu","Gremlin Horn","Juzu Bracelet","Vajra","Happy Flower","Question Card","Anchor","Busted Crown","Incense Burner","Regal Pillow","Lantern","War Paint","Centennial Puzzle","Strawberry","Red Skull","Pen Nib"],"potions_floor_usage":[21,21,22],"damage_taken":[{"damage":13,"enemies":"Jaw Worm","floor":1,"turns":4},{"damage":6,"enemies":"Cultist","floor":3,"turns":4},{"damage":15,"enemies":"Small Slimes","floor":4,"turns":5},{"damage":8,"enemies":"Blue Slaver","floor":5,"turns":4},{"damage":34,"enemies":"Gremlin Nob","floor":6,"turns":5},{"damage":13,"enemies":"Gremlin Gang","floor":10,"turns":6},{"damage":10,"enemies":"Looter","floor":12,"turns":3},{"damage":23,"enemies":"Lagavulin Event","floor":13,"turns":5},{"damage":18,"enemies":"Hexaghost","floor":16,"turns":6},{"damage":6,"enemies":"Chosen","floor":18,"turns":6},{"damage":17,"enemies":"Shell Parasite","floor":19,"turns":5},{"damage":17,"enemies":"Snake Plant","floor":21,"turns":4},{"damage":28,"enemies":"3 Cultists","floor":22,"turns":6},{"damage":30,"enemies":"Slavers","floor":23,"turns":6},{"damage":23,"enemies":"Gremlin Leader","floor":25,"turns":6},{"damage":23,"enemies":"Book of Stabbing","floor":27,"turns":6},{"damage":22,"enemies":"Sentry and Sphere","floor":29,"turns":4},{"damage":9,"enemies":"Chosen and Byrds","floor":31,"turns":3},{"damage":17,"enemies":"Collector","floor":33,"turns":9},{"damage":9,"enemies":"Orb Walker","floor":35,"turns":4},{"damage":44,"enemies":"2 Orb Walkers","floor":36,"turns":5},{"damage":34,"enemies":"3 Shapes","floor":37,"turns":6},{"damage":2,"enemies":"Writhing Mass","floor":38,"turns":6},{"damage":26,"enemies":"3 Darklings","floor":39,"turns":6},{"damage":4,"enemies":"Giant Head","floor":41,"turns":7},{"damage":25,"enemies":"Transient","floor":44,"turns":5},{"damage":38,"enemies":"Reptomancer","floor":45,"turns":7},{"damage":6,"enemies":"Maw","floor":47,"turns":6},{"damage":9,"enemies":"Nemesis","floor":48,"turns":5},{"damage":37,"enemies":"Awakened One","floor":50,"turns":8},{"damage":48,"enemies":"Shield and Spear","floor":54,"turns":6},{"damage":73,"enemies":"The Heart","floor":55,"turns":3}],"seed_played":"-160369465386404460","potions_obtained":[{"floor":4,"key":"EssenceOfSteel"},{"floor":6,"key":"Poison Potion"},{"floor":10,"key":"SpeedPotion"},{"floor":12,"key":"Swift Potion"},{"floor":16,"key":"BloodPotion"}],"is_trial":false,"path_per_floor":["M","?","M","M","M","E","R","?","T","M","R","M","?","$","R","B",null,"M","M","?","M","M","E","R","E","T","E","$","M","$","M","R","B",null,"M","?","M","M","M","$","E","R","T","M","E","?","M","E","R","B",null,"R","$","E","B"],"character_chosen":"IRONCLAD","items_purchased":["Apotheosis","Whetstone","Happy Flower","Question Card","Anchor","Regal Pillow","Red Skull"],"campfire_rested":5,"item_purchase_floors":[14,14,28,28,30,40,53],"current_hp_per_floor":[65,65,65,56,54,26,50,50,50,43,43,39,22,22,46,34,69,79,78,22,31,51,44,68,76,76,80,77,66,66,77,77,66,74,77,45,38,58,47,47,74,74,74,55,45,45,67,78,81,68,78,81,81,57,0],"gold":86,"neow_bonus":"THREE_RARE_CARDS","is_prod":false,"is_daily":false,"chose_seed":false,"campfire_upgraded":2,"win_rate":0,"timestamp":1563618391,"path_taken":["M","?","?","M","M","E","R","?","T","?","R","M","?","$","R","BOSS","M","M","?","M","M","E","R","E","T","E","$","M","$","M","R","BOSS","M","?","M","M","M","$","E","R","T","M","E","?","M","E","R","BOSS","R","$","E","BOSS"],"build_version":"2019-07-17","purchased_purges":3,"victory":false,"max_hp_per_floor":[80,80,80,80,80,80,80,80,80,80,80,80,80,80,80,80,80,80,80,80,80,80,80,80,80,80,80,77,77,77,77,77,77,77,77,77,77,77,77,74,74,74,74,74,74,74,74,81,81,81,81,81,81,81,81],"card_choices":[{"not_picked":["Juggernaut","Immolate"],"picked":"Demon Form","floor":0},{"not_picked":["True Grit","Clash","Metallicize"],"picked":"SKIP","floor":1},{"not_picked":["Wild Strike","Sword Boomerang"],"picked":"Battle Trance","floor":3},{"not_picked":["Headbutt","Twin Strike"],"picked":"Shrug It Off","floor":4},{"not_picked":["Pommel Strike","Fire Breathing","Warcry"],"picked":"SKIP","floor":5},{"not_picked":["Brutality","Headbutt"],"picked":"Ghostly Armor","floor":6},{"not_picked":["Combust","Heavy Blade"],"picked":"Perfected Strike","floor":10},{"not_picked":["Rage","True Grit","Warcry"],"picked":"SKIP","floor":12},{"not_picked":["True Grit","Wild Strike"],"picked":"Shockwave","floor":15},{"not_picked":["Limit Break","Demon Form"],"picked":"Reaper","floor":16},{"not_picked":["Flex+1","Warcry","Blood for Blood"],"picked":"SKIP","floor":18},{"not_picked":["Headbutt","Reckless Charge+1"],"picked":"Clothesline+1","floor":19},{"not_picked":["Sword Boomerang","Sever Soul"],"picked":"True Grit+1","floor":21},{"not_picked":["Infernal Blade","Anger"],"picked":"Offering","floor":22},{"not_picked":["Pummel+1","Evolve"],"picked":"Seeing Red","floor":23},{"not_picked":["Pummel","Heavy Blade+1"],"picked":"Shrug It Off+1","floor":24},{"not_picked":["True Grit","Bloodletting","Spot Weakness+1"],"picked":"SKIP","floor":25},{"not_picked":["Searing Blow","Flex"],"picked":"Havoc","floor":27},{"not_picked":["Inflame","Flex","Armaments+1"],"picked":"Bloodletting+1","floor":29},{"not_picked":["Battle Trance","Cleave","Twin Strike+1"],"picked":"Flame Barrier","floor":31},{"not_picked":["Wild Strike","Fire Breathing+1"],"picked":"SKIP","floor":35},{"not_picked":["Perfected Strike"],"picked":"Pommel Strike+1","floor":36},{"not_picked":["Sword Boomerang+1","Fiend Fire"],"picked":"SKIP","floor":37},{"not_picked":["True Grit","Thunderclap"],"picked":"SKIP","floor":38},{"not_picked":["Sever Soul+1","Spot Weakness+1"],"picked":"SKIP","floor":39},{"not_picked":["Clothesline+1","Iron Wave+1"],"picked":"SKIP","floor":41},{"not_picked":["Anger","Body Slam+1"],"picked":"SKIP","floor":44},{"not_picked":["Heavy Blade","Hemokinesis+1"],"picked":"SKIP","floor":45},{"not_picked":["Rage+1"],"picked":"Battle Trance+1","floor":47},{"not_picked":["Perfected Strike+1","Blood for Blood"],"picked":"SKIP","floor":48},{"not_picked":["Spot Weakness"],"picked":"Burning Pact","floor":49},{"not_picked":["Flex+1"],"picked":"Shockwave+1","floor":54}],"player_experience":175171,"relics_obtained":[{"floor":6,"key":"Mummified Hand"},{"floor":9,"key":"Orichalcum"},{"floor":13,"key":"Dream Catcher"},{"floor":23,"key":"Gremlin Horn"},{"floor":25,"key":"Juzu Bracelet"},{"floor":27,"key":"Vajra"},{"floor":36,"key":"Incense Burner"},{"floor":41,"key":"Lantern"},{"floor":43,"key":"War Paint"},{"floor":45,"key":"Centennial Puzzle"},{"floor":48,"key":"Strawberry"},{"floor":54,"key":"Pen Nib"}],"event_choices":[{"damage_healed":0,"gold_gain":0,"player_choice":"Upgraded","damage_taken":0,"max_hp_gain":0,"max_hp_loss":0,"event_name":"Upgrade Shrine","floor":2,"gold_loss":0,"cards_upgraded":["Demon Form"]},{"damage_healed":0,"gold_gain":0,"cards_transformed":["Defend_R"],"player_choice":"Transformed","damage_taken":0,"max_hp_gain":0,"max_hp_loss":0,"event_name":"Transmorgrifier","floor":8,"gold_loss":0,"cards_obtained":["Blood for Blood"]},{"damage_healed":0,"gold_gain":30,"player_choice":"Searched \u00272\u0027 times","damage_taken":0,"max_hp_gain":0,"max_hp_loss":0,"event_name":"Dead Adventurer","floor":13,"gold_loss":0},{"damage_healed":0,"gold_gain":540,"player_choice":"GOLD GOLD GOLD GOLD GOLD GOLD ","damage_taken":56,"max_hp_gain":0,"max_hp_loss":0,"event_name":"Knowing Skull","floor":20,"potions_obtained":[],"gold_loss":0,"cards_obtained":[]},{"damage_healed":0,"gold_gain":0,"player_choice":"Fight","damage_taken":0,"max_hp_gain":0,"max_hp_loss":0,"event_name":"Mysterious Sphere","floor":36,"gold_loss":0},{"cards_removed":["Clothesline"],"damage_healed":0,"gold_gain":0,"player_choice":"Removed Attack","damage_taken":0,"max_hp_gain":0,"max_hp_loss":0,"event_name":"Falling","floor":46,"gold_loss":0}],"is_beta":false,"boss_relics":[{"not_picked":["Lizard Tail","Pandora\u0027s Box"],"picked":"Sozu"},{"not_picked":["Tiny House","Orrery"],"picked":"Busted Crown"}],"items_purged_floors":[28,30,40],"is_endless":false,"potions_floor_spawned":[4,6,10,12,16,22,25,27,29,31,33,37,45,47,48],"killed_by":"The Heart","ascension_level":7}