{"gold_per_floor":[115,115,47,47,67,94,94,128,128,128,143,143,191,211,211,312,312,326,71,71,85,100,100,114,39,39,39,39,39,55,55],"floor_reached":31,"playtime":1062,"items_purged":["Strike_R"],"score":292,"play_id":"1c610344-c835-4c61-bbf2-9db8014c51c9","local_time":"20190720180536","is_ascension_mode":true,"campfire_choices":[{"floor":7,"key":"REST"},{"floor":12,"key":"REST"},{"floor":15,"key":"REST"},{"floor":23,"key":"REST"},{"floor":28,"key":"REST"}],"neow_cost":"NONE","seed_source_timestamp":252559623325790,"circlet_count":0,"master_deck":["Strike_R","Strike_R","Strike_R","Strike_R","Defend_R","Defend_R+1","Defend_R","Defend_R","Bash","Whirlwind","Inflame","Anger+1","Flame Barrier","Demon Form","Burning Pact"],"relics":["Burning Blood","Bag of Preparation","Bottled Flame","Mummified Hand","Pantograph","Bronze Scales","Mark of Pain","Singing Bowl","Ornamental Fan","Matryoshka"],"potions_floor_usage":[16,16,16,22],"damage_taken":[{"damage":5,"enemies":"Small Slimes","floor":1,"turns":3},{"damage":14,"enemies":"Jaw Worm","floor":5,"turns":3},{"damage":70,"enemies":"Lagavulin","floor":6,"turns":7},{"damage":20,"enemies":"Gremlin Nob","floor":8,"turns":4},{"damage":0,"enemies":"2 Louse","floor":11,"turns":1},{"damage":14,"enemies":"Blue Slaver","floor":14,"turns":2},{"damage":22,"enemies":"The Guardian","floor":16,"turns":10},{"damage":8,"enemies":"Chosen","floor":18,"turns":5},{"damage":34,"enemies":"2 Thieves","floor":21,"turns":4},{"damage":30,"enemies":"Centurion and Healer","floor":22,"turns":5},{"damage":30,"enemies":"Snake Plant","floor":24,"turns":3},{"damage":38,"enemies":"Shelled Parasite and Fungi","floor":30,"turns":6},{"damage":23,"enemies":"3 Cultists","floor":31,"turns":4}],"seed_played":"-7551923614459756704","potions_obtained":[{"floor":1,"key":"Dexterity Potion"},{"floor":5,"key":"Swift Potion"},{"floor":11,"key":"Energy Potion"},{"floor":16,"key":"SkillPotion"},{"floor":18,"key":"Poison Potion"}],"is_trial":false,"path_per_floor":["M","?","$","$","M","E","R","E","T","?","M","R","T","M","R","B",null,"M","$","?","M","M","R","M","$","T","?","R","$","M","M"],"character_chosen":"IRONCLAD","items_purchased":["Inflame","Singing Bowl"],"campfire_rested":5,"item_purchase_floors":[3,19],"current_hp_per_floor":[80,80,80,80,72,8,32,18,18,2,8,32,32,24,48,57,80,78,78,78,52,28,52,28,28,28,28,52,52,22,0],"gold":55,"neow_bonus":"RANDOM_COMMON_RELIC","is_prod":false,"is_daily":false,"chose_seed":false,"campfire_upgraded":0,"win_rate":0,"timestamp":1563671136,"path_taken":["M","?","?","$","M","E","R","E","T","?","M","R","?","?","R","BOSS","M","$","?","?","M","R","M","?","T","?","R","$","M","M"],"build_version":"2019-07-05","purchased_purges":1,"victory":false,"max_hp_per_floor":[80,80,80,80,80,80,80,80,80,80,80,80,80,80,80,80,80,80,80,80,82,82,82,82,82,82,82,82,82,84,84],"card_choices":[{"not_picked":["Reckless Charge","Anger"],"picked":"Whirlwind","floor":1},{"not_picked":["Combust","Blood for Blood","Carnage"],"picked":"SKIP","floor":5},{"not_picked":["Pummel","Inflame","Sword Boomerang"],"picked":"SKIP","floor":6},{"not_picked":["Shockwave","Shrug It Off"],"picked":"Anger","floor":8},{"not_picked":["Warcry","Twin Strike"],"picked":"Flame Barrier","floor":11},{"not_picked":["Havoc","Berserk","Shrug It Off"],"picked":"SKIP","floor":14},{"not_picked":["Dark Embrace","Impervious"],"picked":"Demon Form","floor":16},{"not_picked":["Shockwave","Warcry","Reckless Charge"],"picked":"SKIP","floor":18},{"not_picked":["Anger","Infernal Blade+1","Thunderclap"],"picked":"Singing Bowl","floor":21},{"not_picked":["Shrug It Off","Sentinel+1"],"picked":"Burning Pact","floor":22},{"not_picked":["Twin Strike+1","Entrench","Pommel Strike"],"picked":"SKIP","floor":24},{"not_picked":["Clothesline","True Grit","Dual Wield+1"],"picked":"Singing Bowl","floor":30}],"player_experience":59270,"relics_obtained":[{"floor":6,"key":"Bottled Flame"},{"floor":8,"key":"Mummified Hand"},{"floor":9,"key":"Pantograph"},{"floor":13,"key":"Bronze Scales"},{"floor":26,"key":"Matryoshka"}],"event_choices":[{"damage_healed":0,"gold_gain":0,"player_choice":"Ignored","damage_taken":0,"max_hp_gain":0,"max_hp_loss":0,"event_name":"Liars Game","floor":2,"gold_loss":0},{"damage_healed":0,"gold_gain":0,"player_choice":"Entered Light","damage_taken":16,"max_hp_gain":0,"max_hp_loss":0,"event_name":"Shining Light","floor":10,"gold_loss":0,"cards_upgraded":["Anger","Defend_R"]},{"damage_healed":0,"gold_gain":0,"player_choice":"Gave Potion","damage_taken":0,"relics_obtained":["Ornamental Fan"],"max_hp_gain":0,"max_hp_loss":0,"event_name":"WeMeetAgain","floor":20,"gold_loss":0},{"damage_healed":0,"gold_gain":0,"player_choice":"Ignored","damage_taken":0,"max_hp_gain":0,"max_hp_loss":0,"event_name":"Ghosts","floor":27,"gold_loss":0}],"is_beta":false,"boss_relics":[{"not_picked":["Busted Crown","White Beast Statue"],"picked":"Mark of Pain"}],"items_purged_floors":[25],"is_endless":false,"potions_floor_spawned":[1,5,11,16,18],"killed_by":"3 Cultists","ascension_level":4}