{"gold_per_floor":[14,26,42,42,66,66,100,100,170,44,60,104,122,137,137,268,268,291,291,21,21,44,44,88,187,187,187,221,239,239,253,253,378,378,396,396,0,48,73,73,86,86,111,111,111,124,124,148,148,148],"floor_reached":50,"playtime":3559,"items_purged":["Strike_R","Doubt"],"score":567,"play_id":"92bb5cc0-5fbf-4d25-9b84-7f3c57f8deb4","local_time":"20181116171034","is_ascension_mode":false,"campfire_choices":[{"data":"Whirlwind","floor":6,"key":"SMITH"},{"floor":8,"key":"REST"},{"data":"Armaments","floor":15,"key":"SMITH"},{"data":"Juggernaut","floor":23,"key":"SMITH"},{"data":"Inflame","floor":27,"key":"SMITH"},{"data":"Bash","floor":30,"key":"SMITH"},{"data":"Juggernaut","floor":32,"key":"SMITH"},{"data":"Offering","floor":40,"key":"SMITH"},{"data":"Shrug It Off","floor":42,"key":"SMITH"},{"data":"Shrug It Off","floor":44,"key":"SMITH"},{"data":"Pommel Strike","floor":47,"key":"SMITH"},{"data":"Reaper","floor":49,"key":"SMITH"}],"neow_cost":"NO_GOLD","seed_source_timestamp":237390287497311,"circlet_count":0,"master_deck":["Strike_R","Strike_R","Strike_R","Strike_R","Defend_R","Defend_R","Defend_R","Defend_R","Bash+1","Feed","Pommel Strike+1","Ghostly Armor+1","Shrug It Off+1","Whirlwind+1","Ghostly Armor+1","Armaments+1","Juggernaut+1","Inflame+1","Shame","Shrug It Off+1","Juggernaut+1","Burning Pact+1","Flame Barrier+1","Offering+1","Headbutt","Flash of Steel","Parasite","Reaper+1"],"relics":["Burning Blood","Golden Idol","FossilizedHelix","Pear","Red Skull","Cursed Key","Chemical X","War Paint","Bronze Scales","Sundial","Matryoshka","Mark of Pain","Happy Flower","Meat on the Bone","Omamori","Dodecahedron","Centennial Puzzle"],"potions_floor_usage":[11,12,16,16,16,24,28,39,41,41,50],"damage_taken":[{"damage":0,"enemies":"Cultist","floor":1,"turns":4},{"damage":4,"enemies":"Small Slimes","floor":2,"turns":5},{"damage":3,"enemies":"Jaw Worm","floor":3,"turns":3},{"damage":14,"enemies":"Large Slime","floor":5,"turns":7},{"damage":28,"enemies":"Gremlin Nob","floor":7,"turns":4},{"damage":5,"enemies":"Exordium Thugs","floor":11,"turns":4},{"damage":11,"enemies":"Lagavulin","floor":12,"turns":10},{"damage":2,"enemies":"Red Slaver","floor":13,"turns":4},{"damage":0,"enemies":"2 Fungi Beasts","floor":14,"turns":3},{"damage":80,"enemies":"Hexaghost","floor":16,"turns":12},{"damage":0,"enemies":"Shell Parasite","floor":18,"turns":8},{"damage":7,"enemies":"Chosen","floor":22,"turns":5},{"damage":21,"enemies":"Slavers","floor":24,"turns":4},{"damage":0,"enemies":"Book of Stabbing","floor":28,"turns":4},{"damage":8,"enemies":"Sentry and Sphere","floor":29,"turns":4},{"damage":17,"enemies":"Snake Plant","floor":31,"turns":4},{"damage":43,"enemies":"Collector","floor":33,"turns":8},{"damage":24,"enemies":"3 Darklings","floor":35,"turns":4},{"damage":0,"enemies":"Orb Walker","floor":39,"turns":2},{"damage":25,"enemies":"Writhing Mass","floor":41,"turns":6},{"damage":0,"enemies":"Jaw Worm Horde","floor":46,"turns":1},{"damage":0,"enemies":"3 Darklings","floor":48,"turns":1},{"damage":109,"enemies":"Donu and Deca","floor":50,"turns":7}],"seed_played":"-6669258271279341809","potions_obtained":[{"floor":1,"key":"Swift Potion"},{"floor":7,"key":"Energy Potion"},{"floor":13,"key":"Fire Potion"},{"floor":14,"key":"FearPotion"},{"floor":22,"key":"Swift Potion"},{"floor":24,"key":"AttackPotion"},{"floor":36,"key":"AttackPotion"},{"floor":36,"key":"Weak Potion"},{"floor":36,"key":"Block Potion"},{"floor":41,"key":"Weak Potion"}],"is_trial":false,"path_per_floor":["M","M","M","?","M","R","E","R","T","$","M","E","M","M","R","B",null,"M","?","$","?","M","R","E","?","T","R","E","M","R","M","R","B",null,"M","?","$","T","M","R","M","R","T","R","?","M","R","M","R","B"],"character_chosen":"IRONCLAD","items_purchased":["PowerPotion","Chemical X","Inflame","Happy Flower","Headbutt","Flash of Steel"],"campfire_rested":1,"item_purchase_floors":[10,20,20,37,37,37],"current_hp_per_floor":[83,86,89,67,62,62,40,67,77,77,81,79,86,95,95,24,117,117,117,117,117,119,119,104,104,104,104,110,108,108,97,97,60,120,102,102,102,102,108,108,89,89,89,89,89,95,95,101,101,0],"gold":148,"neow_bonus":"THREE_RARE_CARDS","is_prod":false,"is_daily":false,"chose_seed":false,"campfire_upgraded":11,"win_rate":0,"timestamp":1542406234,"path_taken":["M","?","M","?","M","R","E","R","T","$","M","E","M","M","R","BOSS","M","?","$","?","M","R","E","?","T","R","E","M","R","M","R","BOSS","M","?","$","?","M","R","?","R","T","R","?","M","R","M","R","BOSS"],"build_version":"2018-11-15","purchased_purges":2,"victory":false,"max_hp_per_floor":[83,86,89,89,92,92,92,92,102,102,105,108,111,114,114,117,117,117,117,117,117,120,120,120,120,120,120,120,120,120,120,120,120,120,120,120,120,120,120,120,120,120,120,120,120,120,120,120,120,120],"card_choices":[{"not_picked":["Fiend Fire","Dark Embrace"],"picked":"Feed","floor":0},{"not_picked":["Battle Trance","Clash"],"picked":"Pommel Strike","floor":1},{"not_picked":["Wild Strike","Burning Pact"],"picked":"Ghostly Armor","floor":2},{"not_picked":["Hemokinesis","Evolve"],"picked":"Shrug It Off","floor":3},{"not_picked":["Heavy Blade","Uppercut"],"picked":"Whirlwind","floor":5},{"not_picked":["Headbutt","Dropkick","Rage"],"picked":"SKIP","floor":7},{"not_picked":["Dropkick","Perfected Strike","Carnage"],"picked":"SKIP","floor":11},{"not_picked":["Dropkick","Feel No Pain","Heavy Blade"],"picked":"SKIP","floor":12},{"not_picked":["Wild Strike","Anger"],"picked":"Ghostly Armor","floor":13},{"not_picked":["Heavy Blade","Bloodletting"],"picked":"Armaments","floor":14},{"not_picked":["Bludgeon","Berserk"],"picked":"Juggernaut","floor":16},{"not_picked":["Armaments","Sword Boomerang","Pommel Strike"],"picked":"SKIP","floor":18},{"not_picked":["Wild Strike","Anger"],"picked":"Shrug It Off","floor":22},{"not_picked":["Whirlwind","Anger","Twin Strike"],"picked":"SKIP","floor":24},{"not_picked":["Anger","Evolve+1"],"picked":"Juggernaut","floor":28},{"not_picked":["Carnage","Havoc+1"],"picked":"Burning Pact+1","floor":29},{"not_picked":["Headbutt","Heavy Blade+1"],"picked":"Flame Barrier+1","floor":31},{"not_picked":["Brutality","Fiend Fire"],"picked":"Offering","floor":33},{"not_picked":["Perfected Strike","Rampage","Cleave+1"],"picked":"SKIP","floor":35},{"not_picked":["Havoc","Ghostly Armor+1","Iron Wave+1"],"picked":"SKIP","floor":39},{"not_picked":["Wild Strike+1","Clash+1","Dual Wield+1"],"picked":"SKIP","floor":41},{"not_picked":["Sentinel+1","Perfected Strike","Clothesline"],"picked":"SKIP","floor":46},{"not_picked":["Thunderclap","Bloodletting"],"picked":"Reaper","floor":48}],"player_experience":2342704,"relics_obtained":[{"floor":7,"key":"FossilizedHelix"},{"floor":9,"key":"Pear"},{"floor":12,"key":"Red Skull"},{"floor":24,"key":"Bronze Scales"},{"floor":26,"key":"Sundial"},{"floor":28,"key":"Matryoshka"},{"floor":38,"key":"Meat on the Bone"},{"floor":38,"key":"Omamori"},{"floor":43,"key":"Dodecahedron"},{"floor":43,"key":"Centennial Puzzle"}],"event_choices":[{"damage_healed":0,"gold_gain":0,"player_choice":"Take Damage","damage_taken":22,"relics_obtained":["Golden Idol"],"max_hp_gain":0,"max_hp_loss":0,"event_name":"Golden Idol","floor":4,"gold_loss":0},{"damage_healed":0,"gold_gain":0,"player_choice":"Ignored","damage_taken":0,"max_hp_gain":0,"max_hp_loss":0,"event_name":"Ghosts","floor":19,"gold_loss":0},{"damage_healed":0,"gold_gain":0,"player_choice":"Stole Relic","damage_taken":0,"relics_obtained":["War Paint"],"max_hp_gain":0,"max_hp_loss":0,"event_name":"Addict","floor":21,"gold_loss":0,"cards_obtained":["Shame"]},{"damage_healed":0,"gold_gain":99,"player_choice":"Stole From Cult","damage_taken":0,"max_hp_gain":0,"max_hp_loss":0,"event_name":"Nest","floor":25,"gold_loss":0},{"damage_healed":0,"gold_gain":0,"player_choice":"Got Potions","damage_taken":0,"max_hp_gain":0,"max_hp_loss":0,"event_name":"Lab","floor":36,"gold_loss":0},{"damage_healed":0,"gold_gain":0,"player_choice":"Ignored","damage_taken":0,"max_hp_gain":0,"max_hp_loss":0,"event_name":"The Moai Head","floor":45,"gold_loss":0}],"is_beta":false,"boss_relics":[{"not_picked":["Runic Dome","Empty Cage"],"picked":"Cursed Key"},{"not_picked":["Black Blood","White Beast Statue"],"picked":"Mark of Pain"}],"items_purged_floors":[10,37],"is_endless":false,"potions_floor_spawned":[1,7,13,14,22,24,41],"killed_by":"Donu and Deca","ascension_level":0}