{"gold_per_floor":[114,114,40,55,70,130,145,175,175,145,175,217,217,189,189,189],"floor_reached":16,"playtime":1104,"items_purged":[],"score":118,"play_id":"9f840440-3f69-4092-a312-937d12348235","local_time":"20190624154501","daily_mods":["Chimera","Hoarder","Binary"],"is_ascension_mode":false,"campfire_choices":[{"floor":15,"key":"REST"}],"neow_cost":"","seed_source_timestamp":0,"circlet_count":0,"master_deck":["Bash","Survivor","Zap","Strike_R","Strike_G","Strike_B","Defend_R","Defend_G","Defend_B","Escape Plan","Escape Plan","Escape Plan","Leg Sweep","Leg Sweep","Leg Sweep","Adrenaline","Adrenaline","Adrenaline","Quick Slash","Quick Slash","Quick Slash"],"special_seed":18071,"relics":["Ring of the Snake","Tiny Chest","Bag of Marbles","Juzu Bracelet","Ninja Scroll","Mummified Hand","Bottled Flame"],"potions_floor_usage":[6,8,16],"damage_taken":[{"damage":0,"enemies":"2 Louse","floor":1,"turns":4},{"damage":1,"enemies":"Small Slimes","floor":4,"turns":5},{"damage":0,"enemies":"Jaw Worm","floor":5,"turns":4},{"damage":12,"enemies":"3 Sentries","floor":6,"turns":10},{"damage":0,"enemies":"3 Louse","floor":7,"turns":5},{"damage":16,"enemies":"Lagavulin","floor":8,"turns":10},{"damage":0,"enemies":"Looter","floor":10,"turns":4},{"damage":5,"enemies":"3 Sentries","floor":11,"turns":11},{"damage":34,"enemies":"Lagavulin Event","floor":12,"turns":10},{"damage":31,"enemies":"Hexaghost","floor":16,"turns":14}],"seed_played":"-4234697861885712264","potions_obtained":[{"floor":1,"key":"Explosive Potion"},{"floor":6,"key":"Energy Potion"},{"floor":12,"key":"Ancient Potion"}],"is_trial":false,"path_per_floor":["M","?","$","M","M","E","M","E","T","M","E","?","T","?","R","B"],"character_chosen":"THE_SILENT","items_purchased":["Leg Sweep"],"campfire_rested":1,"item_purchase_floors":[3],"current_hp_per_floor":[70,75,75,74,74,62,62,46,46,46,41,7,7,7,29,0],"gold":189,"neow_bonus":"","is_prod":false,"is_daily":true,"chose_seed":false,"campfire_upgraded":0,"win_rate":0,"timestamp":1561405501,"path_taken":["M","?","$","M","M","E","M","E","T","M","E","?","?","?","R","BOSS"],"build_version":"2019-01-23","purchased_purges":0,"victory":false,"max_hp_per_floor":[70,75,75,75,75,75,75,75,75,75,75,75,75,75,75,75],"card_choices":[{"not_picked":["Blade Dance"],"picked":"Escape Plan","floor":1},{"not_picked":["Dagger Spray","Outmaneuver"],"picked":"SKIP","floor":4},{"not_picked":["Poisoned Stab","Flechettes"],"picked":"SKIP","floor":5},{"not_picked":["Deadly Poison","Slice"],"picked":"SKIP","floor":6},{"not_picked":["Outmaneuver","Accuracy"],"picked":"SKIP","floor":7},{"not_picked":["Caltrops","Quick Slash"],"picked":"SKIP","floor":8},{"not_picked":["Prepared"],"picked":"Adrenaline","floor":10},{"not_picked":["Unload","Outmaneuver"],"picked":"SKIP","floor":11},{"not_picked":["Flechettes"],"picked":"Quick Slash","floor":12}],"player_experience":3821409,"relics_obtained":[{"floor":6,"key":"Tiny Chest"},{"floor":8,"key":"Bag of Marbles"},{"floor":9,"key":"Juzu Bracelet"},{"floor":11,"key":"Ninja Scroll"},{"floor":12,"key":"Mummified Hand"},{"floor":13,"key":"Bottled Flame"}],"event_choices":[{"damage_healed":0,"gold_gain":0,"player_choice":"Donut","damage_taken":0,"max_hp_gain":5,"max_hp_loss":0,"event_name":"Big Fish","floor":2,"gold_loss":0},{"damage_healed":0,"gold_gain":0,"player_choice":"Searched \u00271\u0027 times","damage_taken":0,"max_hp_gain":0,"max_hp_loss":0,"event_name":"Dead Adventurer","floor":12,"gold_loss":0},{"damage_healed":0,"gold_gain":0,"player_choice":"Left Gold","damage_taken":0,"max_hp_gain":0,"max_hp_loss":0,"event_name":"World of Goop","floor":14,"gold_loss":28}],"is_beta":false,"boss_relics":[],"items_purged_floors":[],"is_endless":false,"potions_floor_spawned":[1,6,12],"killed_by":"Hexaghost","ascension_level":0}