{"gold_per_floor":[110,121,121,134,134,134,166,185,185,185,200,200,200,228,228,332,332,345,55,65,83,96,96,109,109,154,154,171,71,102,121,121,218,218,234,246,246,256,274,274,286,286,286,286,313,332,332,23,23,23],"floor_reached":51,"playtime":2200,"items_purged":["Strike_R","Strike_R","Strike_R"],"score":761,"play_id":"138a7be0-2d2d-4224-9b34-d122b03c01c9","local_time":"20190716160712","is_ascension_mode":false,"campfire_choices":[{"data":"Bash","floor":6,"key":"SMITH"},{"data":"Uppercut","floor":13,"key":"SMITH"},{"data":"Twin Strike","floor":15,"key":"SMITH"},{"data":"Inflame","floor":23,"key":"SMITH"},{"data":"Flex","floor":25,"key":"SMITH"},{"data":"Limit Break","floor":32,"key":"SMITH"},{"floor":40,"key":"REST"},{"floor":42,"key":"REST"},{"floor":47,"key":"REST"},{"floor":49,"key":"RECALL"}],"neow_cost":"NONE","seed_source_timestamp":486945611592457,"circlet_count":0,"master_deck":["Strike_R","Defend_R","Defend_R","Defend_R","Defend_R","Bash+1","Twin Strike+1","Twin Strike","Headbutt","Flex+1","Uppercut+1","Immolate","Shrug It Off+1","Inflame+1","Body Slam+1","Armaments+1","Warcry+1","Limit Break+1","Intimidate","Barricade","Clothesline","Anger+1","Disarm","Heavy Blade","Ghostly Armor","True Grit+1","Iron Wave+1","Impervious"],"relics":["Burning Blood","PreservedInsect","Ginger","Kunai","Bottled Lightning","Darkstone Periapt","Philosopher\u0027s Stone","Bronze Scales","Blood Vial","Enchiridion","Anchor","Fusion Hammer","Boot","Happy Flower","Vajra","Charon\u0027s Ashes"],"potions_floor_usage":[8,16,30,33,50,50,50],"damage_taken":[{"damage":6,"enemies":"Cultist","floor":1,"turns":3},{"damage":0,"enemies":"Small Slimes","floor":2,"turns":2},{"damage":0,"enemies":"2 Louse","floor":4,"turns":2},{"damage":14,"enemies":"Gremlin Nob","floor":7,"turns":3},{"damage":10,"enemies":"Looter","floor":8,"turns":3},{"damage":9,"enemies":"Lots of Slimes","floor":11,"turns":5},{"damage":16,"enemies":"Lagavulin","floor":14,"turns":4},{"damage":40,"enemies":"Slime Boss","floor":16,"turns":10},{"damage":7,"enemies":"Chosen","floor":18,"turns":3},{"damage":25,"enemies":"Spheric Guardian","floor":20,"turns":4},{"damage":0,"enemies":"Centurion and Healer","floor":21,"turns":3},{"damage":14,"enemies":"Sentry and Sphere","floor":22,"turns":4},{"damage":8,"enemies":"Shelled Parasite and Fungi","floor":24,"turns":3},{"damage":4,"enemies":"Centurion and Healer","floor":28,"turns":4},{"damage":14,"enemies":"Slavers","floor":30,"turns":3},{"damage":0,"enemies":"Snake Plant","floor":31,"turns":2},{"damage":26,"enemies":"Collector","floor":33,"turns":5},{"damage":9,"enemies":"3 Darklings","floor":35,"turns":7},{"damage":0,"enemies":"Orb Walker","floor":36,"turns":2},{"damage":17,"enemies":"3 Darklings","floor":38,"turns":5},{"damage":18,"enemies":"Sphere and 2 Shapes","floor":39,"turns":4},{"damage":10,"enemies":"Transient","floor":41,"turns":5},{"damage":0,"enemies":"Nemesis","floor":45,"turns":5},{"damage":10,"enemies":"Jaw Worm Horde","floor":46,"turns":4},{"damage":22,"enemies":"Awakened One","floor":50,"turns":8}],"seed_played":"-2014576763714437048","potions_obtained":[{"floor":4,"key":"Fruit Juice"},{"floor":8,"key":"Poison Potion"},{"floor":16,"key":"Ancient Potion"},{"floor":18,"key":"Explosive Potion"},{"floor":21,"key":"SpeedPotion"},{"floor":31,"key":"Regen Potion"},{"floor":33,"key":"FearPotion"},{"floor":39,"key":"Ancient Potion"},{"floor":41,"key":"Strength Potion"}],"is_trial":false,"path_per_floor":["M","M","?","M","?","R","E","M","T","?","M","T","R","E","R","B",null,"M","$","M","M","M","R","M","R","T","?","M","$","E","M","R","B",null,"M","M","?","M","M","R","M","R","T","T","E","M","R","$","R","B",null],"character_chosen":"IRONCLAD","items_purchased":["Inflame","Bronze Scales","PowerPotion","Impervious"],"campfire_rested":3,"item_purchase_floors":[19,19,48,48],"current_hp_per_floor":[80,80,85,85,85,85,77,78,78,78,75,75,75,65,65,31,90,89,89,70,76,68,68,66,66,66,50,54,54,48,56,56,52,90,87,90,90,79,69,90,86,90,90,90,90,86,90,90,90,74],"gold":23,"neow_bonus":"RANDOM_COMMON_RELIC","is_prod":false,"is_daily":false,"chose_seed":false,"campfire_upgraded":6,"win_rate":0,"timestamp":1563307632,"path_taken":["M","M","?","M","?","R","E","M","T","?","M","?","R","E","R","BOSS","M","?","M","?","M","R","M","R","T","?","M","$","E","M","R","BOSS","M","M","?","?","M","R","M","R","T","?","E","M","R","$","R","BOSS"],"build_version":"2019-07-05","purchased_purges":3,"victory":true,"max_hp_per_floor":[80,80,85,85,85,85,85,90,90,90,90,90,90,90,90,90,90,90,90,90,90,90,90,90,90,90,90,90,90,90,90,90,90,90,90,90,90,90,90,90,90,90,90,90,90,90,90,90,90,90],"card_choices":[{"not_picked":["Heavy Blade","Thunderclap"],"picked":"Twin Strike","floor":1},{"not_picked":["Warcry","Armaments"],"picked":"Twin Strike","floor":2},{"not_picked":["Thunderclap","Rage","Body Slam"],"picked":"SKIP","floor":4},{"not_picked":["Rage","Exhume"],"picked":"Headbutt","floor":7},{"not_picked":["Cleave","Sword Boomerang"],"picked":"Flex","floor":8},{"not_picked":["Havoc","Anger"],"picked":"Uppercut","floor":11},{"not_picked":["True Grit","Havoc","Thunderclap"],"picked":"SKIP","floor":14},{"not_picked":["Juggernaut","Offering"],"picked":"Immolate","floor":16},{"not_picked":["Warcry","Anger"],"picked":"Shrug It Off+1","floor":18},{"not_picked":["Cleave","Uppercut"],"picked":"Body Slam+1","floor":20},{"not_picked":["Seeing Red","Sword Boomerang"],"picked":"Armaments+1","floor":21},{"not_picked":["Anger","Perfected Strike","Uppercut"],"picked":"SKIP","floor":22},{"not_picked":["Headbutt","Anger"],"picked":"Warcry+1","floor":24},{"not_picked":["Entrench+1","Shrug It Off"],"picked":"Limit Break","floor":28},{"not_picked":["Twin Strike","Havoc+1","Wild Strike"],"picked":"SKIP","floor":30},{"not_picked":["Body Slam","Corruption"],"picked":"Intimidate","floor":31},{"not_picked":["Bludgeon","Limit Break"],"picked":"Barricade","floor":33},{"not_picked":["Twin Strike+1","Perfected Strike+1"],"picked":"Clothesline","floor":35},{"not_picked":["Warcry","Searing Blow"],"picked":"Anger+1","floor":36},{"not_picked":["Shrug It Off","Armaments"],"picked":"Disarm","floor":38},{"not_picked":["Thunderclap+1","Rage"],"picked":"Heavy Blade","floor":39},{"not_picked":["Demon Form","Dual Wield"],"picked":"Ghostly Armor","floor":41},{"not_picked":["Pommel Strike+1","Headbutt+1"],"picked":"True Grit+1","floor":45},{"not_picked":["Dual Wield+1","Spot Weakness+1"],"picked":"Iron Wave+1","floor":46}],"player_experience":3984420,"relics_obtained":[{"floor":7,"key":"Ginger"},{"floor":9,"key":"Kunai"},{"floor":12,"key":"Bottled Lightning"},{"floor":14,"key":"Darkstone Periapt"},{"floor":26,"key":"Blood Vial"},{"floor":27,"key":"Enchiridion"},{"floor":30,"key":"Anchor"},{"floor":43,"key":"Happy Flower"},{"floor":44,"key":"Vajra"},{"floor":45,"key":"Charon\u0027s Ashes"}],"event_choices":[{"damage_healed":0,"gold_gain":0,"player_choice":"Donut","damage_taken":0,"max_hp_gain":5,"max_hp_loss":0,"event_name":"Big Fish","floor":3,"gold_loss":0},{"cards_removed":["Strike_R"],"damage_healed":0,"gold_gain":0,"player_choice":"Forget","damage_taken":0,"max_hp_gain":0,"max_hp_loss":0,"event_name":"Living Wall","floor":5,"gold_loss":0},{"damage_healed":0,"gold_gain":0,"player_choice":"Ignored","damage_taken":0,"max_hp_gain":0,"max_hp_loss":0,"event_name":"Liars Game","floor":10,"gold_loss":0},{"damage_healed":0,"gold_gain":0,"player_choice":"Obtained Book","damage_taken":16,"max_hp_gain":0,"max_hp_loss":0,"event_name":"Cursed Tome","floor":27,"gold_loss":0},{"damage_healed":0,"gold_gain":0,"player_choice":"Gave Potion","damage_taken":0,"relics_obtained":["Boot"],"max_hp_gain":0,"max_hp_loss":0,"event_name":"WeMeetAgain","floor":37,"gold_loss":0}],"is_beta":false,"boss_relics":[{"not_picked":["Busted Crown","White Beast Statue"],"picked":"Philosopher\u0027s Stone"},{"not_picked":["Runic Dome","Black Blood"],"picked":"Fusion Hammer"}],"items_purged_floors":[19,29,48],"is_endless":false,"potions_floor_spawned":[4,8,16,18,21,28,31,33,39,41,45,46],"ascension_level":0}