{"gold_per_floor":[114,129,144,159,9,39,39,69,69,99,111,138,180,192,204,341,353,384,396,427,281,300,300,338,357,382,420,345,383,33,71,71,196,196,215,234,34,53,53,91,91,129,154,192,123,123,142,161,161,161],"floor_reached":51,"playtime":5271,"items_purged":["Strike_G"],"score":1148,"play_id":"1aaa8c38-9420-4768-8801-6e8e620f89e8","local_time":"20190615142137","daily_mods":["Specialized","ControlledChaos","Elite Swarm"],"is_ascension_mode":false,"campfire_choices":[{"data":"Malaise","floor":15,"key":"SMITH"},{"data":"Footwork","floor":23,"key":"SMITH"},{"data":"After Image","floor":32,"key":"SMITH"},{"data":"1","floor":49,"key":"LIFT"}],"neow_cost":"","seed_source_timestamp":0,"circlet_count":0,"master_deck":["Defend_G","Defend_G","Defend_G","Defend_G","Defend_G","Strike_G","Strike_G","Survivor","Neutralize","Venomology","Venomology","Venomology","Venomology","Dash","PiercingWail","Malaise+1","Corpse Explosion","After Image+1","Backflip","Flash of Steel","Footwork+1","Acrobatics+1","Adrenaline","Dodge and Roll+1","Noxious Fumes"],"special_seed":18062,"relics":["Ring of the Snake","Frozen Eye","Juzu Bracelet","Anchor","Unceasing Top","FossilizedHelix","MawBank","Singing Bowl","Golden Idol","Snecko Eye","Orichalcum","Happy Flower","Tingsha","Peace Pipe","Pocketwatch","Mercury Hourglass","WristBlade","Lee\u0027s Waffle","Girya","Calipers","Pen Nib","Bag of Preparation","Bronze Scales"],"potions_floor_usage":[4,4,6,6,6,8,8,8,8,8,10,10,10,10,12,12,13,16,18,18,20,24,24,24,24,25,27,27,29,29,29,31,33,33,35,35,36,36,40,42,42,42,46,46,48,48,48,48,50,50,50,50],"damage_taken":[{"damage":2,"enemies":"Cultist","floor":1,"turns":6},{"damage":0,"enemies":"2 Louse","floor":2,"turns":3},{"damage":0,"enemies":"Small Slimes","floor":3,"turns":5},{"damage":8,"enemies":"2 Fungi Beasts","floor":4,"turns":4},{"damage":26,"enemies":"Lagavulin","floor":6,"turns":6},{"damage":7,"enemies":"3 Sentries","floor":8,"turns":6},{"damage":3,"enemies":"Gremlin Nob","floor":10,"turns":5},{"damage":0,"enemies":"Exordium Thugs","floor":12,"turns":4},{"damage":0,"enemies":"3 Sentries","floor":13,"turns":3},{"damage":15,"enemies":"Slime Boss","floor":16,"turns":9},{"damage":0,"enemies":"Chosen","floor":18,"turns":5},{"damage":0,"enemies":"3 Byrds","floor":20,"turns":6},{"damage":6,"enemies":"Snake Plant","floor":22,"turns":5},{"damage":10,"enemies":"Gremlin Leader","floor":24,"turns":6},{"damage":0,"enemies":"3 Cultists","floor":25,"turns":3},{"damage":1,"enemies":"Book of Stabbing","floor":27,"turns":7},{"damage":0,"enemies":"Slavers","floor":29,"turns":3},{"damage":0,"enemies":"Book of Stabbing","floor":31,"turns":5},{"damage":0,"enemies":"Automaton","floor":33,"turns":8},{"damage":0,"enemies":"Orb Walker","floor":35,"turns":4},{"damage":8,"enemies":"3 Darklings","floor":36,"turns":3},{"damage":3,"enemies":"Maw","floor":38,"turns":8},{"damage":0,"enemies":"Reptomancer","floor":40,"turns":6},{"damage":0,"enemies":"Giant Head","floor":42,"turns":10},{"damage":0,"enemies":"Nemesis","floor":44,"turns":7},{"damage":0,"enemies":"Giant Head","floor":46,"turns":6},{"damage":14,"enemies":"Transient","floor":47,"turns":5},{"damage":0,"enemies":"Spire Growth","floor":48,"turns":4},{"damage":30,"enemies":"Donu and Deca","floor":50,"turns":5}],"seed_played":"9183149745965414246","potions_obtained":[{"floor":4,"key":"Fire Potion"},{"floor":8,"key":"PowerPotion"},{"floor":13,"key":"AttackPotion"},{"floor":16,"key":"Fire Potion"},{"floor":24,"key":"Fire Potion"},{"floor":27,"key":"Strength Potion"},{"floor":35,"key":"Swift Potion"},{"floor":44,"key":"PowerPotion"}],"is_trial":false,"path_per_floor":["M","M","M","M","$","E","?","E","T","E","?","M","E","?","R","B",null,"M","?","M","$","M","R","E","M","T","E","?","E","$","E","R","B",null,"M","M","$","M","?","E","$","E","T","E","?","E","M","M","R","B",null],"character_chosen":"THE_SILENT","items_purchased":["Juzu Bracelet","Flash of Steel","Pocketwatch","Fire Potion","Lee\u0027s Waffle"],"campfire_rested":0,"item_purchase_floors":[5,21,30,30,37],"current_hp_per_floor":[68,68,68,60,60,34,57,50,50,47,80,80,82,76,76,61,76,78,78,78,78,72,72,64,64,64,65,65,74,74,76,76,78,86,86,80,95,94,94,96,96,98,98,100,100,100,88,102,102,72],"gold":161,"neow_bonus":"","is_prod":false,"is_daily":true,"chose_seed":false,"campfire_upgraded":3,"win_rate":0,"timestamp":1560622897,"path_taken":["M","M","M","?","$","E","?","E","T","E","?","M","E","?","R","BOSS","M","?","M","$","M","R","E","M","T","E","?","E","$","E","R","BOSS","M","M","$","M","?","E","$","E","T","E","?","E","M","M","R","BOSS"],"build_version":"2019-01-23","purchased_purges":1,"victory":true,"max_hp_per_floor":[70,70,70,70,70,70,70,70,70,70,80,80,82,76,76,76,76,78,78,78,78,78,78,80,80,80,82,82,82,82,84,84,86,86,86,88,95,97,97,99,99,101,101,103,103,103,105,105,105,105],"card_choices":[{"not_picked":["Prepared","Choke"],"picked":"Dash","floor":1},{"not_picked":["Distraction","Prepared"],"picked":"PiercingWail","floor":2},{"not_picked":["Distraction","Outmaneuver","Finisher"],"picked":"SKIP","floor":3},{"not_picked":["Flying Knee","Choke","Deflect"],"picked":"SKIP","floor":4},{"not_picked":["Unload","Phantasmal Killer","A Thousand Cuts"],"picked":"SKIP","floor":6},{"not_picked":["Storm of Steel","Night Terror"],"picked":"Malaise","floor":8},{"not_picked":["Unload","Glass Knife"],"picked":"Corpse Explosion","floor":10},{"not_picked":["Deflect","Poisoned Stab","Setup"],"picked":"SKIP","floor":12},{"not_picked":["Tools of the Trade","Malaise","Doppelganger"],"picked":"Singing Bowl","floor":13},{"not_picked":["Phantasmal Killer","Venomology"],"picked":"After Image","floor":16},{"not_picked":["Finisher","Underhanded Strike","Choke"],"picked":"Singing Bowl","floor":18},{"not_picked":["Deadly Poison+1","Sucker Punch"],"picked":"Backflip","floor":20},{"not_picked":["Deflect+1","Dagger Throw"],"picked":"Footwork","floor":22},{"not_picked":["A Thousand Cuts","Corpse Explosion","Phantasmal Killer"],"picked":"Singing Bowl","floor":24},{"not_picked":["Flying Knee+1","Prepared"],"picked":"Acrobatics+1","floor":25},{"not_picked":["Die Die Die","Grand Finale","Corpse Explosion"],"picked":"Singing Bowl","floor":27},{"not_picked":["Night Terror","Doppelganger"],"picked":"Adrenaline","floor":29},{"not_picked":["After Image","Die Die Die","Tools of the Trade"],"picked":"Singing Bowl","floor":31},{"not_picked":["Doppelganger","Phantasmal Killer","Unload"],"picked":"Singing Bowl","floor":33},{"not_picked":["Endless Agony+1","Escape Plan"],"picked":"Dodge and Roll+1","floor":35},{"not_picked":["Flying Knee","Eviscerate","Deflect+1"],"picked":"Singing Bowl","floor":36},{"not_picked":["Quick Slash","Deadly Poison","Blade Dance"],"picked":"Singing Bowl","floor":38},{"not_picked":["Wraith Form v2","A Thousand Cuts","Night Terror"],"picked":"Singing Bowl","floor":40},{"not_picked":["Grand Finale","Night Terror","Glass Knife"],"picked":"Singing Bowl","floor":42},{"not_picked":["Burst","Corpse Explosion","Doppelganger"],"picked":"Singing Bowl","floor":44},{"not_picked":["Quick Slash+1","Bane+1","Escape Plan"],"picked":"Singing Bowl","floor":47},{"not_picked":["Dagger Throw+1","Reflex+1"],"picked":"Noxious Fumes","floor":48}],"player_experience":3751655,"relics_obtained":[{"floor":6,"key":"Anchor"},{"floor":8,"key":"Unceasing Top"},{"floor":9,"key":"FossilizedHelix"},{"floor":10,"key":"MawBank"},{"floor":13,"key":"Singing Bowl"},{"floor":24,"key":"Orichalcum"},{"floor":26,"key":"Happy Flower"},{"floor":27,"key":"Tingsha"},{"floor":29,"key":"Peace Pipe"},{"floor":31,"key":"Mercury Hourglass"},{"floor":40,"key":"Girya"},{"floor":42,"key":"Calipers"},{"floor":43,"key":"Pen Nib"},{"floor":44,"key":"Bag of Preparation"}],"event_choices":[{"damage_healed":23,"gold_gain":0,"player_choice":"Banana","damage_taken":0,"max_hp_gain":0,"max_hp_loss":0,"event_name":"Big Fish","floor":7,"gold_loss":0},{"cards_removed":["Venomology"],"damage_healed":23,"gold_gain":0,"player_choice":"Offered Rare","damage_taken":0,"max_hp_gain":10,"max_hp_loss":0,"event_name":"Bonfire Elementals","floor":11,"gold_loss":0},{"damage_healed":0,"gold_gain":0,"player_choice":"Lose Max HP","damage_taken":0,"relics_obtained":["Golden Idol"],"max_hp_gain":0,"max_hp_loss":6,"event_name":"Golden Idol","floor":14,"gold_loss":0},{"damage_healed":0,"gold_gain":0,"player_choice":"Ignored","damage_taken":0,"max_hp_gain":0,"max_hp_loss":0,"event_name":"N\u0027loth","floor":19,"gold_loss":0},{"cards_removed":["Strike_G"],"damage_healed":0,"gold_gain":0,"player_choice":"Gave Gold","damage_taken":0,"max_hp_gain":0,"max_hp_loss":0,"event_name":"Beggar","floor":28,"gold_loss":75},{"cards_removed":["Strike_G"],"damage_healed":0,"gold_gain":0,"player_choice":"Removed Attack","damage_taken":0,"max_hp_gain":0,"max_hp_loss":0,"event_name":"Falling","floor":39,"gold_loss":0},{"damage_healed":0,"gold_gain":0,"player_choice":"Paid Gold","damage_taken":0,"relics_obtained":["Bronze Scales"],"max_hp_gain":0,"max_hp_loss":0,"event_name":"WeMeetAgain","floor":45,"gold_loss":69}],"is_beta":false,"boss_relics":[{"not_picked":["HoveringKite","Runic Dome"],"picked":"Snecko Eye"},{"not_picked":["Orrery","Busted Crown"],"picked":"WristBlade"}],"items_purged_floors":[21],"is_endless":false,"potions_floor_spawned":[3,4,8,13,16,20,24,27,35,44,46,47],"ascension_level":0}