{"gold_per_floor":[116,127,22,22,36,36,61,81,81,81,115,7,19,51,51,130,130,143,153,78,96,11,11,11],"floor_reached":24,"playtime":1695,"items_purged":["Strike_G"],"score":421,"play_id":"2fa0baae-b67f-4d5d-9bd2-34f2c1549fc0","local_time":"20181114003607","is_ascension_mode":true,"campfire_choices":[{"data":"Noxious Fumes","floor":6,"key":"SMITH"},{"data":"Dagger Spray","floor":10,"key":"SMITH"},{"floor":15,"key":"REST"},{"floor":23,"key":"REST"}],"neow_cost":"NONE","seed_source_timestamp":6786764127354,"circlet_count":0,"master_deck":["AscendersBane","Defend_G","Defend_G","Defend_G","Defend_G","Defend_G","Strike_G","Strike_G","Strike_G","Strike_G","Survivor","Neutralize","Leg Sweep","Quick Slash","Noxious Fumes+1","Backflip","Neutralize","Terror","Catalyst","Dagger Spray+1","PiercingWail","Dagger Spray","Dash","Burst","Escape Plan","Night Terror"],"relics":["Ring of the Snake","NeowsBlessing","Mummified Hand","Mercury Hourglass","Meat on the Bone","Strawberry","Black Star","Sundial"],"potions_floor_usage":[7,8,11,14,16,21],"damage_taken":[{"damage":0,"enemies":"Cultist","floor":1,"turns":1},{"damage":0,"enemies":"Jaw Worm","floor":2,"turns":1},{"damage":0,"enemies":"Small Slimes","floor":5,"turns":1},{"damage":2,"enemies":"Lagavulin","floor":7,"turns":6},{"damage":4,"enemies":"Exordium Wildlife","floor":8,"turns":4},{"damage":10,"enemies":"Gremlin Nob","floor":11,"turns":4},{"damage":0,"enemies":"2 Fungi Beasts","floor":13,"turns":3},{"damage":10,"enemies":"Lagavulin","floor":14,"turns":7},{"damage":46,"enemies":"Slime Boss","floor":16,"turns":10},{"damage":21,"enemies":"Shell Parasite","floor":18,"turns":8},{"damage":39,"enemies":"Chosen","floor":19,"turns":6},{"damage":11,"enemies":"Centurion and Healer","floor":21,"turns":9},{"damage":42,"enemies":"Book of Stabbing","floor":24,"turns":5}],"seed_played":"6472226739283388603","potions_obtained":[{"floor":1,"key":"Energy Potion"},{"floor":5,"key":"Block Potion"},{"floor":8,"key":"Block Potion"},{"floor":11,"key":"SkillPotion"},{"floor":13,"key":"PowerPotion"},{"floor":19,"key":"AttackPotion"}],"is_trial":false,"path_per_floor":["M","M","$","?","M","R","E","M","T","R","E","$","M","E","R","B",null,"M","M","$","M","?","R","E"],"character_chosen":"THE_SILENT","items_purchased":["Noxious Fumes","Backflip","PiercingWail","Dexterity Potion"],"campfire_rested":2,"item_purchase_floors":[3,3,12,12],"current_hp_per_floor":[59,59,59,59,59,59,57,53,53,53,43,43,43,52,73,39,65,44,17,17,18,18,39,0],"gold":11,"neow_bonus":"THREE_ENEMY_KILL","is_prod":false,"is_daily":false,"chose_seed":false,"campfire_upgraded":2,"win_rate":0,"timestamp":1542173767,"path_taken":["M","?","$","?","M","R","E","M","T","R","E","$","?","E","R","BOSS","M","M","$","M","?","R","E"],"build_version":"2018-11-08","purchased_purges":1,"victory":false,"max_hp_per_floor":[66,66,66,66,66,66,66,66,66,66,66,66,66,73,73,73,73,73,73,73,73,73,73,73],"card_choices":[{"not_picked":["Dodge and Roll","Outmaneuver"],"picked":"Leg Sweep","floor":1},{"not_picked":["Finisher","Backflip"],"picked":"Quick Slash","floor":2},{"not_picked":["Caltrops","Heel Hook"],"picked":"Terror","floor":5},{"not_picked":["Bouncing Flask","Wraith Form v2"],"picked":"Catalyst","floor":7},{"not_picked":["Endless Agony","Slice"],"picked":"Dagger Spray","floor":8},{"not_picked":["Quick Slash","Concentrate","Underhanded Strike"],"picked":"SKIP","floor":11},{"not_picked":["Bane","Acrobatics"],"picked":"Dagger Spray","floor":13},{"not_picked":["Riddle With Holes","Quick Slash"],"picked":"Dash","floor":14},{"not_picked":["Unload","Grand Finale"],"picked":"Burst","floor":16},{"not_picked":["Sucker Punch","Blade Dance","Skewer"],"picked":"SKIP","floor":18},{"not_picked":["Bane","Distraction+1"],"picked":"Escape Plan","floor":19},{"not_picked":["Setup","Poisoned Stab"],"picked":"Night Terror","floor":21}],"player_experience":2279646,"relics_obtained":[{"floor":7,"key":"Mummified Hand"},{"floor":9,"key":"Mercury Hourglass"},{"floor":11,"key":"Meat on the Bone"},{"floor":14,"key":"Strawberry"}],"event_choices":[{"damage_healed":0,"gold_gain":0,"player_choice":"1 cards matched","damage_taken":0,"max_hp_gain":0,"max_hp_loss":0,"event_name":"Match and Keep!","floor":4,"gold_loss":0,"cards_obtained":["Neutralize"]},{"damage_healed":0,"gold_gain":0,"player_choice":"Obtained Relic","damage_taken":0,"relics_obtained":["Sundial"],"max_hp_gain":0,"max_hp_loss":0,"event_name":"Addict","floor":22,"gold_loss":85}],"is_beta":false,"boss_relics":[{"not_picked":["Snecko Eye","Runic Dome"],"picked":"Black Star"}],"items_purged_floors":[20],"is_endless":false,"potions_floor_spawned":[1,5,8,11,13,19],"killed_by":"Book of Stabbing","ascension_level":19}