{"gold_per_floor":[19,34,52,17,17,17,42,42,67,96,46,46,46,46,46,123,123,134,84,84,84,84,111,111,126,426,426,426],"floor_reached":28,"playtime":1522,"items_purged":["Normality","Strike_B"],"score":480,"play_id":"a326d08a-8505-4c80-833c-b0e10520b4b7","local_time":"20190506112646","is_ascension_mode":true,"campfire_choices":[{"data":"Hyperbeam","floor":6,"key":"SMITH"},{"data":"Fission","floor":8,"key":"SMITH"},{"floor":13,"key":"REST"},{"data":"Coolheaded","floor":15,"key":"SMITH"},{"floor":24,"key":"REST"},{"floor":27,"key":"REST"}],"neow_cost":"NO_GOLD","seed_source_timestamp":2303722520723975,"circlet_count":0,"master_deck":["AscendersBane","Strike_B","Defend_B","Defend_B","Defend_B","Defend_B","Zap","Dualcast","Seek","Fission+1","Capacitor","Consume+1","Barrage","Hyperbeam+1","Glacier","Coolheaded+1","Rainbow+1","Tempest"],"relics":["Cracked Core","Juzu Bracelet","Bronze Scales","Smiling Mask","Inserter","Matryoshka","Orichalcum","Old Coin"],"potions_floor_usage":[16,23,28],"damage_taken":[{"damage":9,"enemies":"Jaw Worm","floor":1,"turns":5},{"damage":1,"enemies":"Small Slimes","floor":2,"turns":4},{"damage":2,"enemies":"Cultist","floor":3,"turns":4},{"damage":20,"enemies":"3 Sentries","floor":7,"turns":4},{"damage":32,"enemies":"Gremlin Nob","floor":10,"turns":4},{"damage":13,"enemies":"Slime Boss","floor":16,"turns":9},{"damage":10,"enemies":"Spheric Guardian","floor":18,"turns":4},{"damage":38,"enemies":"Book of Stabbing","floor":23,"turns":6},{"damage":19,"enemies":"Shell Parasite","floor":25,"turns":3},{"damage":70,"enemies":"Gremlin Leader","floor":28,"turns":6}],"seed_played":"8908552322261768106","potions_obtained":[{"floor":7,"key":"Fire Potion"},{"floor":10,"key":"Explosive Potion"},{"floor":23,"key":"Fire Potion"},{"floor":25,"key":"Regen Potion"}],"is_trial":false,"path_per_floor":["M","M","M","?","?","R","E","R","T","E","$","?","R","?","R","B",null,"M","$","?","?","?","E","R","M","T","R","E"],"character_chosen":"DEFECT","items_purchased":[],"campfire_rested":3,"item_purchase_floors":[],"current_hp_per_floor":[55,54,52,69,69,69,49,49,49,17,17,17,38,38,38,25,60,50,50,50,50,50,12,33,14,14,35,0],"gold":426,"neow_bonus":"TRANSFORM_TWO_CARDS","is_prod":false,"is_daily":false,"chose_seed":false,"campfire_upgraded":3,"win_rate":0,"timestamp":1557156406,"path_taken":["M","M","M","?","?","R","E","R","T","E","$","?","R","?","R","BOSS","M","$","?","?","?","E","R","M","T","R","E"],"build_version":"2019-01-23","purchased_purges":2,"victory":false,"max_hp_per_floor":[71,71,71,71,71,71,71,71,71,71,71,71,71,71,71,71,71,71,71,71,71,71,71,71,71,71,71,71],"card_choices":[{"not_picked":["Beam Cell","Compile Driver"],"picked":"Capacitor","floor":1},{"not_picked":["Skim","Stack"],"picked":"Consume","floor":2},{"not_picked":["Skim","Rebound"],"picked":"Barrage","floor":3},{"not_picked":["Defragment","Rebound"],"picked":"Glacier","floor":7},{"not_picked":["Force Field","Beam Cell"],"picked":"Coolheaded","floor":10},{"not_picked":["All For One","Thunder Strike"],"picked":"Rainbow","floor":16},{"not_picked":["Aggregate","Cold Snap","Gash"],"picked":"SKIP","floor":18},{"not_picked":["Compile Driver","Sweeping Beam"],"picked":"Tempest","floor":23},{"not_picked":["Rip and Tear+1","Go for the Eyes","Barrage"],"picked":"SKIP","floor":25}],"player_experience":3595259,"relics_obtained":[{"floor":7,"key":"Juzu Bracelet"},{"floor":9,"key":"Bronze Scales"},{"floor":10,"key":"Smiling Mask"},{"floor":23,"key":"Matryoshka"},{"floor":26,"key":"Orichalcum"},{"floor":26,"key":"Old Coin"}],"event_choices":[{"damage_healed":17,"gold_gain":0,"player_choice":"Healed","damage_taken":0,"max_hp_gain":0,"max_hp_loss":0,"event_name":"The Cleric","floor":4,"gold_loss":35},{"damage_healed":0,"gold_gain":0,"player_choice":"2 cards matched","damage_taken":0,"max_hp_gain":0,"max_hp_loss":0,"event_name":"Match and Keep!","floor":5,"gold_loss":0,"cards_obtained":["Normality","Hyperbeam"]},{"damage_healed":0,"gold_gain":0,"player_choice":"Ignored","damage_taken":0,"max_hp_gain":0,"max_hp_loss":0,"event_name":"Shining Light","floor":12,"gold_loss":0},{"damage_healed":0,"gold_gain":0,"player_choice":"Grow","damage_taken":0,"max_hp_gain":0,"max_hp_loss":0,"event_name":"Living Wall","floor":14,"gold_loss":0,"cards_upgraded":["Consume"]},{"damage_healed":0,"gold_gain":0,"player_choice":"Forge","damage_taken":0,"max_hp_gain":0,"max_hp_loss":0,"event_name":"Accursed Blacksmith","floor":20,"gold_loss":0,"cards_upgraded":["Rainbow"]},{"damage_healed":0,"gold_gain":0,"player_choice":"Ignored","damage_taken":0,"max_hp_gain":0,"max_hp_loss":0,"event_name":"Cursed Tome","floor":21,"gold_loss":0},{"damage_healed":0,"gold_gain":0,"player_choice":"Ignored","damage_taken":0,"max_hp_gain":0,"max_hp_loss":0,"event_name":"Ghosts","floor":22,"gold_loss":0}],"is_beta":false,"boss_relics":[{"not_picked":["Calling Bell","Runic Dome"],"picked":"Inserter"}],"items_purged_floors":[11,19],"is_endless":false,"potions_floor_spawned":[7,10,23,25],"killed_by":"Gremlin Leader","ascension_level":20}