{"gold_per_floor":[144,189,11,11,56,146,120,120,120,210,210,210,6,51,51,351,351,396,396,441,486,531,621,666,711,711,756,801,891,936,936,936,1236,1236,1281,1326,334,379,424,514,514,604,629,629,629,629,182,227,227,227],"floor_reached":51,"playtime":6466,"items_purged":["Reflex","Doppelganger","Shame"],"score":986,"play_id":"0b210ea4-da9d-4a55-834e-ac4c60bf795e","local_time":"20190119001455","daily_mods":["Specialized","Time Dilation","Midas"],"is_ascension_mode":false,"campfire_choices":[{"floor":8,"key":"REST"},{"floor":11,"key":"REST"},{"floor":15,"key":"REST"},{"floor":32,"key":"REST"},{"floor":41,"key":"REST"},{"floor":44,"key":"REST"},{"floor":46,"key":"REST"},{"floor":49,"key":"REST"}],"neow_cost":"","seed_source_timestamp":0,"circlet_count":0,"master_deck":["Survivor","Neutralize","Reflex","Reflex","Reflex","Reflex","Noxious Fumes","Acrobatics","Apotheosis","Well Laid Plans","Blur","Wraith Form v2","Noxious Fumes","Prepared","After Image","Footwork","RitualDagger","Crippling Poison","Dagger Spray","Blur","After Image","Dagger Throw","Prepared","Dodge and Roll+1","Adrenaline","Well Laid Plans","Dodge and Roll","Tools of the Trade","Predator","Storm of Steel","Blur","Leg Sweep","Acrobatics+1","Dash+1","Footwork","Battle Trance+1","Dagger Spray+1","Jack Of All Trades","Bandage Up","Blur"],"special_seed":17915,"relics":["Ring of the Snake","Bag of Marbles","Blue Candle","Happy Flower","Cursed Key","Gremlin Horn","Bronze Scales","Pandora\u0027s Box","Oddly Smooth Stone","PrismaticShard","Dead Branch","Orichalcum","Juzu Bracelet","Omamori","Membership Card","Bag of Preparation"],"potions_floor_usage":[16,21,24,27,27,29,29,42,42,50,50],"damage_taken":[{"damage":0,"enemies":"Cultist","floor":1,"turns":4},{"damage":5,"enemies":"Jaw Worm","floor":2,"turns":5},{"damage":1,"enemies":"2 Louse","floor":5,"turns":5},{"damage":53,"enemies":"Gremlin Nob","floor":6,"turns":7},{"damage":7,"enemies":"Lagavulin","floor":10,"turns":7},{"damage":8,"enemies":"Blue Slaver","floor":14,"turns":5},{"damage":11,"enemies":"Hexaghost","floor":16,"turns":9},{"damage":0,"enemies":"3 Byrds","floor":18,"turns":4},{"damage":1,"enemies":"Spheric Guardian","floor":20,"turns":5},{"damage":0,"enemies":"Snecko","floor":21,"turns":7},{"damage":10,"enemies":"Sentry and Sphere","floor":22,"turns":5},{"damage":0,"enemies":"Gremlin Leader","floor":23,"turns":7},{"damage":12,"enemies":"Snake Plant","floor":24,"turns":5},{"damage":2,"enemies":"Chosen and Byrds","floor":25,"turns":6},{"damage":5,"enemies":"3 Cultists","floor":27,"turns":5},{"damage":0,"enemies":"Snake Plant","floor":28,"turns":1},{"damage":26,"enemies":"Slavers","floor":29,"turns":6},{"damage":7,"enemies":"Centurion and Healer","floor":30,"turns":6},{"damage":0,"enemies":"Automaton","floor":33,"turns":9},{"damage":0,"enemies":"3 Darklings","floor":35,"turns":5},{"damage":2,"enemies":"3 Shapes","floor":36,"turns":3},{"damage":0,"enemies":"3 Darklings","floor":38,"turns":4},{"damage":0,"enemies":"Transient","floor":39,"turns":5},{"damage":0,"enemies":"Nemesis","floor":40,"turns":3},{"damage":9,"enemies":"Reptomancer","floor":42,"turns":7},{"damage":15,"enemies":"Jaw Worm Horde","floor":48,"turns":3},{"damage":0,"enemies":"Awakened One","floor":50,"turns":15}],"seed_played":"-5772269408916860050","potions_obtained":[{"floor":1,"key":"SneckoOil"},{"floor":10,"key":"SkillPotion"},{"floor":16,"key":"SteroidPotion"},{"floor":22,"key":"SkillPotion"},{"floor":24,"key":"Weak Potion"},{"floor":27,"key":"Block Potion"},{"floor":35,"key":"Ancient Potion"},{"floor":38,"key":"Fire Potion"}],"is_trial":false,"path_per_floor":["M","M","$","?","M","E","?","R","T","E","R","?","$","M","R","B",null,"M","?","M","M","M","E","M","M","T","M","M","E","M","?","R","B",null,"M","M","$","M","M","E","R","E","T","R","?","R","$","M","R","B",null],"character_chosen":"THE_SILENT","items_purchased":["Apotheosis","Noxious Fumes","Dexterity Potion","Oddly Smooth Stone","Footwork","PrismaticShard","Dead Branch","LiquidBronze","SmokeBomb","Membership Card","Bag of Preparation","Bandage Up","Energy Potion","EssenceOfSteel"],"campfire_rested":8,"item_purchase_floors":[3,13,13,37,37,37,37,37,37,47,47,47,47,47],"current_hp_per_floor":[70,65,65,65,64,11,11,32,32,25,46,32,32,24,45,34,70,70,64,63,63,53,53,41,39,39,34,34,8,1,1,22,22,70,70,68,68,68,68,68,70,61,61,70,70,70,70,61,70,70],"gold":227,"neow_bonus":"","is_prod":false,"is_daily":true,"chose_seed":false,"campfire_upgraded":0,"win_rate":0,"timestamp":1547874895,"path_taken":["M","M","?","?","?","E","?","R","T","E","R","?","$","M","R","BOSS","M","?","M","M","M","E","M","M","T","M","M","E","M","?","R","BOSS","M","M","$","M","M","E","R","E","T","R","?","R","$","M","R","BOSS"],"build_version":"2019-01-17v2","purchased_purges":3,"victory":true,"max_hp_per_floor":[70,70,70,70,70,70,70,70,70,70,70,70,70,70,70,70,70,70,70,70,70,70,70,70,70,70,70,70,70,70,70,70,70,70,70,70,70,70,70,70,70,70,70,70,70,70,70,70,70,70],"card_choices":[{"not_picked":["Choke","Masterful Stab"],"picked":"Noxious Fumes","floor":1},{"not_picked":["Reflex","Endless Agony"],"picked":"Acrobatics","floor":2},{"not_picked":["Leg Sweep","Deflect"],"picked":"Well Laid Plans","floor":5},{"not_picked":["PiercingWail","Venomology"],"picked":"Blur","floor":6},{"not_picked":["Dash","Dagger Spray"],"picked":"Wraith Form v2","floor":10},{"not_picked":["Dagger Spray","Quick Slash"],"picked":"Prepared","floor":14},{"not_picked":["Venomology","Bullet Time"],"picked":"After Image","floor":16},{"not_picked":["Dodge and Roll","Bane"],"picked":"Footwork","floor":18},{"not_picked":["Skewer+1","Accuracy"],"picked":"Crippling Poison","floor":20},{"not_picked":["Dodge and Roll","Tactician"],"picked":"Dagger Spray","floor":21},{"not_picked":["Tactician","Dagger Throw+1"],"picked":"Blur","floor":22},{"not_picked":["Flechettes","Dagger Spray","Eviscerate"],"picked":"SKIP","floor":23},{"not_picked":["Dagger Throw","Sucker Punch"],"picked":"After Image","floor":24},{"not_picked":["Dash","Reflex"],"picked":"Dagger Throw","floor":25},{"not_picked":["Flechettes","Outmaneuver+1"],"picked":"Prepared","floor":27},{"not_picked":["Blade Dance","Sucker Punch","Slice"],"picked":"SKIP","floor":28},{"not_picked":["Night Terror","Outmaneuver+1"],"picked":"Dodge and Roll+1","floor":29},{"not_picked":["Outmaneuver","Slice","Flying Knee"],"picked":"SKIP","floor":30},{"not_picked":["Doppelganger","Tools of the Trade"],"picked":"Adrenaline","floor":33},{"not_picked":["Deflect","Slice"],"picked":"Acrobatics+1","floor":35},{"not_picked":["Sucker Punch+1","Blur"],"picked":"Dash+1","floor":36},{"not_picked":["Sword Boomerang","Quick Slash","Heavy Blade"],"picked":"SKIP","floor":38},{"not_picked":["Cold Snap","Swift Strike"],"picked":"Battle Trance+1","floor":39},{"not_picked":["Slice","Blood for Blood+1"],"picked":"Dagger Spray+1","floor":40},{"not_picked":["Masterful Stab","Hello World+1"],"picked":"Jack Of All Trades","floor":42},{"not_picked":["Choke+1","PanicButton+1"],"picked":"Blur","floor":48}],"player_experience":2949704,"relics_obtained":[{"floor":6,"key":"Bag of Marbles"},{"floor":9,"key":"Blue Candle"},{"floor":10,"key":"Happy Flower"},{"floor":23,"key":"Gremlin Horn"},{"floor":29,"key":"Bronze Scales"},{"floor":40,"key":"Orichalcum"},{"floor":42,"key":"Juzu Bracelet"},{"floor":43,"key":"Omamori"}],"event_choices":[{"cards_removed":["Strike_G"],"damage_healed":0,"gold_gain":0,"player_choice":"Card Removal","damage_taken":0,"max_hp_gain":0,"max_hp_loss":0,"event_name":"Wheel of Change","floor":4,"gold_loss":0},{"damage_healed":0,"gold_gain":0,"player_choice":"Left Gold","damage_taken":0,"max_hp_gain":0,"max_hp_loss":0,"event_name":"World of Goop","floor":7,"gold_loss":26},{"damage_healed":0,"gold_gain":0,"player_choice":"Entered Light","damage_taken":14,"max_hp_gain":0,"max_hp_loss":0,"event_name":"Shining Light","floor":12,"gold_loss":0,"cards_upgraded":["Defend_G","Defend_G"]},{"damage_healed":0,"gold_gain":0,"player_choice":"Joined the Cult","damage_taken":6,"max_hp_gain":0,"max_hp_loss":0,"event_name":"Nest","floor":19,"gold_loss":0,"cards_obtained":["RitualDagger"]},{"cards_removed":["Strike_G"],"damage_healed":0,"gold_gain":0,"player_choice":"Offered Basic","damage_taken":0,"max_hp_gain":0,"max_hp_loss":0,"event_name":"Bonfire Elementals","floor":31,"gold_loss":0},{"damage_healed":0,"gold_gain":0,"player_choice":"Full Heal","damage_taken":0,"max_hp_gain":0,"max_hp_loss":0,"event_name":"Wheel of Change","floor":45,"gold_loss":0}],"is_beta":false,"boss_relics":[{"not_picked":["Empty Cage","Ring of the Serpent"],"picked":"Cursed Key"},{"not_picked":["Orrery","Eternal Feather"],"picked":"Pandora\u0027s Box"}],"items_purged_floors":[13,37,47],"is_endless":false,"potions_floor_spawned":[1,10,16,22,24,27,35,38],"ascension_level":0}