{"gold_per_floor":[369,369,67,79,79,122,122,145,169,243,258,299,299,319,319,440,440,459,459,105,105,96,96,131,131,131,167,167,41,57,83,83,207,207,231,252,252,268,281,319,344,388,413,413,451,475,499,522,522,522],"floor_reached":50,"playtime":4607,"items_purged":[],"score":735,"play_id":"33d39661-eced-41ac-8182-a8687df23519","local_time":"20190720231423","is_ascension_mode":true,"campfire_choices":[{"floor":7,"key":"REST"},{"floor":13,"key":"REST"},{"data":"Cold Snap","floor":15,"key":"SMITH"},{"data":"Undo","floor":23,"key":"SMITH"},{"data":"Coolheaded","floor":25,"key":"SMITH"},{"data":"Machine Learning","floor":32,"key":"SMITH"},{"floor":44,"key":"RECALL"},{"data":"Seek","floor":49,"key":"SMITH"}],"neow_cost":"PERCENT_DAMAGE","seed_source_timestamp":10292751949585,"circlet_count":0,"master_deck":["Strike_B","Strike_B","Strike_B","Strike_B+1","Defend_B","Defend_B+1","Defend_B","Defend_B","Dualcast","Cold Snap+1","Coolheaded+1","Cold Snap","Glacier","Undo+1","FTL","Core Surge","White Noise+1","RitualDagger","Compile Driver","Machine Learning+1","RitualDagger","Self Repair","Go for the Eyes","Machine Learning","White Noise","White Noise","Double Energy+1","Blizzard+1","Glacier","Seek+1","Cold Snap+1"],"relics":["Cracked Core","PreservedInsect","Golden Idol","Ancient Tea Set","Bag of Preparation","Tiny Chest","Bottled Flame","Coffee Dripper","ClockworkSouvenir","Happy Flower","Darkstone Periapt","Blue Candle","Thread and Needle","Velvet Choker","Potion Belt","Meat on the Bone","Omamori","Bottled Tornado"],"potions_floor_usage":[16,16,16,27,33,33,36,41,45,45,50],"damage_taken":[{"damage":1,"enemies":"Cultist","floor":1,"turns":3},{"damage":9,"enemies":"Small Slimes","floor":4,"turns":3},{"damage":12,"enemies":"Gremlin Nob","floor":6,"turns":3},{"damage":0,"enemies":"Jaw Worm","floor":8,"turns":2},{"damage":5,"enemies":"3 Sentries","floor":10,"turns":8},{"damage":2,"enemies":"Looter","floor":11,"turns":4},{"damage":12,"enemies":"Gremlin Nob","floor":12,"turns":3},{"damage":0,"enemies":"3 Louse","floor":14,"turns":2},{"damage":48,"enemies":"Slime Boss","floor":16,"turns":16},{"damage":0,"enemies":"Shell Parasite","floor":18,"turns":8},{"damage":11,"enemies":"2 Thieves","floor":22,"turns":4},{"damage":1,"enemies":"Book of Stabbing","floor":24,"turns":7},{"damage":24,"enemies":"Slavers","floor":27,"turns":4},{"damage":5,"enemies":"Snake Plant","floor":30,"turns":5},{"damage":12,"enemies":"Collector","floor":33,"turns":13},{"damage":2,"enemies":"3 Shapes","floor":35,"turns":5},{"damage":33,"enemies":"3 Darklings","floor":36,"turns":9},{"damage":0,"enemies":"Sphere and 2 Shapes","floor":38,"turns":8},{"damage":0,"enemies":"Spire Growth","floor":39,"turns":6},{"damage":15,"enemies":"Reptomancer","floor":40,"turns":6},{"damage":0,"enemies":"3 Darklings","floor":41,"turns":3},{"damage":11,"enemies":"Giant Head","floor":42,"turns":10},{"damage":23,"enemies":"Nemesis","floor":45,"turns":5},{"damage":18,"enemies":"Jaw Worm Horde","floor":46,"turns":5},{"damage":0,"enemies":"Sphere and 2 Shapes","floor":47,"turns":12},{"damage":7,"enemies":"Maw","floor":48,"turns":9},{"damage":62,"enemies":"Donu and Deca","floor":50,"turns":7}],"seed_played":"3843091259357141670","potions_obtained":[{"floor":1,"key":"Energy Potion"},{"floor":10,"key":"SpeedPotion"},{"floor":16,"key":"Poison Potion"},{"floor":22,"key":"Dexterity Potion"},{"floor":24,"key":"Energy Potion"},{"floor":30,"key":"Poison Potion"},{"floor":36,"key":"Poison Potion"},{"floor":38,"key":"LiquidBronze"},{"floor":40,"key":"SkillPotion"},{"floor":46,"key":"AttackPotion"}],"is_trial":false,"path_per_floor":["M","?","$","M","?","E","R","M","T","E","M","E","R","M","R","B",null,"M","?","$","?","M","R","E","R","T","E","?","$","M","T","R","B",null,"M","M","?","M","M","E","M","E","T","R","E","M","M","M","R","B"],"character_chosen":"DEFECT","items_purchased":["PreservedInsect","Coolheaded","Cold Snap","Regen Potion","ClockworkSouvenir","Happy Flower","Self Repair","Go for the Eyes"],"campfire_rested":2,"item_purchase_floors":[3,3,3,3,20,20,29,29],"current_hp_per_floor":[53,38,38,29,29,17,37,37,37,32,30,18,38,38,38,5,69,69,63,63,63,52,52,51,51,51,27,27,27,29,29,29,24,69,69,43,43,50,57,49,56,52,52,52,48,42,56,56,56,0],"gold":522,"neow_bonus":"TWO_FIFTY_GOLD","is_prod":false,"is_daily":false,"chose_seed":false,"campfire_upgraded":5,"win_rate":0,"timestamp":1563657263,"path_taken":["M","?","$","M","?","E","R","M","T","E","M","E","R","M","R","BOSS","M","?","$","?","M","R","E","R","T","E","?","$","?","?","R","BOSS","M","M","?","?","M","E","M","E","T","R","E","M","M","M","R","BOSS"],"build_version":"2019-07-17","purchased_purges":0,"victory":false,"max_hp_per_floor":[75,75,75,75,69,69,69,69,69,69,69,69,69,69,69,69,69,69,69,69,69,69,69,69,69,69,69,69,69,69,69,69,69,69,69,69,69,69,69,69,69,69,69,69,69,69,69,69,69,69],"card_choices":[{"not_picked":["Tempest","Barrage"],"picked":"Cold Snap","floor":1},{"not_picked":["Leap","Rebound","Steam"],"picked":"SKIP","floor":4},{"not_picked":["Ball Lightning","Redo","Aggregate"],"picked":"SKIP","floor":6},{"not_picked":["Genetic Algorithm","Coolheaded"],"picked":"Glacier","floor":8},{"not_picked":["Chaos","Conserve Battery","Turbo"],"picked":"SKIP","floor":10},{"not_picked":["Lockon","Hyperbeam","Sweeping Beam"],"picked":"SKIP","floor":11},{"not_picked":["Force Field","Sweeping Beam"],"picked":"Undo","floor":12},{"not_picked":["Redo","Fission"],"picked":"FTL","floor":14},{"not_picked":["Seek","Machine Learning"],"picked":"Core Surge","floor":16},{"not_picked":["Genetic Algorithm","Hologram"],"picked":"White Noise+1","floor":18},{"not_picked":["Leap","Barrage+1"],"picked":"Compile Driver","floor":22},{"not_picked":["Beam Cell","Amplify","Gash"],"picked":"SKIP","floor":24},{"not_picked":["Turbo","Rebound"],"picked":"Machine Learning","floor":27},{"not_picked":["Turbo","Sweeping Beam","Gash"],"picked":"SKIP","floor":30},{"not_picked":["Seek","Amplify"],"picked":"Machine Learning","floor":33},{"not_picked":["Doom and Gloom+1","Rebound"],"picked":"White Noise","floor":35},{"not_picked":["Aggregate","Fusion"],"picked":"White Noise","floor":36},{"not_picked":["Sweeping Beam","Steam","Rebound+1"],"picked":"SKIP","floor":38},{"not_picked":["Skim+1","Streamline"],"picked":"Double Energy+1","floor":39},{"not_picked":["FTL","Ball Lightning"],"picked":"Blizzard+1","floor":40},{"not_picked":["Streamline","Coolheaded+1","Leap+1"],"picked":"SKIP","floor":41},{"not_picked":["Cold Snap","Self Repair+1"],"picked":"Glacier","floor":42},{"not_picked":["Sweeping Beam","Barrage+1","Redo+1"],"picked":"SKIP","floor":45},{"not_picked":["Gash","Darkness+1","Redo"],"picked":"SKIP","floor":46},{"not_picked":["Go for the Eyes","Conserve Battery+1"],"picked":"Seek","floor":47},{"not_picked":["Barrage+1","Redo+1"],"picked":"Cold Snap+1","floor":48}],"player_experience":192889,"relics_obtained":[{"floor":6,"key":"Ancient Tea Set"},{"floor":9,"key":"Bag of Preparation"},{"floor":10,"key":"Tiny Chest"},{"floor":12,"key":"Bottled Flame"},{"floor":24,"key":"Darkstone Periapt"},{"floor":26,"key":"Blue Candle"},{"floor":27,"key":"Thread and Needle"},{"floor":40,"key":"Potion Belt"},{"floor":42,"key":"Meat on the Bone"},{"floor":43,"key":"Omamori"},{"floor":45,"key":"Bottled Tornado"}],"event_choices":[{"damage_healed":0,"gold_gain":0,"player_choice":"Entered Light","damage_taken":15,"max_hp_gain":0,"max_hp_loss":0,"event_name":"Shining Light","floor":2,"gold_loss":0,"cards_upgraded":["Defend_B","Strike_B"]},{"damage_healed":0,"gold_gain":0,"player_choice":"Lose Max HP","damage_taken":0,"relics_obtained":["Golden Idol"],"max_hp_gain":0,"max_hp_loss":6,"event_name":"Golden Idol","floor":5,"gold_loss":0},{"damage_healed":0,"gold_gain":0,"player_choice":"Joined the Cult","damage_taken":6,"max_hp_gain":0,"max_hp_loss":0,"event_name":"Nest","floor":19,"gold_loss":0,"cards_obtained":["RitualDagger"]},{"damage_healed":0,"gold_gain":0,"player_choice":"Ignored","damage_taken":0,"max_hp_gain":0,"max_hp_loss":0,"event_name":"Beggar","floor":21,"gold_loss":0},{"damage_healed":0,"gold_gain":0,"player_choice":"Copied","damage_taken":0,"max_hp_gain":0,"max_hp_loss":0,"event_name":"Duplicator","floor":28,"gold_loss":0,"cards_obtained":["RitualDagger"]},{"cards_removed":["Zap"],"damage_healed":0,"gold_gain":0,"player_choice":"Offered Basic","damage_taken":0,"max_hp_gain":0,"max_hp_loss":0,"event_name":"Bonfire Elementals","floor":37,"gold_loss":0}],"is_beta":false,"boss_relics":[{"not_picked":["White Beast Statue","Snecko Eye"],"picked":"Coffee Dripper"},{"not_picked":["Empty Cage","Nuclear Battery"],"picked":"Velvet Choker"}],"items_purged_floors":[],"is_endless":false,"potions_floor_spawned":[1,10,12,16,22,24,30,36,38,40,46],"killed_by":"Donu and Deca","ascension_level":4}