{"gold_per_floor":[110,124,299,299,158,158,171,171,195,195,195,115,115,215,215,313,313,329,329,355,57,72,72,83,83,83,100,100,134,134,149,149,245,245,255,255,255,300,300,300,333,382,405,418,436,452,452,452,452,452],"floor_reached":51,"playtime":1852,"items_purged":[],"score":899,"play_id":"81cf9535-89ee-4cf8-9a6b-04963424e20b","local_time":"20190721164215","is_ascension_mode":true,"campfire_choices":[{"data":"Loop","floor":6.0,"key":"SMITH"},{"floor":8.0,"key":"REST"},{"data":"Zap","floor":11.0,"key":"SMITH"},{"data":"Capacitor","floor":15.0,"key":"SMITH"},{"floor":23.0,"key":"REST"},{"data":"Consume","floor":25.0,"key":"SMITH"},{"floor":28.0,"key":"REST"},{"floor":32,"key":"REST"},{"floor":40,"key":"REST"},{"data":"Defragment","floor":47,"key":"SMITH"},{"data":"Defragment","floor":49,"key":"SMITH"}],"neow_cost":"NONE","seed_source_timestamp":27975678719600,"circlet_count":0,"master_deck":["Strike_B","Strike_B","Defend_B+1","Defend_B+1","Zap+1","Dualcast+1","Loop+1","Cold Snap","Ball Lightning","Ball Lightning","Capacitor+1","Electrodynamics","Consume+1","Self Repair","FTL","Self Repair","Auto Shields+1","Defragment+1","BootSequence","All For One+1","Master of Strategy","Defragment+1","Cold Snap+1","Force Field+1","Glacier","Cold Snap+1","BootSequence+1"],"special_seed":0,"relics":["Cracked Core","Ancient Tea Set","Incense Burner","Eternal Feather","Red Mask","War Paint","Omamori","Bag of Preparation","Matryoshka","Molten Egg 2","Dream Catcher","Empty Cage","Pocketwatch","Bag of Marbles","Gremlin Horn","Strawberry","DataDisk","Pen Nib"],"potions_floor_usage":[33,33,38,50,50,50],"damage_taken":[{"damage":5.0,"enemies":"Small Slimes","floor":1.0,"turns":4.0},{"damage":6.0,"enemies":"Jaw Worm","floor":2.0,"turns":4.0},{"damage":12.0,"enemies":"2 Louse","floor":7.0,"turns":2.0},{"damage":18.0,"enemies":"The Guardian","floor":16.0,"turns":8.0},{"damage":20.0,"enemies":"2 Thieves","floor":18.0,"turns":3.0},{"damage":2.0,"enemies":"Masked Bandits","floor":20.0,"turns":3.0},{"damage":31.0,"enemies":"Shell Parasite","floor":22.0,"turns":5.0},{"damage":18.0,"enemies":"Snake Plant","floor":24.0,"turns":4.0},{"damage":36.0,"enemies":"Shelled Parasite and Fungi","floor":27.0,"turns":4.0},{"damage":21.0,"enemies":"Book of Stabbing","floor":29.0,"turns":5.0},{"damage":5,"enemies":"Snecko","floor":31,"turns":6},{"damage":32,"enemies":"Collector","floor":33,"turns":7},{"damage":25,"enemies":"Orb Walker","floor":35,"turns":5},{"damage":49,"enemies":"2 Orb Walkers","floor":38,"turns":5},{"damage":31,"enemies":"Reptomancer","floor":41,"turns":6},{"damage":0,"enemies":"3 Shapes","floor":44,"turns":2},{"damage":10,"enemies":"Transient","floor":45,"turns":5},{"damage":11,"enemies":"Jaw Worm Horde","floor":46,"turns":4},{"damage":36,"enemies":"Donu and Deca","floor":50,"turns":8}],"seed_played":"4317044750436047318","potions_obtained":[{"floor":2.0,"key":"GamblersBrew"},{"floor":7.0,"key":"SpeedPotion"},{"floor":20.0,"key":"Fire Potion"},{"floor":24.0,"key":"LiquidBronze"},{"floor":29.0,"key":"LiquidBronze"},{"floor":31,"key":"Dexterity Potion"},{"floor":33,"key":"Dexterity Potion"},{"floor":35,"key":"Block Potion"},{"floor":41,"key":"Strength Potion"}],"is_trial":false,"path_per_floor":["M","M","?","?","$","R","M","R","T","T","R","$","?","?","R","B",null,"M","?","?","$","M","R","M","R","T","M","R","E","T","M","R","B",null,"M","?","?","?","T","R","E","T","T","M","M","M","R","?","R","B",null],"character_chosen":"DEFECT","items_purchased":["Loop","Cold Snap","Ball Lightning","Capacitor","War Paint","Omamori"],"campfire_rested":5,"item_purchase_floors":[5,5,5,12,21,21],"current_hp_per_floor":[63,57,57,50,50,50,38,60,60,60,60,60,45,45,45,27,63,43,43,41,41,17,48,30,39,39,3,34,27,27,36,70,45,68,57,57,75,33,33,67,57,57,57,57,61,57,72,72,82,60],"gold":452,"neow_bonus":"REMOVE_CARD","is_prod":false,"is_daily":false,"chose_seed":false,"campfire_upgraded":6,"win_rate":0,"timestamp":1563741735,"path_taken":["M","M","?","?","$","R","M","R","T","?","R","$","?","?","R","BOSS","M","?","?","$","M","R","M","R","T","M","R","E","?","M","R","BOSS","M","?","?","?","?","R","E","?","T","M","M","M","R","?","R","BOSS"],"build_version":"2019-07-17","purchased_purges":0,"victory":true,"max_hp_per_floor":[75,75,75,75,75,75,75,75,75,75,75,75,75,75,75,75,75,75,75,75,75,75,75,75,75,75,75,75,75,75,75,75,75,75,75,75,75,75,75,75,82,82,82,82,82,82,82,82,82,82],"card_choices":[{"not_picked":["Streamline","Hologram","Gash"],"picked":"SKIP","floor":1.0},{"not_picked":["Reprogram","Compile Driver","Stack"],"picked":"SKIP","floor":2.0},{"not_picked":["Compile Driver","Hello World"],"picked":"Ball Lightning","floor":7.0},{"not_picked":["Multi-Cast","Hyperbeam"],"picked":"Electrodynamics","floor":16.0},{"not_picked":["Reprogram+1","FTL"],"picked":"Consume","floor":18.0},{"not_picked":["Coolheaded","Go for the Eyes"],"picked":"Self Repair","floor":20.0},{"not_picked":["Redo","Reprogram"],"picked":"FTL","floor":22.0},{"not_picked":["Redo","Rebound","Leap"],"picked":"SKIP","floor":24.0},{"not_picked":["Hologram+1","Gash"],"picked":"Self Repair","floor":27.0},{"not_picked":["Barrage","Skim+1"],"picked":"Auto Shields+1","floor":29.0},{"not_picked":["Cold Snap+1","Sweeping Beam+1"],"picked":"Defragment","floor":31},{"not_picked":["Coolheaded","Turbo+1"],"picked":"BootSequence","floor":32},{"not_picked":["Machine Learning","Amplify"],"picked":"All For One+1","floor":33},{"not_picked":["Fusion","Streamline+1","Double Energy"],"picked":"SKIP","floor":35},{"not_picked":["Dark Shackles","Mind Blast+1"],"picked":"Master of Strategy","floor":36},{"not_picked":["Undo+1","Compile Driver+1"],"picked":"Defragment","floor":38},{"not_picked":["Redo","Conserve Battery"],"picked":"Cold Snap+1","floor":40},{"not_picked":["Coolheaded","Thunder Strike+1"],"picked":"Force Field+1","floor":41},{"not_picked":["Go for the Eyes+1","Turbo+1"],"picked":"Glacier","floor":44},{"not_picked":["Doom and Gloom+1","Go for the Eyes+1"],"picked":"Cold Snap+1","floor":45},{"not_picked":["Chaos","Streamline+1"],"picked":"BootSequence+1","floor":46}],"player_experience":238956,"relics_obtained":[{"floor":9.0,"key":"Ancient Tea Set"},{"floor":10.0,"key":"Incense Burner"},{"floor":20.0,"key":"Red Mask"},{"floor":26.0,"key":"Bag of Preparation"},{"floor":29.0,"key":"Matryoshka"},{"floor":30.0,"key":"Molten Egg 2"},{"floor":30.0,"key":"Dream Catcher"},{"floor":38,"key":"Pocketwatch"},{"floor":39,"key":"Bag of Marbles"},{"floor":39,"key":"Gremlin Horn"},{"floor":41,"key":"Strawberry"},{"floor":42,"key":"DataDisk"},{"floor":43,"key":"Pen Nib"}],"event_choices":[{"damage_healed":0.0,"max_hp_gain":0.0,"max_hp_loss":0.0,"gold_gain":175.0,"event_name":"Liars Game","player_choice":"AGREE","floor":3.0,"gold_loss":0.0,"damage_taken":0.0,"cards_obtained":["Doubt"]},{"cards_removed":["Doubt"],"damage_healed":0.0,"max_hp_gain":0.0,"max_hp_loss":0.0,"gold_gain":0.0,"event_name":"Golden Wing","player_choice":"Card Removal","floor":4.0,"gold_loss":0.0,"damage_taken":7.0},{"damage_healed":0.0,"max_hp_gain":0.0,"max_hp_loss":0.0,"gold_gain":0.0,"event_name":"Shining Light","player_choice":"Entered Light","floor":13.0,"gold_loss":0.0,"damage_taken":15.0,"cards_upgraded":["Dualcast","Defend_B"]},{"damage_healed":0.0,"max_hp_gain":0.0,"max_hp_loss":0.0,"gold_gain":100.0,"event_name":"Golden Shrine","player_choice":"Pray","floor":14.0,"gold_loss":0.0,"damage_taken":0.0},{"damage_healed":0.0,"max_hp_gain":0.0,"max_hp_loss":0.0,"gold_gain":0.0,"event_name":"Ghosts","player_choice":"Ignored","floor":19.0,"gold_loss":0.0,"damage_taken":0.0},{"damage_healed":0.0,"max_hp_gain":0.0,"max_hp_loss":0.0,"gold_gain":0.0,"event_name":"Masked Bandits","player_choice":"Fought Bandits","floor":20.0,"gold_loss":0.0,"damage_taken":0.0},{"damage_healed":0,"gold_gain":0,"player_choice":"Memory 1","damage_taken":0,"max_hp_gain":0,"max_hp_loss":0,"event_name":"SensoryStone","floor":36,"gold_loss":0},{"damage_healed":19,"gold_gain":0,"player_choice":"Writhe","damage_taken":0,"max_hp_gain":0,"max_hp_loss":0,"event_name":"Winding Halls","floor":37,"gold_loss":0,"cards_obtained":["Writhe"]},{"damage_healed":0,"gold_gain":0,"player_choice":"Fight","damage_taken":0,"max_hp_gain":0,"max_hp_loss":0,"event_name":"Mysterious Sphere","floor":38,"gold_loss":0},{"cards_removed":["Defend_B"],"damage_healed":0,"gold_gain":0,"player_choice":"Removed Skill","damage_taken":0,"max_hp_gain":0,"max_hp_loss":0,"event_name":"Falling","floor":48,"gold_loss":0}],"is_beta":false,"boss_relics":[{"not_picked":["Runic Pyramid","Sozu"],"picked":"Eternal Feather"},{"not_picked":["Snecko Eye","Fusion Hammer"],"picked":"Empty Cage"}],"items_purged_floors":[],"is_endless":false,"potions_floor_spawned":[2,7,20,24,29,31,33,35,41],"ascension_level":7}