{"gold_per_floor":[114,125,125,125,45,76,96,128,128,150,179,4,16,49,49,148,148,128,140,160,160,48,48],"floor_reached":23,"playtime":2693,"items_purged":[],"score":213,"play_id":"0cfb08f5-8346-4817-b53c-ec832b000a8f","local_time":"20190712092734","is_ascension_mode":false,"campfire_choices":[{"floor":15,"key":"REST"}],"neow_cost":"NONE","seed_source_timestamp":9063016993175,"circlet_count":0,"master_deck":["Strike_G","Strike_G+1","Strike_G","Strike_G","Strike_G","Defend_G","Defend_G","Defend_G","Defend_G","Defend_G","Survivor","Neutralize","Distraction","Dodge and Roll","Bane","Adrenaline","Neutralize+1","Envenom","Finisher","Predator","Finisher","Prepared","Bouncing Flask","Apotheosis","Prepared","Crippling Poison","A Thousand Cuts","Deadly Poison","Underhanded Strike","Blade Dance","Well Laid Plans","Endless Agony"],"special_seed":0,"relics":["Ring of the Snake","Whetstone","Gremlin Horn","MawBank","Girya","Fusion Hammer"],"potions_floor_usage":[],"damage_taken":[{"damage":0.0,"enemies":"Jaw Worm","floor":1.0,"turns":6.0},{"damage":1.0,"enemies":"Cultist","floor":2.0,"turns":5.0},{"damage":37.0,"enemies":"3 Sentries","floor":6.0,"turns":12.0},{"damage":8.0,"enemies":"Small Slimes","floor":7.0,"turns":3.0},{"damage":8,"enemies":"Lagavulin","floor":8,"turns":7},{"damage":4,"enemies":"Blue Slaver","floor":10,"turns":4},{"damage":0,"enemies":"Looter","floor":11,"turns":4},{"damage":1,"enemies":"2 Fungi Beasts","floor":13,"turns":4},{"damage":2,"enemies":"3 Sentries","floor":14,"turns":8},{"damage":28,"enemies":"Hexaghost","floor":16,"turns":9},{"damage":18,"enemies":"2 Thieves","floor":18,"turns":4},{"damage":20,"enemies":"Spheric Guardian","floor":19,"turns":5},{"damage":18,"enemies":"Centurion and Healer","floor":20,"turns":7},{"damage":27,"enemies":"Slavers","floor":23,"turns":2}],"seed_played":"-5482517598257042836","potions_obtained":[{"floor":1.0,"key":"AttackPotion"},{"floor":2.0,"key":"Fire Potion"},{"floor":10,"key":"Weak Potion"},{"floor":11,"key":"AttackPotion"},{"floor":13,"key":"Strength Potion"}],"is_trial":false,"path_per_floor":["M","M","?","?","$","E","M","E","T","M","M","$","M","E","R","B",null,"M","M","M","?","$","E"],"character_chosen":"THE_SILENT","items_purchased":["Envenom","Apotheosis","Well Laid Plans","Endless Agony"],"campfire_rested":1,"item_purchase_floors":[5,12,22,22],"current_hp_per_floor":[77,76,76,76,76,39,31,23,23,19,19,19,18,16,39,11,77,59,39,21,21,21,0],"gold":48,"neow_bonus":"TEN_PERCENT_HP_BONUS","is_prod":false,"is_daily":false,"chose_seed":false,"campfire_upgraded":0,"win_rate":0.0,"timestamp":1562916454,"path_taken":["M","M","?","?","$","E","M","E","T","?","M","$","M","E","R","BOSS","M","M","M","?","$","E"],"build_version":"2019-07-05","purchased_purges":0,"victory":false,"max_hp_per_floor":[77,77,77,77,77,77,77,77,77,77,77,77,77,77,77,77,77,77,77,77,77,77,77],"card_choices":[{"not_picked":["Leg Sweep","Prepared"],"picked":"Distraction","floor":1.0},{"not_picked":["Poisoned Stab","Acrobatics"],"picked":"Dodge and Roll","floor":2.0},{"not_picked":["Slice","Catalyst"],"picked":"Finisher","floor":6.0},{"not_picked":["Dagger Spray","Sucker Punch"],"picked":"Predator","floor":7.0},{"not_picked":["Phantasmal Killer","Predator"],"picked":"Finisher","floor":8},{"not_picked":["Sucker Punch","Choke"],"picked":"Prepared","floor":10},{"not_picked":["Dagger Spray","Distraction"],"picked":"Bouncing Flask","floor":11},{"not_picked":["Blur","Underhanded Strike"],"picked":"Prepared","floor":13},{"not_picked":["Accuracy","Outmaneuver"],"picked":"Crippling Poison","floor":14},{"not_picked":["Phantasmal Killer","Storm of Steel"],"picked":"A Thousand Cuts","floor":16},{"not_picked":["Flechettes","Choke+1"],"picked":"Deadly Poison","floor":18},{"not_picked":["Slice","Prepared+1"],"picked":"Underhanded Strike","floor":19},{"not_picked":["Underhanded Strike","Tactician"],"picked":"Blade Dance","floor":20}],"player_experience":106475,"relics_obtained":[{"floor":6.0,"key":"Whetstone"},{"floor":8,"key":"Gremlin Horn"},{"floor":9,"key":"MawBank"},{"floor":14,"key":"Girya"}],"event_choices":[{"damage_healed":0.0,"max_hp_gain":0.0,"max_hp_loss":0.0,"gold_gain":0.0,"event_name":"Golden Wing","player_choice":"Ignored","floor":3.0,"gold_loss":0.0,"damage_taken":0.0},{"damage_healed":0.0,"max_hp_gain":0.0,"max_hp_loss":0.0,"gold_gain":0.0,"event_name":"Match and Keep!","player_choice":"3 cards matched","floor":4.0,"gold_loss":0.0,"damage_taken":0.0,"cards_obtained":["Bane","Adrenaline","Neutralize"]},{"damage_healed":0,"gold_gain":0,"player_choice":"Ignored","damage_taken":0,"max_hp_gain":0,"max_hp_loss":0,"event_name":"Ghosts","floor":21,"gold_loss":0}],"is_beta":false,"boss_relics":[{"not_picked":["Runic Dome","Busted Crown"],"picked":"Fusion Hammer"}],"items_purged_floors":[],"is_endless":false,"potions_floor_spawned":[1,2,10,11,13,14,20],"killed_by":"Slavers","ascension_level":0}