{"gold_per_floor":[119,136,156,173,191,223,233,263,263,263,263],"floor_reached":11,"playtime":1232,"items_purged":[],"score":87,"play_id":"4e5846da-c274-4095-8d0d-287c7811b5c8","local_time":"20190712084113","is_ascension_mode":false,"campfire_choices":[],"neow_cost":"NONE","seed_source_timestamp":7818418498355,"circlet_count":0,"master_deck":["Strike_G","Strike_G","Strike_G","Strike_G","Strike_G","Defend_G","Defend_G","Defend_G","Defend_G","Defend_G","Survivor","Neutralize","Accuracy","Bane","Cloak And Dagger","Deflect","Noxious Fumes","Underhanded Strike","Blur","Backflip"],"relics":["Ring of the Snake","The Specimen","Happy Flower","Bag of Preparation"],"potions_floor_usage":[],"damage_taken":[{"damage":0,"enemies":"Jaw Worm","floor":1,"turns":7},{"damage":0,"enemies":"Small Slimes","floor":2,"turns":4},{"damage":0,"enemies":"Cultist","floor":3,"turns":4},{"damage":5,"enemies":"Exordium Wildlife","floor":4,"turns":4},{"damage":2,"enemies":"Blue Slaver","floor":5,"turns":4},{"damage":31,"enemies":"3 Sentries","floor":6,"turns":9},{"damage":11,"enemies":"Lots of Slimes","floor":7,"turns":4},{"damage":25,"enemies":"Gremlin Nob","floor":8,"turns":5},{"damage":0,"enemies":"3 Sentries","floor":11,"turns":2}],"seed_played":"4930352311707136621","potions_obtained":[{"floor":3,"key":"Poison Potion"},{"floor":5,"key":"Poison Potion"},{"floor":8,"key":"FearPotion"}],"is_trial":false,"path_per_floor":["M","M","M","M","M","E","M","E","T","?","E"],"character_chosen":"THE_SILENT","items_purchased":[],"campfire_rested":0,"item_purchase_floors":[],"current_hp_per_floor":[77,77,77,72,70,39,28,3,3,3,3],"gold":263,"neow_bonus":"TEN_PERCENT_HP_BONUS","is_prod":false,"is_daily":false,"chose_seed":false,"campfire_upgraded":0,"win_rate":0.0,"timestamp":1562913673,"path_taken":["M","M","M","M","M","E","M","E","T","?","E"],"build_version":"2019-07-05","purchased_purges":0,"victory":false,"max_hp_per_floor":[77,77,77,77,77,77,77,77,77,77,77],"card_choices":[{"not_picked":["Dodge and Roll","Distraction"],"picked":"Accuracy","floor":1},{"not_picked":["Dagger Spray","Masterful Stab"],"picked":"Bane","floor":2},{"not_picked":["Deadly Poison","Dagger Throw"],"picked":"Cloak And Dagger","floor":3},{"not_picked":["Tactician","Prepared"],"picked":"Deflect","floor":4},{"not_picked":["Slice","Endless Agony"],"picked":"Noxious Fumes","floor":5},{"not_picked":["Slice","Dagger Spray"],"picked":"Underhanded Strike","floor":6},{"not_picked":["Underhanded Strike","Eviscerate"],"picked":"Blur","floor":7},{"not_picked":["Poisoned Stab","Heel Hook"],"picked":"Backflip","floor":8}],"player_experience":105243,"relics_obtained":[{"floor":6,"key":"The Specimen"},{"floor":8,"key":"Happy Flower"},{"floor":9,"key":"Bag of Preparation"}],"event_choices":[{"damage_healed":0,"gold_gain":0,"player_choice":"Ignored","damage_taken":0,"max_hp_gain":0,"max_hp_loss":0,"event_name":"Shining Light","floor":10,"gold_loss":0}],"is_beta":false,"boss_relics":[],"items_purged_floors":[],"is_endless":false,"potions_floor_spawned":[3,5,8],"killed_by":"3 Sentries","ascension_level":0}