{"gold_per_floor":[128,215,402,514,545,557,569,581,647,659,712,724,780,133,133,254,254,275,275,30,30,30,30],"floor_reached":23,"playtime":906,"items_purged":["Doubt"],"score":386,"play_id":"a7ed871e-dc56-4ef9-bea2-2453eb857aaf","local_time":"20181210164302","is_ascension_mode":true,"campfire_choices":[{"data":"Zap","floor":6,"key":"SMITH"},{"data":"Compile Driver","floor":8,"key":"SMITH"},{"data":"Sunder","floor":10,"key":"SMITH"},{"data":"White Noise","floor":12,"key":"SMITH"},{"data":"Apotheosis","floor":15,"key":"SMITH"}],"neow_cost":"NONE","seed_source_timestamp":2311999653519477,"circlet_count":0,"master_deck":["Strike_B","Strike_B","Strike_B","Strike_B","Defend_B","Defend_B","Defend_B","Defend_B","Zap+1","Dualcast","Sunder+1","Compile Driver+1","White Noise+1","Echo Form","Apotheosis+1","Self Repair","Machine Learning","Leap+1"],"relics":["Cracked Core","MawBank","Golden Idol","Dream Catcher","Mango","Bottled Lightning","FossilizedHelix","Inserter","Omamori","Bottled Tornado"],"potions_floor_usage":[11,11],"damage_taken":[{"damage":0,"enemies":"Small Slimes","floor":1,"turns":3},{"damage":3,"enemies":"2 Louse","floor":5,"turns":2},{"damage":0,"enemies":"Gremlin Nob","floor":11,"turns":2},{"damage":19,"enemies":"Lagavulin","floor":13,"turns":8},{"damage":0,"enemies":"The Guardian","floor":16,"turns":10},{"damage":43,"enemies":"3 Byrds","floor":18,"turns":6},{"damage":74,"enemies":"Book of Stabbing","floor":23,"turns":5}],"seed_played":"-7717268887601983069","potions_obtained":[{"floor":1,"key":"Swift Potion"},{"floor":5,"key":"AttackPotion"},{"floor":13,"key":"FocusPotion"}],"is_trial":false,"path_per_floor":["M","?","?","?","M","R","?","R","T","R","E","R","E","$","R","B",null,"M","?","$","?","$","E"],"character_chosen":"DEFECT","items_purchased":["Apotheosis","FossilizedHelix","Self Repair","Bottled Tornado"],"campfire_rested":0,"item_purchase_floors":[14,14,14,20],"current_hp_per_floor":[68,57,57,57,54,54,54,54,54,54,68,68,49,49,49,59,77,44,44,44,71,71,0],"gold":30,"neow_bonus":"RANDOM_COMMON_RELIC","is_prod":false,"is_daily":false,"chose_seed":false,"campfire_upgraded":5,"win_rate":0,"timestamp":1544478182,"path_taken":["M","?","?","?","?","R","?","R","T","R","E","R","E","$","R","BOSS","M","?","$","?","?","E"],"build_version":"2018-12-06","purchased_purges":1,"victory":false,"max_hp_per_floor":[75,75,75,75,75,75,69,69,69,69,83,83,83,83,83,83,83,83,83,83,83,83,83],"card_choices":[{"not_picked":["Beam Cell","Storm"],"picked":"Sunder","floor":1},{"not_picked":["Rebound","FTL"],"picked":"Compile Driver","floor":5},{"not_picked":["Lockon","Storm"],"picked":"White Noise","floor":11},{"not_picked":["Darkness","Blizzard"],"picked":"Echo Form","floor":13},{"not_picked":["Hyperbeam","Multi-Cast"],"picked":"Machine Learning","floor":16},{"not_picked":["Lockon","Steam Power"],"picked":"Leap+1","floor":18}],"player_experience":2804965,"relics_obtained":[{"floor":9,"key":"Dream Catcher"},{"floor":11,"key":"Mango"},{"floor":13,"key":"Bottled Lightning"}],"event_choices":[{"damage_healed":0,"gold_gain":75,"player_choice":"Gather Gold","damage_taken":11,"max_hp_gain":0,"max_hp_loss":0,"event_name":"World of Goop","floor":2,"gold_loss":0},{"damage_healed":0,"gold_gain":175,"player_choice":"AGREE","damage_taken":0,"max_hp_gain":0,"max_hp_loss":0,"event_name":"Liars Game","floor":3,"gold_loss":0,"cards_obtained":["Doubt"]},{"damage_healed":0,"gold_gain":100,"player_choice":"Pray","damage_taken":0,"max_hp_gain":0,"max_hp_loss":0,"event_name":"Golden Shrine","floor":4,"gold_loss":0},{"damage_healed":0,"gold_gain":0,"player_choice":"Lose Max HP","damage_taken":0,"relics_obtained":["Golden Idol"],"max_hp_gain":0,"max_hp_loss":6,"event_name":"Golden Idol","floor":7,"gold_loss":0},{"damage_healed":0,"gold_gain":0,"player_choice":"Opened","damage_taken":0,"relics_obtained":["Omamori"],"max_hp_gain":0,"max_hp_loss":0,"event_name":"The Mausoleum","floor":19,"gold_loss":0},{"damage_healed":27,"gold_gain":0,"player_choice":"Heal","damage_taken":0,"max_hp_gain":0,"max_hp_loss":0,"event_name":"The Library","floor":21,"gold_loss":0}],"is_beta":false,"boss_relics":[{"not_picked":["Runic Dome","Ectoplasm"],"picked":"Inserter"}],"items_purged_floors":[14],"is_endless":false,"potions_floor_spawned":[1,5,13],"killed_by":"Book of Stabbing","ascension_level":9}