{"gold_per_floor":[114,114,129,144,159,189,14,44,44,74,89,104,104,134,134,234,234,249,249,264,37,52,82,82,112,162,192,192,207,96,126,126,226,226,241,541,1,1,49,49,79,79,79,109,109,139,139,139,139,139],"floor_reached":51,"playtime":5164,"items_purged":["Strike_G"],"score":962,"play_id":"e6340f17-2c2e-4813-b6a7-68c7091e598b","local_time":"20180911105821","daily_mods":["Brewmaster","Elite Swarm","Night Terrors"],"is_ascension_mode":false,"campfire_choices":[{"data":"After Image","floor":13,"key":"SMITH"},{"data":"Malaise","floor":15,"key":"SMITH"},{"data":"Dagger Spray","floor":24,"key":"SMITH"},{"data":"Crippling Poison","floor":32,"key":"SMITH"},{"data":"Skewer","floor":40,"key":"SMITH"},{"data":"Burst","floor":42,"key":"SMITH"},{"floor":45,"key":"REST"},{"data":"Night Terror","floor":49,"key":"SMITH"}],"neow_cost":"","seed_source_timestamp":0,"circlet_count":0,"master_deck":["Defend_G","Defend_G","Defend_G","Defend_G+1","Defend_G","Strike_G","Survivor","Neutralize","Venomology","Venomology","Venomology+1","Venomology","Venomology","Dagger Spray+1","Deadly Poison","Calculated Gamble","Corpse Explosion","Flying Knee","After Image","After Image+1","Malaise+1","Phantasmal Killer","Skewer+1","Underhanded Strike+1","Caltrops","Predator","Prepared","Blur","Die Die Die","Night Terror+1","Backflip+1","Crippling Poison+1","Footwork","Adrenaline","Glass Knife","Dodge and Roll+1","Terror","Skewer+1","Burst+1","After Image"],"special_seed":17785,"relics":["Ring of the Snake","White Beast Statue","Question Card","Ancient Tea Set","Anchor","Pantograph","Lantern","Blood Vial","HoveringKite","Ninja Scroll","Snake Skull","War Paint","Letter Opener","Juzu Bracelet","Empty Cage","Chemical X","Bottled Tornado","Peace Pipe","Tingsha","Mummified Hand","Dodecahedron","Unceasing Top"],"potions_floor_usage":[1,1,3,4,4,5,5,6,6,6,6,6,8,8,8,8,10,10,10,10,11,12,14,14,14,14,16,16,16,16,16,16,16,18,18,20,22,22,23,23,23,23,25,25,25,25,27,27,27,29,29,31,33,33,33,33,33,33,33,33,35,39,39,41,41,44,44,44,44,44,46,50,50,50,50],"damage_taken":[{"damage":3,"enemies":"Jaw Worm","floor":1,"turns":6},{"damage":0,"enemies":"2 Louse","floor":3,"turns":2},{"damage":0,"enemies":"Small Slimes","floor":4,"turns":2},{"damage":1,"enemies":"Red Slaver","floor":5,"turns":3},{"damage":18,"enemies":"Gremlin Nob","floor":6,"turns":4},{"damage":2,"enemies":"3 Sentries","floor":8,"turns":5},{"damage":9,"enemies":"Lagavulin","floor":10,"turns":6},{"damage":0,"enemies":"Exordium Wildlife","floor":11,"turns":3},{"damage":0,"enemies":"Looter","floor":12,"turns":3},{"damage":0,"enemies":"Gremlin Nob","floor":14,"turns":1},{"damage":8,"enemies":"Slime Boss","floor":16,"turns":11},{"damage":7,"enemies":"2 Thieves","floor":18,"turns":3},{"damage":0,"enemies":"Spheric Guardian","floor":20,"turns":2},{"damage":3,"enemies":"Chosen and Byrds","floor":22,"turns":4},{"damage":27,"enemies":"Slavers","floor":23,"turns":4},{"damage":43,"enemies":"Gremlin Leader","floor":25,"turns":9},{"damage":5,"enemies":"Book of Stabbing","floor":27,"turns":4},{"damage":0,"enemies":"Snake Plant","floor":29,"turns":4},{"damage":0,"enemies":"Slavers","floor":31,"turns":1},{"damage":32,"enemies":"Collector","floor":33,"turns":9},{"damage":0,"enemies":"3 Darklings","floor":35,"turns":1},{"damage":6,"enemies":"Mysterious Sphere","floor":39,"turns":3},{"damage":20,"enemies":"Nemesis","floor":41,"turns":7},{"damage":23,"enemies":"Giant Head","floor":44,"turns":10},{"damage":0,"enemies":"2 Orb Walkers","floor":46,"turns":2},{"damage":3,"enemies":"Donu and Deca","floor":50,"turns":4}],"seed_played":"-1622456894830768675","potions_obtained":[{"floor":1,"key":"Ancient Potion"},{"floor":3,"key":"AttackPotion"},{"floor":4,"key":"Block Potion"},{"floor":5,"key":"EssenceOfSteel"},{"floor":6,"key":"EssenceOfSteel"},{"floor":8,"key":"SkillPotion"},{"floor":10,"key":"Swift Potion"},{"floor":11,"key":"PowerPotion"},{"floor":12,"key":"Fire Potion"},{"floor":14,"key":"Poison Potion"},{"floor":16,"key":"Poison Potion"},{"floor":18,"key":"GamblersBrew"},{"floor":20,"key":"Regen Potion"},{"floor":22,"key":"GhostInAJar"},{"floor":23,"key":"Swift Potion"},{"floor":25,"key":"SneckoOil"},{"floor":27,"key":"Dexterity Potion"},{"floor":29,"key":"AttackPotion"},{"floor":31,"key":"Dexterity Potion"},{"floor":33,"key":"Fruit Juice"},{"floor":35,"key":"SteroidPotion"},{"floor":39,"key":"EssenceOfSteel"},{"floor":41,"key":"FearPotion"},{"floor":44,"key":"Weak Potion"},{"floor":46,"key":"SpeedPotion"}],"is_trial":false,"path_per_floor":["M","?","M","M","M","E","$","E","T","E","M","M","R","E","R","B",null,"M","?","M","$","M","E","R","E","T","E","?","M","$","E","R","B",null,"M","?","$","?","?","R","E","R","T","E","R","E","?","?","R","B"],"character_chosen":"THE_SILENT","items_purchased":["Ancient Tea Set","Flying Knee","Caltrops","Predator","Prepared","Crippling Poison","Footwork","Chemical X","Bottled Tornado","Terror","Poison Potion"],"campfire_rested":1,"item_purchase_floors":[7,7,21,21,21,30,30,37,37,37,37],"current_hp_per_floor":[67,60,60,60,59,41,41,39,39,30,30,30,30,30,30,49,70,63,56,58,58,57,46,46,44,44,41,41,43,43,45,45,43,75,75,75,75,75,69,69,51,51,51,30,70,70,66,66,66,63],"gold":139,"neow_bonus":"","is_prod":false,"is_daily":true,"chose_seed":false,"campfire_upgraded":7,"win_rate":0,"timestamp":1536677901,"path_taken":["M","?","M","M","M","E","$","E","T","E","M","M","R","E","R","BOSS","M","?","M","$","M","E","R","E","T","E","?","M","$","E","R","BOSS","M","?","$","?","?","R","E","R","T","E","R","E","?","?","R","BOSS"],"build_version":"2018-09-06","purchased_purges":1,"victory":true,"max_hp_per_floor":[70,70,70,70,70,70,70,70,70,70,70,70,70,70,70,70,70,70,70,70,70,70,70,70,70,70,70,70,70,70,70,70,75,75,75,75,75,75,75,75,75,75,75,75,70,70,66,66,66,66],"card_choices":[{"not_picked":["Blade Dance","Prepared"],"picked":"Dagger Spray","floor":1},{"not_picked":["Poisoned Stab","Bane"],"picked":"Deadly Poison","floor":3},{"not_picked":["Acrobatics","Dagger Spray"],"picked":"Calculated Gamble","floor":4},{"not_picked":["Bane","Cloak And Dagger","Acrobatics"],"picked":"SKIP","floor":5},{"not_picked":["Storm of Steel","Unload"],"picked":"Corpse Explosion","floor":6},{"not_picked":["Malaise","Bullet Time","Adrenaline"],"picked":"After Image","floor":8},{"not_picked":["Doppelganger","Tools of the Trade","Glass Knife"],"picked":"After Image","floor":10},{"not_picked":["Flying Knee","Bane","Quick Slash","Acrobatics"],"picked":"SKIP","floor":11},{"not_picked":["Dagger Spray","Outmaneuver","Dash","Blade Dance"],"picked":"SKIP","floor":12},{"not_picked":["Phantasmal Killer","Bullet Time","Doppelganger"],"picked":"Malaise","floor":14},{"not_picked":["Malaise","Venomology","Grand Finale"],"picked":"Phantasmal Killer","floor":16},{"not_picked":["Prepared","Cloak And Dagger+1","Blade Dance+1"],"picked":"Skewer+1","floor":18},{"not_picked":["Acrobatics","Leg Sweep","Sucker Punch"],"picked":"Underhanded Strike+1","floor":20},{"not_picked":["Heel Hook","Blade Dance","Prepared"],"picked":"Blur","floor":22},{"not_picked":["Wraith Form v2","Grand Finale","Envenom"],"picked":"A Thousand Cuts","floor":23},{"not_picked":["A Thousand Cuts","Envenom","Bullet Time"],"picked":"Die Die Die","floor":25},{"not_picked":["Envenom","Wraith Form v2","Tools of the Trade"],"picked":"Night Terror","floor":27},{"not_picked":["Dash","Accuracy","Quick Slash","Setup+1"],"picked":"SKIP","floor":29},{"not_picked":["Doppelganger","Malaise","Corpse Explosion"],"picked":"Adrenaline","floor":31},{"not_picked":["Night Terror","Wraith Form v2","Storm of Steel"],"picked":"Glass Knife","floor":33},{"not_picked":["Deflect+1","All Out Attack","Outmaneuver"],"picked":"Dodge and Roll+1","floor":35},{"not_picked":["Dodge and Roll+1","Cloak And Dagger+1","Noxious Fumes"],"picked":"Skewer","floor":39},{"not_picked":["After Image","Tools of the Trade","Malaise"],"picked":"Burst","floor":41},{"not_picked":["Doppelganger","Wraith Form v2","Unload"],"picked":"After Image","floor":44},{"not_picked":["Wraith Form v2","Grand Finale","Tools of the Trade","Bullet Time"],"picked":"SKIP","floor":46}],"player_experience":2063467,"relics_obtained":[{"floor":6,"key":"Question Card"},{"floor":8,"key":"Anchor"},{"floor":9,"key":"Pantograph"},{"floor":10,"key":"Lantern"},{"floor":14,"key":"Blood Vial"},{"floor":23,"key":"Ninja Scroll"},{"floor":25,"key":"Snake Skull"},{"floor":26,"key":"War Paint"},{"floor":27,"key":"Letter Opener"},{"floor":31,"key":"Juzu Bracelet"},{"floor":39,"key":"Peace Pipe"},{"floor":41,"key":"Tingsha"},{"floor":43,"key":"Mummified Hand"},{"floor":44,"key":"Dodecahedron"},{"floor":46,"key":"Unceasing Top"}],"event_choices":[{"event_name":"Golden Wing","player_choice":"Card Removal","floor":2,"damage_taken":0},{"event_name":"Wheel of Change","player_choice":"Damage","floor":19,"damage_taken":0},{"event_name":"The Library","player_choice":"Read","floor":28,"damage_taken":0},{"event_name":"Wheel of Change","player_choice":"Gold","floor":36,"damage_taken":0},{"event_name":"Falling","player_choice":"Removed Power","floor":38,"damage_taken":0},{"event_name":"Mysterious Sphere","player_choice":"Fight","floor":39,"damage_taken":0},{"event_name":"Winding Halls","player_choice":"Max HP","floor":47,"damage_taken":0},{"event_name":"Upgrade Shrine","player_choice":"Upgraded","floor":48,"damage_taken":0}],"is_beta":false,"boss_relics":[{"not_picked":["Runic Pyramid","Fusion Hammer"],"picked":"HoveringKite"},{"not_picked":["Pandora\u0027s Box","Calling Bell"],"picked":"Empty Cage"}],"items_purged_floors":[21],"is_endless":false,"potions_floor_spawned":[1,3,4,5,6,8,10,11,12,14,16,18,20,22,23,25,27,29,31,33,35,39,41,44,46],"ascension_level":0}