{"gold_per_floor":[112,128,53,64,74,74,109,123,146,146,223,223,245,255,255,329,329,345,365,280,4,16,16,46,46,115,129,129,157,157,168,168,243,243,262,262,262,51,71,71,104,104],"floor_reached":42,"playtime":3926,"items_purged":[],"score":909,"play_id":"c2be1a04-99b8-494a-bc9b-39b259675ac9","local_time":"20181112144635","is_ascension_mode":true,"campfire_choices":[{"data":"Neutralize","floor":6,"key":"SMITH"},{"floor":10,"key":"REST"},{"floor":15,"key":"REST"},{"data":"Noxious Fumes","floor":23,"key":"SMITH"},{"floor":25,"key":"REST"},{"floor":28,"key":"REST"},{"floor":32,"key":"REST"},{"floor":40,"key":"REST"}],"neow_cost":"TEN_PERCENT_HP_LOSS","seed_source_timestamp":676228490646088,"circlet_count":0,"master_deck":["AscendersBane","Defend_G","Defend_G","Defend_G","Defend_G","Defend_G","Strike_G","Strike_G","Survivor","Neutralize+1","Caltrops","Predator","Slice","Dagger Spray","Leg Sweep","Quick Slash","Backstab","Calculated Gamble","Backflip","Flechettes","After Image","Noxious Fumes+1","PiercingWail","Well Laid Plans+1","Prepared","Backflip","PiercingWail","Adrenaline","Reboot"],"relics":["Ring of the Snake","Happy Flower","Centennial Puzzle","Gremlin Horn","Odd Mushroom","Velvet Choker","Omamori","Bag of Preparation","Pen Nib","Mummified Hand","Art of War","Busted Crown","Sundial","PrismaticShard","PreservedInsect"],"potions_floor_usage":[8,13,16,18,24,24,33,42],"damage_taken":[{"damage":0,"enemies":"Jaw Worm","floor":1,"turns":4},{"damage":0,"enemies":"2 Louse","floor":2,"turns":2},{"damage":4,"enemies":"Small Slimes","floor":4,"turns":4},{"damage":4,"enemies":"Blue Slaver","floor":5,"turns":5},{"damage":37,"enemies":"3 Sentries","floor":7,"turns":9},{"damage":2,"enemies":"Large Slime","floor":8,"turns":3},{"damage":5,"enemies":"The Mushroom Lair","floor":13,"turns":3},{"damage":0,"enemies":"3 Louse","floor":14,"turns":3},{"damage":22,"enemies":"The Guardian","floor":16,"turns":16},{"damage":2,"enemies":"3 Byrds","floor":18,"turns":3},{"damage":12,"enemies":"Spheric Guardian","floor":19,"turns":4},{"damage":0,"enemies":"3 Cultists","floor":22,"turns":5},{"damage":25,"enemies":"Slavers","floor":24,"turns":5},{"damage":3,"enemies":"Centurion and Healer","floor":27,"turns":7},{"damage":15,"enemies":"Gremlin Leader","floor":29,"turns":6},{"damage":2,"enemies":"Snecko","floor":31,"turns":5},{"damage":20,"enemies":"Automaton","floor":33,"turns":11},{"damage":0,"enemies":"3 Shapes","floor":35,"turns":6},{"damage":7,"enemies":"Orb Walker","floor":39,"turns":4},{"damage":8,"enemies":"Reptomancer","floor":41,"turns":8},{"damage":52,"enemies":"Spire Growth","floor":42,"turns":7}],"seed_played":"7305621486297646874","potions_obtained":[{"floor":7,"key":"SteroidPotion"},{"floor":8,"key":"LiquidBronze"},{"floor":13,"key":"PowerPotion"},{"floor":16,"key":"Regen Potion"},{"floor":19,"key":"Dexterity Potion"},{"floor":22,"key":"PowerPotion"},{"floor":29,"key":"SteroidPotion"},{"floor":33,"key":"SteroidPotion"},{"floor":39,"key":"Swift Potion"}],"is_trial":false,"path_per_floor":["M","M","?","M","M","R","E","M","T","R","?","T","?","M","R","B",null,"M","M","?","$","M","R","E","R","T","M","R","E","?","M","R","B",null,"M","?","?","$","M","R","E","M"],"character_chosen":"THE_SILENT","items_purchased":["Bag of Preparation","Noxious Fumes","PiercingWail","PrismaticShard"],"campfire_rested":6,"item_purchase_floors":[21,21,21,38],"current_hp_per_floor":[59,59,59,55,51,51,14,12,12,30,30,30,25,25,43,21,50,57,45,45,45,45,45,20,38,38,35,53,38,38,36,54,34,54,54,54,54,54,47,60,52,0],"gold":104,"neow_bonus":"TRANSFORM_TWO_CARDS","is_prod":false,"is_daily":false,"chose_seed":false,"campfire_upgraded":2,"win_rate":0,"timestamp":1542051995,"path_taken":["M","M","?","M","M","R","E","M","T","R","?","?","?","M","R","BOSS","M","M","?","$","M","R","E","R","T","M","R","E","?","M","R","BOSS","M","?","?","$","M","R","E","?"],"build_version":"2018-11-08","purchased_purges":0,"victory":false,"max_hp_per_floor":[60,60,60,60,60,60,60,60,60,60,60,60,60,60,60,60,60,60,60,60,60,60,60,60,60,60,60,60,60,60,60,60,60,60,60,60,60,60,60,60,60,60],"card_choices":[{"not_picked":["Underhanded Strike","Prepared"],"picked":"Slice","floor":1},{"not_picked":["Dagger Throw","Poisoned Stab"],"picked":"Dagger Spray","floor":2},{"not_picked":["Quick Slash","Predator"],"picked":"Leg Sweep","floor":4},{"not_picked":["Choke","All Out Attack"],"picked":"Quick Slash","floor":5},{"not_picked":["Heel Hook","Masterful Stab"],"picked":"Backstab","floor":7},{"not_picked":["Deflect","Expertise"],"picked":"Calculated Gamble","floor":8},{"not_picked":["Deflect","Deadly Poison"],"picked":"Backflip","floor":13},{"not_picked":["Cloak And Dagger","Eviscerate"],"picked":"Flechettes","floor":14},{"not_picked":["Die Die Die","Adrenaline"],"picked":"After Image","floor":16},{"not_picked":["Quick Slash","Dodge and Roll","Dagger Throw"],"picked":"SKIP","floor":18},{"not_picked":["Setup","Leg Sweep","Bane"],"picked":"SKIP","floor":19},{"not_picked":["Blade Dance","Dagger Throw"],"picked":"Well Laid Plans+1","floor":22},{"not_picked":["Leg Sweep","Bane"],"picked":"Prepared","floor":24},{"not_picked":["Infinite Blades","Underhanded Strike"],"picked":"Prepared","floor":27},{"not_picked":["Dagger Throw","Riddle With Holes"],"picked":"Backflip","floor":29},{"not_picked":["Quick Slash","Slice"],"picked":"PiercingWail","floor":31},{"not_picked":["Unload","Die Die Die"],"picked":"Adrenaline","floor":33},{"not_picked":["Quick Slash"],"picked":"SKIP","floor":35},{"not_picked":["Prepared"],"picked":"SKIP","floor":39},{"not_picked":[],"picked":"Reboot","floor":41}],"player_experience":2237316,"relics_obtained":[{"floor":7,"key":"Happy Flower"},{"floor":9,"key":"Centennial Puzzle"},{"floor":12,"key":"Gremlin Horn"},{"floor":13,"key":"Odd Mushroom"},{"floor":24,"key":"Pen Nib"},{"floor":26,"key":"Mummified Hand"},{"floor":29,"key":"Art of War"},{"floor":41,"key":"PreservedInsect"}],"event_choices":[{"cards_removed":["Strike_G"],"damage_healed":0,"gold_gain":0,"player_choice":"Card Removal","damage_taken":0,"max_hp_gain":0,"max_hp_loss":0,"event_name":"The Cleric","floor":3,"gold_loss":75},{"damage_healed":0,"gold_gain":77,"player_choice":"Gained Gold","damage_taken":0,"max_hp_gain":0,"max_hp_loss":0,"event_name":"Golden Wing","floor":11,"gold_loss":0},{"damage_healed":0,"gold_gain":0,"player_choice":"Fought Mushrooms","damage_taken":0,"max_hp_gain":0,"max_hp_loss":0,"event_name":"Mushrooms","floor":13,"gold_loss":0},{"damage_healed":0,"gold_gain":0,"player_choice":"Obtained Relic","damage_taken":0,"relics_obtained":["Omamori"],"max_hp_gain":0,"max_hp_loss":0,"event_name":"Addict","floor":20,"gold_loss":85},{"damage_healed":0,"gold_gain":0,"player_choice":"Ignored","damage_taken":0,"max_hp_gain":0,"max_hp_loss":0,"event_name":"Vampires","floor":30,"gold_loss":0},{"cards_removed":["Prepared"],"damage_healed":0,"gold_gain":0,"player_choice":"Removed Skill","damage_taken":0,"max_hp_gain":0,"max_hp_loss":0,"event_name":"Falling","floor":36,"gold_loss":0},{"damage_healed":0,"gold_gain":0,"player_choice":"Gave Potion","damage_taken":0,"relics_obtained":["Sundial"],"max_hp_gain":0,"max_hp_loss":0,"event_name":"WeMeetAgain","floor":37,"gold_loss":0}],"is_beta":false,"boss_relics":[{"not_picked":["Fusion Hammer","Tiny House"],"picked":"Velvet Choker"},{"not_picked":["Runic Pyramid","Orrery"],"picked":"Busted Crown"}],"items_purged_floors":[],"is_endless":false,"potions_floor_spawned":[7,8,13,16,19,22,29,33,39],"killed_by":"Spire Growth","ascension_level":19}