{"path_per_floor":["M","M","?","?","?","R","E","R","T","R","?","M","?","M","R","B",null,"M","?","$","M","M","R","M","M","T","E","$","?","M","M","R","B",null,"M","?","?","?","M","R","M","R","T","M","$","?","R","M","R","B"],"character_chosen":"THE_SILENT","items_purchased":["Oddly Smooth Stone","Caltrops","Infinite Blades","Dexterity Potion","Art of War","Dexterity Potion"],"gold_per_floor":[214,234,234,234,234,234,263,263,263,263,223,239,189,209,209,309,309,329,329,27,44,64,64,83,98,98,132,2,2,12,30,30,132,132,145,145,198,198,209,209,222,222,222,241,37,37,37,53,53,53],"floor_reached":51,"campfire_rested":5,"playtime":5707,"current_hp_per_floor":[58,57,57,62,48,69,39,60,60,60,60,62,62,61,61,49,66,57,57,57,65,66,66,72,72,72,72,72,72,68,72,72,68,71,72,63,40,40,26,47,27,48,48,62,62,62,62,55,72,33],"items_purged":["Strike_G"],"gold":53,"score":787,"play_id":"b1be2584-5d4b-48fb-84e8-7a106190c705","is_prod":false,"is_daily":false,"is_ascension_mode":true,"campfire_upgraded":5,"path_taken":["M","M","?","?","?","R","E","R","T","R","?","?","?","M","R","BOSS","M","?","?","M","M","R","M","M","T","E","$","?","M","M","R","BOSS","M","?","?","?","M","R","M","R","T","M","$","?","R","M","R","BOSS"],"build_version":"2018-02-22-PROD2","purchased_purges":2,"victory":true,"master_deck":["Defend_G+1","Defend_G+1","Defend_G+1","Defend_G+1","Defend_G+1","Strike_G+1","Strike_G+1","Survivor","Neutralize+1","Prepared+1","Noxious Fumes+1","Backflip+1","After Image","Noxious Fumes+1","Caltrops+1","Underhanded Strike+1","Terror+1","Infinite Blades+1","Night Terror","Backflip","Madness","Madness+1","Malaise+1","Catalyst","PiercingWail+1"],"max_hp_per_floor":[70,70,67,72,72,72,72,72,72,72,72,72,72,72,72,72,72,72,72,72,72,72,72,72,72,72,72,72,72,72,72,72,72,72,72,72,72,72,72,72,72,72,72,72,72,72,72,72,72,72],"relics":["Ring of the Snake","Toolbox","Bird Faced Urn","Lizard Tail","Oddly Smooth Stone","Sundial","Frozen Egg 2","White Beast Statue","Tingsha","Juzu Bracelet","Art of War"],"card_choices":[{"not_picked":["Flechettes","Slice"],"picked":"Prepared"},{"not_picked":["Finisher","Bane"],"picked":"Noxious Fumes"},{"not_picked":["Phantasmal Killer","Reflex"],"picked":"Backflip"},{"not_picked":["Phantasmal Killer","Burst"],"picked":"After Image"},{"not_picked":["Deflect","Calculated Gamble"],"picked":"Noxious Fumes"},{"not_picked":["Caltrops","Deflect"],"picked":"Underhanded Strike"},{"not_picked":["Dagger Spray","Infinite Blades"],"picked":"Terror"},{"not_picked":["Corpse Explosion","Venomology"],"picked":"Night Terror"},{"not_picked":["Acrobatics","All Out Attack"],"picked":"Backflip"},{"not_picked":["Dagger Spray","Acrobatics"],"picked":"Malaise"},{"not_picked":["PiercingWail","Prepared"],"picked":"Catalyst"},{"not_picked":["Flying Knee","Bane"],"picked":"PiercingWail"}],"player_experience":901584,"potions_floor_usage":[16,16,16,27,27,30,33,33,33,37,39,41,44,48,50,50,50],"damage_taken":[{"damage":5,"enemies":"Cultist","floor":1,"turns":4},{"damage":1,"enemies":"Jaw Worm","floor":2,"turns":6},{"damage":30,"enemies":"3 Sentries","floor":7,"turns":8},{"damage":0,"enemies":"Small Slimes","floor":12,"turns":4},{"damage":3,"enemies":"Looter","floor":14,"turns":4},{"damage":26,"enemies":"Hexaghost","floor":16,"turns":12},{"damage":13,"enemies":"2 Thieves","floor":18,"turns":5},{"damage":0,"enemies":"3 Byrds","floor":21,"turns":4},{"damage":3,"enemies":"Snake Plant","floor":22,"turns":5},{"damage":0,"enemies":"Chosen and Byrds","floor":24,"turns":7},{"damage":0,"enemies":"Snecko","floor":25,"turns":5},{"damage":0,"enemies":"Gremlin Leader","floor":27,"turns":8},{"damage":10,"enemies":"Snake Plant","floor":30,"turns":5},{"damage":2,"enemies":"Sentry and Sphere","floor":31,"turns":6},{"damage":20,"enemies":"Collector","floor":33,"turns":9},{"damage":0,"enemies":"3 Shapes","floor":35,"turns":8},{"damage":45,"enemies":"Mysterious Sphere","floor":37,"turns":7},{"damage":24,"enemies":"3 Darklings","floor":39,"turns":7},{"damage":34,"enemies":"Sphere and 2 Shapes","floor":41,"turns":9},{"damage":0,"enemies":"Maw","floor":44,"turns":8},{"damage":17,"enemies":"3 Darklings","floor":48,"turns":7},{"damage":86,"enemies":"Donu and Deca","floor":50,"turns":11}],"event_choices":[{"event_name":"Living Wall","player_choice":"Forget","floor":3,"damage_taken":0},{"event_name":"Big Fish","player_choice":"Donut","floor":4,"damage_taken":0},{"event_name":"Shining Light","player_choice":"Entered Light","floor":5,"damage_taken":0},{"event_name":"The Woman in Blue","player_choice":"Bought 3 Potions","floor":11,"damage_taken":0},{"event_name":"The Cleric","player_choice":"Card Removal","floor":13,"damage_taken":0},{"event_name":"Back to Basics","player_choice":"Simplicity","floor":19,"damage_taken":0},{"event_name":"Vampires","player_choice":"Ignored","floor":29,"damage_taken":0},{"event_name":"Winding Halls","player_choice":"Embrace Madness","floor":36,"damage_taken":0},{"event_name":"Mysterious Sphere","player_choice":"Fight","floor":37,"damage_taken":0},{"event_name":"Tomb of Lord Red Mask","player_choice":"Ignored","floor":38,"damage_taken":0}],"boss_relics":[{"not_picked":["Question Card","Runic Pyramid"],"picked":"Lizard Tail"},{"not_picked":["Black Star","Pandora\u0027s Box"],"picked":"White Beast Statue"}],"potions_floor_spawned":[7,14,18,21,25,27,31,33,35,37,39,41,44,48],"seed_played":"8666100609612037523","ascension_level":12,"is_trial":false}