{"path_per_floor":["M","M","?","$","?","R","?","M","T","R","$","M","M","M","R","B",null,"M","?","?","?","M","R","E","T","T","$","E","R","M","$","R","B",null,"M","M","$","M","M","R","E","R","T","M","M","?","R","E","R"],"character_chosen":"IRONCLAD","items_purchased":["Thunderclap","Self Forming Clay","Shrug It Off","Oddly Smooth Stone","Demon Form","Shockwave","Whetstone"],"gold_per_floor":[360,376,376,71,71,71,71,85,85,85,34,49,61,81,81,183,183,198,198,198,198,218,218,244,244,268,48,77,77,91,52,52,153,153,170,185,36,51,70,70,103,103,103,115,134,134,134,165,165],"floor_reached":50,"campfire_rested":2,"playtime":6986,"current_hp_per_floor":[79,79,79,79,79,79,67,64,64,64,64,66,72,78,78,56,80,80,80,65,49,60,60,37,37,37,37,75,75,85,85,85,15,85,79,54,54,57,67,67,24,49,49,64,71,71,71,46,71],"items_purged":[],"gold":165,"play_id":"8556477e-2aef-47ed-9754-1dd7034ef8db","is_prod":false,"is_daily":false,"is_ascension_mode":false,"campfire_upgraded":8,"path_taken":["M","M","?","$","?","R","?","M","T","R","$","?","M","M","R","BOSS","M","?","?","?","M","R","E","?","T","?","E","R","M","$","R","BOSS","M","M","$","M","M","R","E","R","T","M","?","?","R","E","R","BOSS"],"build_version":"2018-02-01-PROD3","purchased_purges":0,"victory":false,"master_deck":["Strike_R","Strike_R","Strike_R+1","Strike_R","Strike_R","Defend_R","Defend_R","Defend_R","Defend_R","Bash+1","Writhe","Inflame+1","Metallicize","Thunderclap","Shrug It Off","Uppercut+1","Body Slam+1","Spot Weakness","Reaper+1","Heavy Blade+1","Shrug It Off+1","Cleave+1","Seeing Red+1","Demon Form+1","Shockwave+1","Impervious","Battle Trance","Shrug It Off+1","Body Slam+1","Inflame","Shrug It Off","Shrug It Off"],"max_hp_per_floor":[80,80,80,80,80,80,80,80,80,80,80,80,80,80,80,80,80,80,80,85,85,85,85,85,85,85,85,85,85,85,85,85,85,85,85,85,85,85,85,85,85,85,85,85,85,85,85,85,85],"relics":["Burning Blood","Self Forming Clay","Pen Nib","Charon\u0027s Ashes","Mark of Pain","Enchiridion","Molten Egg 2","Sundial","Dream Catcher","Oddly Smooth Stone","Darkstone Periapt","Sozu","Whetstone","Letter Opener","Ginger","Orichalcum"],"card_choices":[{"not_picked":["Clothesline","Anger"],"picked":"Inflame"},{"not_picked":["Twin Strike","Wild Strike"],"picked":"Metallicize"},{"not_picked":["Rupture","Pummel"],"picked":"Uppercut"},{"not_picked":["Warcry","Armaments"],"picked":"Body Slam"},{"not_picked":["Bloodletting","Perfected Strike"],"picked":"Spot Weakness"},{"not_picked":["Dark Embrace","Brutality"],"picked":"Reaper"},{"not_picked":["Thunderclap","Shrug It Off"],"picked":"Heavy Blade"},{"not_picked":["Perfected Strike","Pommel Strike"],"picked":"Cleave"},{"not_picked":["True Grit","Heavy Blade"],"picked":"Seeing Red"},{"not_picked":["Immolate","Demon Form"],"picked":"Impervious"},{"not_picked":["Perfected Strike","Fire Breathing"],"picked":"Battle Trance"},{"not_picked":["Combust","Intimidate"],"picked":"Shrug It Off"},{"not_picked":["Rupture","Combust"],"picked":"Body Slam"},{"not_picked":["Feed","Dual Wield"],"picked":"Inflame"},{"not_picked":["Iron Wave","Heavy Blade"],"picked":"Shrug It Off"}],"player_experience":538164,"potions_floor_usage":[12,13,16,16,18,24,33],"damage_taken":[{"damage":7,"enemies":"2 Louse","floor":1,"turns":2},{"damage":6,"enemies":"Cultist","floor":2,"turns":3},{"damage":9,"enemies":"Jaw Worm","floor":8,"turns":4},{"damage":4,"enemies":"Looter","floor":12,"turns":3},{"damage":0,"enemies":"2 Fungi Beasts","floor":13,"turns":3},{"damage":0,"enemies":"Large Slime","floor":14,"turns":3},{"damage":28,"enemies":"Slime Boss","floor":16,"turns":11},{"damage":11,"enemies":"3 Byrds","floor":18,"turns":5},{"damage":0,"enemies":"Chosen","floor":22,"turns":5},{"damage":39,"enemies":"Slavers","floor":24,"turns":6},{"damage":25,"enemies":"Gremlin Leader","floor":28,"turns":6},{"damage":14,"enemies":"Centurion and Healer","floor":30,"turns":9},{"damage":76,"enemies":"Automaton","floor":33,"turns":8},{"damage":12,"enemies":"3 Shapes","floor":35,"turns":4},{"damage":31,"enemies":"3 Darklings","floor":36,"turns":6},{"damage":3,"enemies":"Maw","floor":38,"turns":7},{"damage":9,"enemies":"Sphere and 2 Shapes","floor":39,"turns":7},{"damage":60,"enemies":"Giant Head","floor":41,"turns":7},{"damage":20,"enemies":"3 Darklings","floor":44,"turns":3},{"damage":33,"enemies":"4 Shapes","floor":45,"turns":4},{"damage":31,"enemies":"Nemesis","floor":48,"turns":10},{"damage":105,"enemies":"Awakened One","floor":50,"turns":10}],"event_choices":[{"event_name":"The Lab","player_choice":"Got Potions","floor":3,"damage_taken":0},{"event_name":"Liars Game","player_choice":"disagreed","floor":5,"damage_taken":0},{"event_name":"Scrap Ooze","player_choice":"success","floor":7,"damage_taken":12},{"event_name":"The Library","player_choice":"Read","floor":19,"damage_taken":0},{"event_name":"Forgotten Altar","player_choice":"Shed Blood","floor":20,"damage_taken":0},{"event_name":"Cursed Tome","player_choice":"Obtained Book","floor":21,"damage_taken":0},{"event_name":"Match and Keep!","player_choice":"1 cards matched","floor":46,"damage_taken":0}],"boss_relics":[{"not_picked":["Ectoplasm","Black Blood"],"picked":"Mark of Pain"},{"not_picked":["Runic Cube","Lizard Tail"],"picked":"Sozu"}],"potions_floor_spawned":[13,16,22,30,33,35,39,41,45],"seed_played":"-7844748804837760831","killed_by":"Awakened One","ascension_level":0,"is_trial":false}