{"path_per_floor":["M","T","M","$","?","E","R","M","T","R","M","T","M","M","R","B",null,"M","?","M","M","M","R","E","R","T","M","$","M","M","?","R","B",null,"M","?","?","$","?","R","M","R","T","$","M","R","M","M","R","B"],"character_chosen":"THE_SILENT","items_purchased":["Lantern","Frozen Egg 2","Noxious Fumes","Anchor","Backflip"],"gold_per_floor":[119,144,155,12,12,39,39,57,57,57,73,98,109,122,122,219,219,236,236,246,263,280,280,311,311,311,330,12,28,38,38,38,137,137,157,208,208,8,8,8,21,21,21,21,37,37,50,68,68,68],"floor_reached":51,"campfire_rested":2,"playtime":5900,"current_hp_per_floor":[63,63,63,63,45,45,45,43,43,43,43,43,39,39,39,30,60,59,59,59,46,46,46,40,40,40,42,42,37,41,25,61,62,68,70,70,70,70,61,61,48,48,48,48,33,69,70,70,70,59],"items_purged":[],"gold":68,"score":769,"play_id":"c9e71247-b3d6-444b-afce-702a34626378","is_prod":false,"is_daily":false,"is_ascension_mode":true,"campfire_upgraded":8,"path_taken":["M","?","M","?","?","E","R","?","T","R","M","?","M","M","R","BOSS","M","?","M","M","M","R","E","R","T","?","$","M","M","?","R","BOSS","M","?","?","$","?","R","M","R","T","?","?","R","M","?","R","BOSS"],"build_version":"2018-02-12-PROD1","purchased_purges":0,"victory":true,"master_deck":["Defend_G","Defend_G","Defend_G","Defend_G","Defend_G","Strike_G","Strike_G","Survivor","Neutralize+1","Parasite","Dagger Spray+1","Backflip+1","Adrenaline+1","Backflip+1","Tactician+1","Wraith Form+1","Skewer+1","Acrobatics+1","Prepared","PiercingWail+1","Noxious Fumes+1","Blur+1","Prepared+1","Necronomicurse","Adrenaline","Prepared","Backflip","Madness+1","Madness+1","Escape Plan+1"],"max_hp_per_floor":[70,70,70,70,70,70,70,70,70,70,70,70,70,70,70,70,70,70,70,70,70,70,70,70,70,70,70,70,70,70,70,70,70,70,70,70,70,70,70,70,70,70,70,70,70,70,70,70,70,70],"relics":["Ring of the Snake","NeowsBlessing","Bronze Scales","Lantern","Art of War","Tingsha","Unceasing Top","Regal Pillow","Astrolabe","Thread and Needle","Kunai","Bird Faced Urn","Frozen Egg 2","Necronomicon","Lizard Tail","Torii","Anchor","Frozen Eye"],"card_choices":[{"not_picked":["Acrobatics","Choke"],"picked":"Dagger Spray"},{"not_picked":["Choke","Poisoned Stab"],"picked":"Backflip"},{"not_picked":["Prepared","Dash"],"picked":"Adrenaline"},{"not_picked":["Predator","Acrobatics"],"picked":"Backflip"},{"not_picked":["Tools of the Trade","Grand Finale"],"picked":"Tactician"},{"not_picked":["Underhanded Strike","Flying Knee"],"picked":"Acrobatics"},{"not_picked":["PiercingWail","Deadly Poison"],"picked":"Prepared"},{"not_picked":["Poisoned Stab","Venomology"],"picked":"PiercingWail"},{"not_picked":["Acrobatics","Blade Dance"],"picked":"Blur"},{"not_picked":["Sucker Punch","Cloak And Dagger"],"picked":"Prepared"},{"not_picked":["Burst","Tools of the Trade"],"picked":"Adrenaline"},{"not_picked":["Quick Slash","Noxious Fumes"],"picked":"Prepared"},{"not_picked":["Poisoned Stab","Underhanded Strike"],"picked":"Escape Plan"}],"player_experience":725275,"potions_floor_usage":[16,16,16,29,30,33,35,48,50],"damage_taken":[{"damage":0,"enemies":"Blue Slaver","floor":1,"turns":1},{"damage":0,"enemies":"Cultist","floor":3,"turns":1},{"damage":0,"enemies":"Gremlin Nob","floor":6,"turns":1},{"damage":2,"enemies":"Small Slimes","floor":8,"turns":3},{"damage":0,"enemies":"Exordium Wildlife","floor":11,"turns":3},{"damage":4,"enemies":"Looter","floor":13,"turns":4},{"damage":0,"enemies":"Large Slime","floor":14,"turns":5},{"damage":9,"enemies":"The Guardian","floor":16,"turns":12},{"damage":1,"enemies":"Shell Parasite","floor":18,"turns":5},{"damage":0,"enemies":"3 Byrds","floor":20,"turns":4},{"damage":13,"enemies":"Sentry and Sphere","floor":21,"turns":6},{"damage":0,"enemies":"Snake Plant","floor":22,"turns":4},{"damage":6,"enemies":"Book of Stabbing","floor":24,"turns":4},{"damage":0,"enemies":"Centurion and Healer","floor":27,"turns":6},{"damage":9,"enemies":"Sentry and Sphere","floor":29,"turns":5},{"damage":0,"enemies":"Snecko","floor":30,"turns":5},{"damage":3,"enemies":"Champ","floor":33,"turns":10},{"damage":0,"enemies":"3 Darklings","floor":35,"turns":3},{"damage":0,"enemies":"Mysterious Sphere","floor":36,"turns":4},{"damage":17,"enemies":"3 Shapes","floor":41,"turns":5},{"damage":19,"enemies":"3 Darklings","floor":45,"turns":4},{"damage":0,"enemies":"Sphere and 2 Shapes","floor":47,"turns":5},{"damage":0,"enemies":"4 Shapes","floor":48,"turns":4},{"damage":25,"enemies":"Awakened One","floor":50,"turns":18}],"event_choices":[{"event_name":"Scrap Ooze","player_choice":"success","floor":5,"damage_taken":18},{"event_name":"The Mausoleum","player_choice":"Yes","floor":19,"damage_taken":0},{"event_name":"Cursed Tome","player_choice":"Obtained Book","floor":31,"damage_taken":0},{"event_name":"Mysterious Sphere","player_choice":"Fight","floor":36,"damage_taken":0},{"event_name":"Winding Halls","player_choice":"Embrace Madness","floor":39,"damage_taken":0}],"boss_relics":[{"not_picked":["Orrery","Cursed Key"],"picked":"Astrolabe"},{"not_picked":["Question Card","Eternal Feather"],"picked":"Lizard Tail"}],"potions_floor_spawned":[3,13,14,16,21,24,27,30,45,47],"seed_played":"-657125176798168739","ascension_level":11,"is_trial":false}