{"path_per_floor":["M","?","M","M","?","M","R","M","T","R","$","R","M","M","R","B",null,"M","M","M","?","M","R","M","M","T","?","$","R","M","M","R","B",null,"M","?","?","?","M","R","M","M","T","M","$","M"],"character_chosen":"THE_SILENT","items_purchased":["Apotheosis","War Paint","Well Laid Plans","Deflect","Panache","Envenom"],"gold_per_floor":[419,419,429,447,447,465,465,484,484,484,57,57,68,88,88,184,184,201,211,224,149,160,160,179,191,191,191,15,15,35,48,48,143,143,158,204,0,0,12,12,31,45,116,133,66,85],"floor_reached":47,"campfire_rested":2,"playtime":5736,"current_hp_per_floor":[33,33,33,27,27,25,25,33,33,33,33,33,32,32,32,24,70,70,56,56,56,46,46,46,45,45,45,45,45,42,35,56,54,70,52,27,27,44,33,54,43,34,34,10,10,3],"items_purged":[],"gold":85,"play_id":"85a7cc71-8d43-4c49-b3dd-6b7e3893993a","is_prod":false,"is_daily":false,"campfire_rituals":0,"campfire_upgraded":3,"is_hardmode":false,"path_taken":["M","?","M","M","?","?","R","M","T","R","$","R","M","M","R","BOSS","M","M","M","?","M","R","M","M","T","?","$","R","M","M","R","BOSS","M","?","?","?","M","R","M","M","T","M","$","M","?"],"build_version":"2018-01-11-PROD2","purchased_purges":0,"victory":false,"master_deck":["Defend_G","Defend_G","Defend_G","Defend_G","Defend_G","Strike_G","Strike_G","Strike_G","Strike_G","Survivor","Neutralize","Bouncing Flask","Crippling Poison","Eviscerate","Poisoned Stab","Apotheosis","Well Laid Plans","Deflect","Poisoned Stab","Bullet Time","Prepared","Deflect","Finisher","Backflip","Caltrops","Predator","Writhe","Panache","Catalyst","Noxious Fumes","Bullet Time","Finisher","Backstab","Writhe","Dagger Throw","Deflect","Dagger Throw","Masterful Stab","Envenom","Acrobatics"],"max_hp_per_floor":[70,70,70,70,70,70,70,70,70,70,70,70,70,70,70,70,70,70,70,70,70,70,70,70,70,70,70,70,70,70,70,70,70,70,70,70,70,70,70,70,70,70,70,70,70,70],"relics":["Ring of the Snake","Old Coin","Girya","War Paint","Snecko Eye","Bronze Scales","Juzu Bracelet","The Specimen","Calipers","Red Mask","Dodecahedron"],"campfire_meditates":0,"card_choices":[{"not_picked":["Skewer","Dodge and Roll"],"picked":"Bouncing Flask"},{"not_picked":["PiercingWail","Outmaneuver"],"picked":"Crippling Poison"},{"not_picked":["Dodge and Roll","Quick Slash"],"picked":"Eviscerate"},{"not_picked":["PiercingWail","Outmaneuver"],"picked":"Poisoned Stab"},{"not_picked":["Deadly Poison","Choke"],"picked":"Poisoned Stab"},{"not_picked":["Venomology","Adrenaline"],"picked":"Bullet Time"},{"not_picked":["Deadly Poison","Choke"],"picked":"Prepared"},{"not_picked":["Well Laid Plans","Crippling Poison"],"picked":"Deflect"},{"not_picked":["Dagger Spray","Dodge and Roll"],"picked":"Finisher"},{"not_picked":["Infinite Blades","Leg Sweep"],"picked":"Backflip"},{"not_picked":["Escape Plan","Skewer"],"picked":"Caltrops"},{"not_picked":["Backstab","Sucker Punch"],"picked":"Predator"},{"not_picked":["Riddle With Holes","Deflect"],"picked":"Catalyst"},{"not_picked":["Flechettes","Sucker Punch"],"picked":"Noxious Fumes"},{"not_picked":["Adrenaline","A Thousand Cuts"],"picked":"Bullet Time"},{"not_picked":["Outmaneuver","Dash"],"picked":"Finisher"},{"not_picked":["Calculated Gamble","Deadly Poison"],"picked":"Backstab"},{"not_picked":["Poisoned Stab","Flying Knee"],"picked":"Dagger Throw"},{"not_picked":["Slice","Dagger Spray"],"picked":"Deflect"},{"not_picked":["Quick Slash","Sucker Punch"],"picked":"Dagger Throw"},{"not_picked":["Flying Knee","Crippling Poison"],"picked":"Masterful Stab"},{"not_picked":["Dodge and Roll","Blur"],"picked":"Acrobatics"}],"player_experience":36346,"potions_floor_usage":[8,16,19,36,42,44,46,46,46],"damage_taken":[{"damage":2,"enemies":"Small Slimes","floor":1,"turns":5},{"damage":0,"enemies":"2 Louse","floor":3,"turns":3},{"damage":6,"enemies":"Cultist","floor":4,"turns":4},{"damage":2,"enemies":"Looter","floor":6,"turns":4},{"damage":7,"enemies":"Exordium Wildlife","floor":8,"turns":5},{"damage":1,"enemies":"Large Slime","floor":13,"turns":5},{"damage":0,"enemies":"2 Fungi Beasts","floor":14,"turns":3},{"damage":8,"enemies":"The Guardian","floor":16,"turns":9},{"damage":0,"enemies":"Shell Parasite","floor":18,"turns":2},{"damage":14,"enemies":"Spheric Guardian","floor":19,"turns":4},{"damage":0,"enemies":"Snecko","floor":20,"turns":4},{"damage":10,"enemies":"Sentry and Sphere","floor":22,"turns":5},{"damage":0,"enemies":"Snake Plant","floor":24,"turns":2},{"damage":1,"enemies":"Chosen and Byrds","floor":25,"turns":4},{"damage":3,"enemies":"Snecko","floor":30,"turns":3},{"damage":7,"enemies":"Snake Plant","floor":31,"turns":2},{"damage":2,"enemies":"Collector","floor":33,"turns":6},{"damage":18,"enemies":"Orb Walker","floor":35,"turns":3},{"damage":25,"enemies":"Mysterious Sphere","floor":36,"turns":4},{"damage":11,"enemies":"3 Shapes","floor":39,"turns":3},{"damage":11,"enemies":"Maw","floor":41,"turns":5},{"damage":9,"enemies":"3 Darklings","floor":42,"turns":5},{"damage":24,"enemies":"4 Shapes","floor":44,"turns":5},{"damage":7,"enemies":"Sphere and 2 Shapes","floor":46,"turns":3}],"event_choices":[{"event_name":"Living Wall","player_choice":"Grow","floor":2,"damage_taken":0},{"event_name":"Scrap Ooze","player_choice":"unsuccessful","floor":5,"damage_taken":0},{"event_name":"Beggar","player_choice":"Gave Gold","floor":21,"damage_taken":0},{"event_name":"The Mausoleum","player_choice":"Yes","floor":27,"damage_taken":0},{"event_name":"Mysterious Sphere","player_choice":"Fight","floor":36,"damage_taken":0},{"event_name":"Tomb of Lord Red Mask","player_choice":"Paid","floor":37,"damage_taken":0},{"event_name":"Winding Halls","player_choice":"Writhe","floor":38,"damage_taken":0}],"boss_relics":[{"not_picked":["Orrery","Astrolabe"],"picked":"Snecko Eye"},{"not_picked":["Runic Dome","Sozu"],"picked":"The Specimen"}],"potions_floor_spawned":[1,3,6,19,30,33,41,42,44,46],"seed_played":"-905136401818325186","is_trial":false}