{"gold_per_floor":[112,18,34,34,47,47,61,61,106,106,31,31,31,42,42,137,137,150,50,50,50,70,97,97,127,127,143,157,32,32,132,132,233,233,250,269,369,369,369],"floor_reached":40,"playtime":2265,"items_purged":["Strike_R","Blood for Blood","Uppercut"],"score":787,"play_id":"c9ea745e-e6db-4430-877c-cba30aec1581","local_time":"20190423112055","is_ascension_mode":false,"campfire_choices":[{"data":"Strike_R","floor":6,"key":"SMITH"},{"data":"Bash","floor":12,"key":"SMITH"},{"data":"Flash of Steel","floor":15,"key":"SMITH"},{"data":"True Grit","floor":24,"key":"SMITH"},{"data":"Dropkick","floor":32,"key":"SMITH"}],"neow_cost":"TEN_PERCENT_HP_LOSS","seed_source_timestamp":1179418258317791,"circlet_count":0,"master_deck":["Bash+1","Flash of Steel+1","Shrug It Off","Dropkick+1","Offering+1","Thunderclap+1","Dropkick"],"relics":["Burning Blood","Lantern","Pandora\u0027s Box","War Paint","Omamori","Mercury Hourglass","Charon\u0027s Ashes","Darkstone Periapt","Empty Cage","Gambling Chip"],"potions_floor_usage":[16,39,39,39],"damage_taken":[{"damage":6,"enemies":"Cultist","floor":1,"turns":3},{"damage":7,"enemies":"2 Louse","floor":3,"turns":3},{"damage":2,"enemies":"Jaw Worm","floor":5,"turns":4},{"damage":3,"enemies":"Large Slime","floor":7,"turns":5},{"damage":2,"enemies":"Looter","floor":14,"turns":2},{"damage":27,"enemies":"The Guardian","floor":16,"turns":7},{"damage":6,"enemies":"Shell Parasite","floor":18,"turns":2},{"damage":6,"enemies":"3 Byrds","floor":22,"turns":2},{"damage":6,"enemies":"Book of Stabbing","floor":23,"turns":2},{"damage":6,"enemies":"Gremlin Leader","floor":25,"turns":1},{"damage":6,"enemies":"Centurion and Healer","floor":27,"turns":2},{"damage":6,"enemies":"Chosen and Byrds","floor":28,"turns":2},{"damage":6,"enemies":"Colosseum Slavers","floor":31,"turns":2},{"damage":6,"enemies":"Colosseum Nobs","floor":31,"turns":2},{"damage":6,"enemies":"Champ","floor":33,"turns":1},{"damage":6,"enemies":"3 Darklings","floor":35,"turns":2},{"damage":6,"enemies":"Orb Walker","floor":36,"turns":1},{"damage":6,"enemies":"Mind Bloom Boss Battle","floor":37,"turns":1},{"damage":6,"enemies":"Awakened One","floor":39,"turns":2}],"seed_played":"-686518684509047652","potions_obtained":[{"floor":1,"key":"AttackPotion"},{"floor":3,"key":"Explosive Potion"},{"floor":7,"key":"FearPotion"},{"floor":23,"key":"Strength Potion"},{"floor":27,"key":"LiquidBronze"}],"is_trial":false,"path_per_floor":["M","$","M","$","M","R","M","$","T","?","$","R","?","M","R","B",null,"M","$","?","?","M","E","R","E","T","M","M","$","?","?","R","B",null,"M","M","?","?","B",null],"character_chosen":"IRONCLAD","items_purchased":["Flash of Steel"],"campfire_rested":0,"item_purchase_floors":[2],"current_hp_per_floor":[72,72,71,71,72,72,72,72,72,65,65,65,70,74,74,53,77,77,77,77,77,77,77,77,77,77,77,77,77,77,77,77,77,77,77,77,77,77,77],"gold":369,"neow_bonus":"REMOVE_TWO","is_prod":false,"is_daily":false,"chose_seed":false,"campfire_upgraded":5,"win_rate":0,"timestamp":1556032855,"path_taken":["M","$","M","$","M","R","M","?","T","?","?","R","?","M","R","BOSS","M","$","?","?","?","E","R","E","T","M","M","$","?","?","R","BOSS","M","M","?","?","BOSS"],"build_version":"2019-01-23","purchased_purges":3,"victory":true,"max_hp_per_floor":[72,72,72,72,72,72,72,72,72,72,72,72,77,77,77,77,77,77,77,77,77,77,77,77,77,77,77,77,77,77,77,77,77,77,77,77,77,77,77],"card_choices":[{"not_picked":["Disarm","Anger"],"picked":"Warcry","floor":1},{"not_picked":["Havoc","Armaments"],"picked":"Shrug It Off","floor":3},{"not_picked":["Iron Wave","Anger"],"picked":"Dropkick","floor":5},{"not_picked":["True Grit","Shrug It Off","Sword Boomerang"],"picked":"SKIP","floor":7},{"not_picked":["Body Slam","Spot Weakness","Warcry"],"picked":"SKIP","floor":14},{"not_picked":["True Grit","Havoc","Shrug It Off"],"picked":"SKIP","floor":18},{"not_picked":["Shrug It Off","Flex+1","True Grit"],"picked":"SKIP","floor":22},{"not_picked":["Fiend Fire","Headbutt","Bloodletting"],"picked":"SKIP","floor":23},{"not_picked":["Carnage+1","Headbutt","Twin Strike+1"],"picked":"SKIP","floor":25},{"not_picked":["True Grit+1","Rupture","Metallicize"],"picked":"SKIP","floor":27},{"not_picked":["Battle Trance+1","Thunderclap","Wild Strike"],"picked":"SKIP","floor":28},{"not_picked":["Body Slam+1","Armaments+1"],"picked":"Thunderclap+1","floor":35},{"not_picked":["Shrug It Off","Disarm+1","Hemokinesis+1"],"picked":"SKIP","floor":36},{"not_picked":["Bloodletting+1","Headbutt+1"],"picked":"Dropkick","floor":37}],"player_experience":3470305,"relics_obtained":[{"floor":9,"key":"Lantern"},{"floor":23,"key":"War Paint"},{"floor":25,"key":"Omamori"},{"floor":26,"key":"Mercury Hourglass"},{"floor":31,"key":"Charon\u0027s Ashes"},{"floor":31,"key":"Darkstone Periapt"},{"floor":37,"key":"Gambling Chip"}],"event_choices":[{"cards_removed":["Strike_R"],"damage_healed":0,"gold_gain":0,"player_choice":"Card Removal","damage_taken":7,"max_hp_gain":0,"max_hp_loss":0,"event_name":"Golden Wing","floor":10,"gold_loss":0},{"damage_healed":0,"gold_gain":0,"player_choice":"Donut","damage_taken":0,"max_hp_gain":5,"max_hp_loss":0,"event_name":"Big Fish","floor":13,"gold_loss":0},{"cards_removed":["Battle Trance"],"damage_healed":0,"gold_gain":0,"player_choice":"Purged","damage_taken":0,"max_hp_gain":0,"max_hp_loss":0,"event_name":"Purifier","floor":21,"gold_loss":0},{"damage_healed":0,"gold_gain":0,"player_choice":"Ignored","damage_taken":0,"max_hp_gain":0,"max_hp_loss":0,"event_name":"The Mausoleum","floor":30,"gold_loss":0},{"damage_healed":0,"gold_gain":0,"player_choice":"Fight","damage_taken":0,"max_hp_gain":0,"max_hp_loss":0,"event_name":"Colosseum","floor":31,"gold_loss":0},{"damage_healed":0,"gold_gain":0,"player_choice":"Fought Nobs","damage_taken":0,"max_hp_gain":0,"max_hp_loss":0,"event_name":"Colosseum","floor":31,"gold_loss":0},{"damage_healed":0,"gold_gain":0,"player_choice":"Fight","damage_taken":0,"max_hp_gain":0,"max_hp_loss":0,"event_name":"MindBloom","floor":37,"gold_loss":0},{"damage_healed":0,"gold_gain":0,"player_choice":"Took Portal","damage_taken":0,"max_hp_gain":0,"max_hp_loss":0,"event_name":"SecretPortal","floor":38,"gold_loss":0}],"is_beta":false,"boss_relics":[{"not_picked":["Black Blood","Philosopher\u0027s Stone"],"picked":"Pandora\u0027s Box"},{"not_picked":["Runic Dome","Runic Cube"],"picked":"Empty Cage"}],"items_purged_floors":[11,19,29],"is_endless":false,"potions_floor_spawned":[1,3,7,23,27,33],"ascension_level":0}