{"gold_per_floor":[116,116,266,281,22,54,54,54,77,152,167,185,185,27,27,98,98,72,0,0,0,16,16,16,34,60,6,41,55,55],"floor_reached":30,"playtime":1710,"items_purged":["Doubt"],"score":528,"play_id":"4e7b2e36-c594-44a5-af10-c19615f899d6","local_time":"20190711222658","is_ascension_mode":true,"campfire_choices":[{"data":"Infinite Blades","floor":7.0,"key":"SMITH"},{"data":"Neutralize","floor":13.0,"key":"SMITH"},{"data":"Footwork","floor":15.0,"key":"SMITH"},{"floor":23.0,"key":"REST"}],"neow_cost":"NONE","seed_source_timestamp":0,"circlet_count":0,"master_deck":["AscendersBane","Strike_G","Strike_G","Strike_G+1","Defend_G","Defend_G","Defend_G","Defend_G","Defend_G","Survivor","Neutralize+1","Dagger Throw+1","Well Laid Plans","Footwork+1","Escape Plan","Deflect","Infinite Blades+1","PiercingWail","Backflip","Burst","Flying Knee+1","Concentrate","Cloak And Dagger","Tools of the Trade","Accuracy","Backflip","Backstab","Dagger Throw+1"],"special_seed":0,"relics":["Ring of the Snake","NeowsBlessing","StoneCalendar","Smiling Mask","Whetstone","WristBlade","Nloth\u0027s Gift","Bronze Scales","Kunai"],"potions_floor_usage":[30,30],"damage_taken":[{"damage":0.0,"enemies":"Cultist","floor":1.0,"turns":1.0},{"damage":0.0,"enemies":"Jaw Worm","floor":4.0,"turns":1.0},{"damage":0.0,"enemies":"Gremlin Nob","floor":6.0,"turns":1.0},{"damage":0.0,"enemies":"2 Louse","floor":11.0,"turns":3.0},{"damage":0.0,"enemies":"Blue Slaver","floor":12.0,"turns":5.0},{"damage":12.0,"enemies":"Slime Boss","floor":16.0,"turns":7.0},{"damage":10.0,"enemies":"2 Thieves","floor":18.0,"turns":4.0},{"damage":9.0,"enemies":"Shell Parasite","floor":22.0,"turns":6.0},{"damage":16.0,"enemies":"Snake Plant","floor":25.0,"turns":7.0},{"damage":28.0,"enemies":"Book of Stabbing","floor":28.0,"turns":6.0},{"damage":5,"enemies":"Sentry and Sphere","floor":29,"turns":6},{"damage":23,"enemies":"Shelled Parasite and Fungi","floor":30,"turns":1}],"seed_played":"-714270492470745910","potions_obtained":[{"floor":4.0,"key":"LiquidBronze"},{"floor":6.0,"key":"Energy Potion"},{"floor":22.0,"key":"Explosive Potion"},{"floor":29,"key":"Strength Potion"}],"is_trial":false,"path_per_floor":["M","?","?","M","$","E","R","?","T","?","M","M","R","$","R","B",null,"M","?","?","?","M","R","?","M","T","$","E","M","M"],"character_chosen":"THE_SILENT","items_purchased":["Footwork","Escape Plan","Deflect","Vajra","Backflip"],"campfire_rested":1,"item_purchase_floors":[5,5,5,14,27],"current_hp_per_floor":[59,48,48,48,48,48,48,48,48,37,37,37,37,37,37,25,56,46,46,46,46,37,56,56,40,40,40,12,7,0],"gold":55,"neow_bonus":"THREE_ENEMY_KILL","is_prod":false,"is_daily":false,"chose_seed":false,"campfire_upgraded":3,"win_rate":0,"timestamp":1562905618,"path_taken":["M","?","?","M","$","E","R","?","T","?","?","?","R","?","R","BOSS","M","?","?","?","?","R","?","M","T","?","E","M","M"],"build_version":"2019-07-10","purchased_purges":1,"victory":false,"max_hp_per_floor":[66,66,66,66,66,66,66,66,66,66,66,66,66,66,66,66,66,66,66,66,66,66,66,66,66,66,66,66,66,66],"card_choices":[{"not_picked":["Deflect","Bane"],"picked":"Dagger Throw","floor":1.0},{"not_picked":["Endless Agony","Quick Slash"],"picked":"Well Laid Plans","floor":4.0},{"not_picked":["Skewer","Blade Dance"],"picked":"Infinite Blades","floor":6.0},{"not_picked":["Sucker Punch","Leg Sweep"],"picked":"PiercingWail","floor":11.0},{"not_picked":["Underhanded Strike","Bane"],"picked":"Backflip","floor":12.0},{"not_picked":["Bullet Time","After Image"],"picked":"Burst","floor":16.0},{"not_picked":["Reflex","Sucker Punch+1"],"picked":"Flying Knee+1","floor":18.0},{"not_picked":["Blur","Leg Sweep"],"picked":"Tools of the Trade","floor":22.0},{"not_picked":["Flechettes","Heel Hook","Poisoned Stab+1"],"picked":"SKIP","floor":25.0},{"not_picked":["Bullet Time","Dagger Throw"],"picked":"Backstab","floor":28.0},{"not_picked":["Sucker Punch","Setup"],"picked":"Dagger Throw+1","floor":29}],"player_experience":1181241,"relics_obtained":[{"floor":6.0,"key":"Smiling Mask"},{"floor":9.0,"key":"Whetstone"},{"floor":26.0,"key":"Bronze Scales"},{"floor":28.0,"key":"Kunai"}],"event_choices":[{"damage_healed":0.0,"max_hp_gain":0.0,"max_hp_loss":0.0,"gold_gain":0.0,"event_name":"Scrap Ooze","player_choice":"Success","floor":2.0,"gold_loss":0.0,"damage_taken":11.0,"relics_obtained":["StoneCalendar"]},{"damage_healed":0.0,"max_hp_gain":0.0,"max_hp_loss":0.0,"gold_gain":150.0,"event_name":"Liars Game","player_choice":"AGREE","floor":3.0,"gold_loss":0.0,"damage_taken":0.0,"cards_obtained":["Doubt"]},{"damage_healed":0.0,"max_hp_gain":0.0,"max_hp_loss":0.0,"gold_gain":0.0,"event_name":"Golden Wing","player_choice":"Ignored","floor":8.0,"gold_loss":0.0,"damage_taken":0.0},{"damage_healed":0.0,"max_hp_gain":0.0,"max_hp_loss":0.0,"gold_gain":75.0,"event_name":"World of Goop","player_choice":"Gather Gold","floor":10.0,"gold_loss":0.0,"damage_taken":11.0},{"damage_healed":0.0,"max_hp_gain":0.0,"max_hp_loss":0.0,"gold_gain":0.0,"event_name":"Masked Bandits","player_choice":"Paid Fearfully","floor":19.0,"gold_loss":72.0,"damage_taken":0.0},{"damage_healed":0.0,"max_hp_gain":0.0,"max_hp_loss":0.0,"gold_gain":0.0,"cards_transformed":["Strike_G","Strike_G"],"event_name":"Drug Dealer","player_choice":"Became Test Subject","floor":20.0,"gold_loss":0.0,"damage_taken":0.0,"cards_obtained":["Concentrate","Cloak And Dagger"]},{"damage_healed":0.0,"max_hp_gain":0.0,"max_hp_loss":0.0,"gold_gain":0.0,"event_name":"N\u0027loth","player_choice":"Traded Relic","floor":21.0,"relics_lost":["Vajra"],"gold_loss":0.0,"damage_taken":0.0,"relics_obtained":["Nloth\u0027s Gift"]},{"damage_healed":0.0,"max_hp_gain":0.0,"max_hp_loss":0.0,"gold_gain":0.0,"event_name":"The Library","player_choice":"Read","floor":24.0,"gold_loss":0.0,"damage_taken":0.0,"cards_obtained":["Accuracy"]}],"is_beta":true,"boss_relics":[{"not_picked":["Ectoplasm","Busted Crown"],"picked":"WristBlade"}],"items_purged_floors":[5],"is_endless":false,"potions_floor_spawned":[4,6,11,12,22,29],"killed_by":"Shelled Parasite and Fungi","ascension_level":19}