{"path_per_floor":["M","?","?","?","M","R","$","M","T","M","R","M","M","M","R","B",null,"M","$","M","?","?","R","$","E","T","R","T","M","R","M","R","B",null,"M","?","M","$","M","R","E","?","T"],"character_chosen":"THE_SILENT","items_purchased":["Leg Sweep","Dexterity Potion","Vajra","Dagger Spray","Prepared","War Paint","Regal Pillow","Accuracy","Cloak And Dagger"],"gold_per_floor":[116,116,116,116,128,128,4,21,21,31,31,49,59,76,76,176,176,196,44,63,63,63,63,10,36,36,36,336,349,349,362,362,463,463,476,527,544,35,47,47,82,82,106],"floor_reached":44,"campfire_rested":2,"playtime":9615,"current_hp_per_floor":[54,59,41,41,37,37,37,35,35,32,54,51,35,35,35,60,71,63,63,53,53,53,53,53,43,43,43,43,33,33,33,33,58,71,71,69,55,55,25,61,46,37,37],"items_purged":["Parasite"],"gold":106,"score":836,"play_id":"5f321eb7-74d0-4c9c-abbe-d0ec17f42d00","is_prod":false,"is_daily":false,"is_ascension_mode":true,"campfire_upgraded":6,"path_taken":["M","?","?","?","M","R","$","M","T","M","R","M","M","M","R","BOSS","M","$","?","?","?","R","$","E","T","R","?","M","R","?","R","BOSS","M","?","M","$","?","R","E","?","T","?"],"build_version":"2018-02-08-PROD1","purchased_purges":1,"victory":false,"master_deck":["Defend_G+1","Defend_G","Defend_G","Defend_G","Defend_G","Strike_G","Strike_G","Strike_G","Strike_G","Strike_G","Survivor","Neutralize+1","Storm of Steel+1","Prepared+1","Leg Sweep+1","Bouncing Flask+1","Prepared","Tools of the Trade","Blur","Envenom","Backflip+1","Caltrops+1","Terror+1","Dagger Spray+1","Catalyst+1","Dodge and Roll","PiercingWail+1","Burst","Crippling Poison+1","Prepared","Prepared","Accuracy","Cloak And Dagger","Backstab+1","Malaise+1","Madness","Madness"],"max_hp_per_floor":[70,75,75,75,75,75,75,75,75,75,75,75,75,75,75,75,75,75,75,75,75,75,75,75,75,75,75,75,75,75,75,75,75,75,75,75,75,72,72,72,72,72,72],"relics":["Ring of the Snake","Pantograph","Tough Bandages","Snecko Eye","Vajra","Snake Skull","Smiling Mask","Old Coin","The Specimen","Frozen Eye","War Paint","Regal Pillow","Ancient Tea Set","Oddly Smooth Stone"],"card_choices":[{"not_picked":["Sucker Punch","Bane"],"picked":"Prepared"},{"not_picked":["Dagger Spray","Deflect"],"picked":"Bouncing Flask"},{"not_picked":["Slice","Flying Knee"],"picked":"Prepared"},{"not_picked":["Cloak And Dagger","Bouncing Flask"],"picked":"Tools of the Trade"},{"not_picked":["Quick Slash","Noxious Fumes"],"picked":"Blur"},{"not_picked":["Phantasmal Killer","Tactician"],"picked":"Envenom"},{"not_picked":["Outmaneuver","Acrobatics"],"picked":"Backflip"},{"not_picked":["Endless Agony","Deflect"],"picked":"Caltrops"},{"not_picked":["Outmaneuver","Dagger Spray"],"picked":"Catalyst"},{"not_picked":["Acrobatics","Distraction"],"picked":"Dodge and Roll"},{"not_picked":["Underhanded Strike","Masterful Stab"],"picked":"PiercingWail"},{"not_picked":["Wraith Form","Tactician"],"picked":"Burst"},{"not_picked":["PiercingWail","Terror"],"picked":"Crippling Poison"},{"not_picked":["Deadly Poison","Deflect"],"picked":"Prepared"},{"not_picked":["Dagger Spray","Deadly Poison"],"picked":"Backstab"},{"not_picked":["Quick Slash","Escape Plan"],"picked":"Malaise"}],"player_experience":691189,"potions_floor_usage":[16,16,16,25,33,33,37],"damage_taken":[{"damage":9,"enemies":"Cultist","floor":1,"turns":5},{"damage":4,"enemies":"Jaw Worm","floor":5,"turns":6},{"damage":2,"enemies":"Small Slimes","floor":8,"turns":4},{"damage":3,"enemies":"Looter","floor":10,"turns":3},{"damage":3,"enemies":"2 Fungi Beasts","floor":12,"turns":6},{"damage":16,"enemies":"Lots of Slimes","floor":13,"turns":8},{"damage":0,"enemies":"Red Slaver","floor":14,"turns":5},{"damage":0,"enemies":"The Guardian","floor":16,"turns":9},{"damage":8,"enemies":"Spheric Guardian","floor":18,"turns":4},{"damage":10,"enemies":"Chosen","floor":20,"turns":4},{"damage":10,"enemies":"Gremlin Leader","floor":25,"turns":9},{"damage":10,"enemies":"Sentry and Sphere","floor":29,"turns":6},{"damage":0,"enemies":"Snecko","floor":31,"turns":2},{"damage":0,"enemies":"Collector","floor":33,"turns":6},{"damage":0,"enemies":"3 Shapes","floor":35,"turns":7},{"damage":2,"enemies":"Mysterious Sphere","floor":36,"turns":5},{"damage":14,"enemies":"3 Darklings","floor":37,"turns":7},{"damage":30,"enemies":"4 Shapes","floor":39,"turns":8},{"damage":15,"enemies":"Nemesis","floor":41,"turns":7},{"damage":43,"enemies":"Sphere and 2 Shapes","floor":44,"turns":5}],"event_choices":[{"event_name":"Big Fish","player_choice":"Donut","floor":2,"damage_taken":0},{"event_name":"Scrap Ooze","player_choice":"success","floor":3,"damage_taken":18},{"event_name":"Upgrade Shrine","player_choice":"Upgraded","floor":4,"damage_taken":0},{"event_name":"The Library","player_choice":"Read","floor":21,"damage_taken":0},{"event_name":"The Mausoleum","player_choice":"No","floor":22,"damage_taken":0},{"event_name":"Mysterious Sphere","player_choice":"Fight","floor":36,"damage_taken":0},{"event_name":"Winding Halls","player_choice":"Embrace Madness","floor":42,"damage_taken":0}],"boss_relics":[{"not_picked":["Black Star","White Beast Statue"],"picked":"Snecko Eye"},{"not_picked":["Question Card","Orrery"],"picked":"The Specimen"}],"potions_floor_spawned":[5,8,14,16,25,31,36,41],"seed_played":"-526844874410816703","killed_by":"Sphere and 2 Shapes","ascension_level":10,"is_trial":false}