{"gold_per_floor":[99,117,133,133,10,10,10,10,92,110,126,126,126,136,136,231,231,246,4,23,23,23,23,23,34,34,53,69,69,69,15,15,120,120,130,12,12,28,28],"floor_reached":39,"playtime":3767,"items_purged":[],"score":396,"play_id":"4ad170b1-796c-40ca-8b76-333a090d72e6","local_time":"20190710092939","is_ascension_mode":false,"campfire_choices":[{"data":"Envenom","floor":6,"key":"SMITH"},{"data":"Poisoned Stab","floor":8,"key":"SMITH"},{"data":"Caltrops","floor":12,"key":"SMITH"},{"floor":15,"key":"REST"},{"floor":23,"key":"REST"},{"floor":29,"key":"REST"},{"floor":32,"key":"REST"}],"neow_cost":"NONE","seed_source_timestamp":7827526907208,"circlet_count":0,"master_deck":["Strike_G","Strike_G","Strike_G","Strike_G","Defend_G","Defend_G","Defend_G","Defend_G","Defend_G","Survivor","Neutralize","Flechettes","Endless Agony","Acrobatics","Envenom+1","Crippling Poison","Poisoned Stab+1","Caltrops+1","Dagger Throw","Calculated Gamble","After Image+1","Poisoned Stab","Sadistic Nature","Endless Agony","Bane+1","Distraction","Die Die Die","Infinite Blades+1","After Image","Prepared","Die Die Die","Deadly Poison+1","Bouncing Flask","Dash","Backflip+1"],"relics":["Ring of the Snake","Mercury Hourglass","WristBlade","Nloth\u0027s Gift","Happy Flower","Eternal Feather"],"potions_floor_usage":[],"damage_taken":[{"damage":0,"enemies":"2 Louse","floor":1,"turns":3},{"damage":0,"enemies":"Cultist","floor":2,"turns":3},{"damage":0,"enemies":"Small Slimes","floor":3,"turns":3},{"damage":0,"enemies":"Looter","floor":10,"turns":3},{"damage":11,"enemies":"2 Fungi Beasts","floor":11,"turns":3},{"damage":14,"enemies":"Exordium Thugs","floor":14,"turns":5},{"damage":39,"enemies":"The Guardian","floor":16,"turns":12},{"damage":2,"enemies":"Chosen","floor":18,"turns":4},{"damage":29,"enemies":"3 Byrds","floor":20,"turns":4},{"damage":26,"enemies":"Snake Plant","floor":25,"turns":3},{"damage":16,"enemies":"3 Cultists","floor":27,"turns":4},{"damage":4,"enemies":"Centurion and Healer","floor":28,"turns":5},{"damage":41,"enemies":"Automaton","floor":33,"turns":8},{"damage":23,"enemies":"3 Shapes","floor":35,"turns":5},{"damage":43,"enemies":"3 Darklings","floor":38,"turns":5},{"damage":12,"enemies":"Transient","floor":39,"turns":1}],"seed_played":"-4575973532550019020","potions_obtained":[{"floor":3,"key":"EntropicBrew"},{"floor":11,"key":"Regen Potion"},{"floor":16,"key":"Dexterity Potion"},{"floor":25,"key":"Explosive Potion"},{"floor":27,"key":"Explosive Potion"},{"floor":28,"key":"Swift Potion"}],"is_trial":false,"path_per_floor":["M","M","M","?","$","R","?","R","T","M","M","R","?","M","R","B",null,"M","$","M","$","?","R","?","M","T","M","M","R","?","$","R","B",null,"M","$","?","M","M"],"character_chosen":"THE_SILENT","items_purchased":["Crippling Poison","Poisoned Stab","Sadistic Nature","Endless Agony","Prepared","Bouncing Flask","Dash"],"campfire_rested":4,"item_purchase_floors":[5,5,19,19,31,36,36],"current_hp_per_floor":[70,70,70,70,70,70,70,70,70,70,59,59,52,38,59,20,70,68,68,39,39,39,60,60,34,34,18,14,35,22,22,44,3,75,52,52,52,9,0],"gold":28,"neow_bonus":"TRANSFORM_CARD","is_prod":false,"is_daily":false,"chose_seed":false,"campfire_upgraded":3,"win_rate":0.0,"timestamp":1562743779,"path_taken":["M","M","M","?","?","R","?","R","T","M","M","R","?","M","R","BOSS","M","$","M","$","?","R","?","M","T","?","M","R","?","$","R","BOSS","M","$","?","M","?"],"build_version":"2019-07-05","purchased_purges":0,"victory":false,"max_hp_per_floor":[70,70,70,70,70,70,70,70,70,70,70,70,70,70,70,70,70,70,70,70,70,70,70,70,70,70,70,70,70,75,75,75,75,75,75,75,75,75,75],"card_choices":[{"not_picked":["Prepared","Caltrops"],"picked":"Endless Agony","floor":1},{"not_picked":["Deflect","Dodge and Roll"],"picked":"Acrobatics","floor":2},{"not_picked":["Dodge and Roll","Infinite Blades"],"picked":"Envenom","floor":3},{"not_picked":["Poisoned Stab","Quick Slash"],"picked":"Caltrops","floor":10},{"not_picked":["Backstab","Masterful Stab"],"picked":"Dagger Throw","floor":11},{"not_picked":["Backflip","Dagger Throw","Reflex"],"picked":"Calculated Gamble","floor":14},{"not_picked":["Night Terror","Glass Knife","Die Die Die"],"picked":"After Image","floor":16},{"not_picked":["Backstab","Dagger Throw","Expertise"],"picked":"Poisoned Stab","floor":18},{"not_picked":["Sucker Punch","Outmaneuver","Dagger Spray"],"picked":"Bane+1","floor":20},{"not_picked":["PiercingWail","Dagger Throw"],"picked":"Die Die Die","floor":25},{"not_picked":["PiercingWail","Prepared+1"],"picked":"Infinite Blades+1","floor":27},{"not_picked":["Underhanded Strike","Backstab"],"picked":"After Image","floor":28},{"not_picked":["Malaise","Burst"],"picked":"Die Die Die","floor":33},{"not_picked":["Slice+1","Sucker Punch"],"picked":"Deadly Poison+1","floor":35},{"not_picked":["Acrobatics+1","Backstab+1"],"picked":"Backflip+1","floor":38}],"player_experience":38317,"relics_obtained":[{"floor":9,"key":"Mercury Hourglass"},{"floor":26,"key":"Happy Flower"}],"event_choices":[{"damage_healed":0,"gold_gain":0,"player_choice":"Bought 0 Potions","damage_taken":0,"max_hp_gain":0,"max_hp_loss":0,"event_name":"The Woman in Blue","floor":4,"gold_loss":0},{"damage_healed":0,"gold_gain":0,"player_choice":"Ignored","damage_taken":0,"max_hp_gain":0,"max_hp_loss":0,"event_name":"Golden Wing","floor":7,"gold_loss":0},{"damage_healed":0,"gold_gain":0,"player_choice":"Success","damage_taken":7,"relics_obtained":["Question Card"],"max_hp_gain":0,"max_hp_loss":0,"event_name":"Scrap Ooze","floor":13,"gold_loss":0},{"damage_healed":0,"gold_gain":0,"player_choice":"Read","damage_taken":0,"max_hp_gain":0,"max_hp_loss":0,"event_name":"The Library","floor":22,"gold_loss":0,"cards_obtained":["Distraction"]},{"damage_healed":0,"gold_gain":0,"player_choice":"Traded Relic","damage_taken":0,"relics_obtained":["Nloth\u0027s Gift"],"max_hp_gain":0,"max_hp_loss":0,"event_name":"N\u0027loth","floor":24,"relics_lost":["Question Card"],"gold_loss":0},{"damage_healed":0,"gold_gain":0,"player_choice":"Shed Blood","damage_taken":18,"max_hp_gain":5,"max_hp_loss":0,"event_name":"Forgotten Altar","floor":30,"gold_loss":0},{"damage_healed":0,"gold_gain":0,"player_choice":"Forge","damage_taken":0,"max_hp_gain":0,"max_hp_loss":0,"event_name":"Accursed Blacksmith","floor":37,"gold_loss":0,"cards_upgraded":["After Image"]}],"is_beta":false,"boss_relics":[{"not_picked":["Snecko Eye","Coffee Dripper"],"picked":"WristBlade"},{"not_picked":["Velvet Choker","Orrery"],"picked":"Eternal Feather"}],"items_purged_floors":[],"is_endless":false,"potions_floor_spawned":[3,11,16,25,27,28],"killed_by":"Transient","ascension_level":0}