{"gold_per_floor":[119,132,132,142,142,142,52,22,68,68,81,81,110,110,110,184,234,246,246,246,50,45,45,65,65,113,113],"floor_reached":27,"playtime":1402,"items_purged":[],"score":456,"play_id":"a8f0cfdf-ae9b-4728-8e4d-a4674c01091b","local_time":"20190710223759","is_ascension_mode":true,"campfire_choices":[{"data":"Backflip","floor":6,"key":"SMITH"},{"data":"Infinite Blades","floor":10,"key":"SMITH"},{"data":"Deadly Poison","floor":15,"key":"SMITH"},{"data":"Cloak And Dagger","floor":23,"key":"SMITH"},{"floor":25,"key":"REST"}],"neow_cost":"NONE","seed_source_timestamp":2344582203959953,"circlet_count":0,"master_deck":["AscendersBane","Strike_G","Strike_G","Strike_G","Strike_G","Defend_G+1","Defend_G","Defend_G","Defend_G","Defend_G","Survivor","Neutralize+1","PiercingWail","Poisoned Stab","Regret","Backflip+1","Infinite Blades+1","Terror+1","Slice+1","Deadly Poison+1","Doppelganger","Cloak And Dagger+1","Blade Dance","Footwork","Blade Dance","Trip","Phantasmal Killer","Dagger Spray"],"relics":["Ring of the Snake","Du-Vu Doll","Juzu Bracelet","Potion Belt","War Paint","Nloth\u0027s Gift","Dream Catcher"],"potions_floor_usage":[13,16,16,22,27],"damage_taken":[{"damage":0,"enemies":"Jaw Worm","floor":1,"turns":7},{"damage":0,"enemies":"Small Slimes","floor":2,"turns":4},{"damage":1,"enemies":"Cultist","floor":4,"turns":3},{"damage":9,"enemies":"2 Fungi Beasts","floor":11,"turns":4},{"damage":4,"enemies":"Gremlin Nob","floor":13,"turns":3},{"damage":37,"enemies":"The Guardian","floor":16,"turns":8},{"damage":20,"enemies":"Shell Parasite","floor":18,"turns":5},{"damage":23,"enemies":"2 Thieves","floor":22,"turns":4},{"damage":67,"enemies":"Cultist and Chosen","floor":24,"turns":8},{"damage":29,"enemies":"Shelled Parasite and Fungi","floor":27,"turns":4}],"seed_played":"-3812742707146120101","potions_obtained":[{"floor":8,"key":"SneckoOil"},{"floor":8,"key":"Strength Potion"},{"floor":11,"key":"SkillPotion"},{"floor":17,"key":"FairyPotion"},{"floor":18,"key":"Regen Potion"},{"floor":22,"key":"Energy Potion"}],"is_trial":false,"path_per_floor":["M","M","?","M","?","R","$","?","T","R","M","?","E","?","R","B",null,"M","?","?","$","M","R","M","R","T","M"],"character_chosen":"THE_SILENT","items_purchased":["Infinite Blades","Footwork","Blade Dance","Trip"],"campfire_rested":1,"item_purchase_floors":[7,21,21,21],"current_hp_per_floor":[59,59,59,58,53,53,53,53,53,53,44,44,40,40,40,3,55,35,35,49,49,40,40,7,28,28,0],"gold":113,"neow_bonus":"UPGRADE_CARD","is_prod":false,"is_daily":false,"chose_seed":false,"campfire_upgraded":4,"win_rate":0,"timestamp":1562819879,"path_taken":["M","M","?","M","?","R","$","?","T","R","M","?","E","?","R","BOSS","M","?","?","$","M","R","M","R","T","M"],"build_version":"2019-07-10","purchased_purges":0,"victory":false,"max_hp_per_floor":[66,66,66,66,66,66,66,66,66,66,66,66,66,66,66,66,71,71,71,71,71,71,71,71,71,71,71],"card_choices":[{"not_picked":["Cloak And Dagger","Crippling Poison"],"picked":"PiercingWail","floor":1},{"not_picked":["Eviscerate","Blade Dance"],"picked":"Poisoned Stab","floor":2},{"not_picked":["Deadly Poison","Phantasmal Killer"],"picked":"Backflip","floor":4},{"not_picked":["Underhanded Strike","Leg Sweep"],"picked":"Terror","floor":11},{"not_picked":["Terror","Reflex"],"picked":"Slice","floor":13},{"not_picked":["Phantasmal Killer","Wraith Form v2"],"picked":"Doppelganger","floor":16},{"not_picked":["Dodge and Roll","Calculated Gamble"],"picked":"Cloak And Dagger","floor":17},{"not_picked":["Quick Slash","Underhanded Strike"],"picked":"Blade Dance","floor":18},{"not_picked":["Underhanded Strike","Sucker Punch"],"picked":"Phantasmal Killer","floor":22},{"not_picked":["Blade Dance","Acrobatics"],"picked":"Dagger Spray","floor":24}],"player_experience":1177076,"relics_obtained":[{"floor":9,"key":"Potion Belt"},{"floor":13,"key":"War Paint"},{"floor":26,"key":"Dream Catcher"}],"event_choices":[{"damage_healed":0,"gold_gain":0,"player_choice":"Box","damage_taken":0,"relics_obtained":["Du-Vu Doll"],"max_hp_gain":0,"max_hp_loss":0,"event_name":"Big Fish","floor":3,"gold_loss":0,"cards_obtained":["Regret"]},{"damage_healed":0,"gold_gain":0,"player_choice":"Success","damage_taken":5,"relics_obtained":["Juzu Bracelet"],"max_hp_gain":0,"max_hp_loss":0,"event_name":"Scrap Ooze","floor":5,"gold_loss":0},{"damage_healed":0,"gold_gain":0,"player_choice":"Bought 2 Potions","damage_taken":0,"max_hp_gain":0,"max_hp_loss":0,"event_name":"The Woman in Blue","floor":8,"gold_loss":0},{"damage_healed":0,"gold_gain":0,"player_choice":"Ignored","damage_taken":0,"max_hp_gain":0,"max_hp_loss":0,"event_name":"Golden Wing","floor":12,"gold_loss":0},{"damage_healed":0,"gold_gain":0,"cards_transformed":["Strike_G"],"player_choice":"Transformed","damage_taken":0,"max_hp_gain":0,"max_hp_loss":0,"event_name":"Transmorgrifier","floor":14,"gold_loss":0,"cards_obtained":["Deadly Poison"]},{"damage_healed":0,"gold_gain":0,"player_choice":"Traded Relic","damage_taken":0,"relics_obtained":["Nloth\u0027s Gift"],"max_hp_gain":0,"max_hp_loss":0,"event_name":"N\u0027loth","floor":19,"relics_lost":["Tiny House"],"gold_loss":0},{"damage_healed":14,"gold_gain":0,"player_choice":"Heal","damage_taken":0,"max_hp_gain":0,"max_hp_loss":0,"event_name":"The Library","floor":20,"gold_loss":0}],"is_beta":true,"boss_relics":[{"not_picked":["Runic Dome","HoveringKite"],"picked":"Tiny House"}],"items_purged_floors":[],"is_endless":false,"potions_floor_spawned":[11,18,22],"killed_by":"Shelled Parasite and Fungi","ascension_level":19}