{"path_per_floor":["M","?","M","M","M","R","M","R","T","M","M","R","M","M","R","B",null,"M","$","?","?","?","E","M","R","T","M","M","R","T","M","R"],"character_chosen":"THE_SILENT","items_purchased":["Bronze Scales"],"gold_per_floor":[11,11,26,45,59,59,74,74,74,93,109,109,127,146,146,243,243,226,8,8,8,8,42,54,54,54,66,79,79,154,165,165],"floor_reached":33,"campfire_rested":3,"playtime":9274,"current_hp_per_floor":[63,56,56,56,45,45,10,31,31,23,2,23,15,13,34,7,54,53,53,53,53,53,53,53,53,53,53,53,53,53,52,52],"items_purged":["Strike_G"],"gold":165,"play_id":"5b1651fa-30fa-4632-b327-6cdc8c757f04","is_prod":false,"is_daily":false,"is_ascension_mode":true,"campfire_upgraded":4,"path_taken":["M","?","?","M","M","R","M","R","T","M","M","R","M","M","R","BOSS","M","$","?","?","?","E","M","R","T","M","?","R","?","M","R","BOSS"],"build_version":"2018-02-01-PROD3","purchased_purges":1,"victory":false,"master_deck":["Defend_G+1","Defend_G+1","Defend_G+1","Defend_G+1","Defend_G+1","Strike_G+1","Strike_G+1","Strike_G+1","Survivor","Neutralize+1","Burst+1","Poisoned Stab","Poisoned Stab","Backflip","Leg Sweep+1","PiercingWail","Acrobatics","Cloak And Dagger","Deadly Poison","Tools of the Trade","Well Laid Plans","Jack Of All Trades+1","Backflip","Poisoned Stab+1","Die Die Die"],"max_hp_per_floor":[70,70,70,70,70,70,70,70,70,70,70,70,70,70,70,70,70,70,70,70,70,70,70,70,70,70,70,70,70,70,70,70],"relics":["Ring of the Snake","Ice Cream","Sozu","Bronze Scales","Vajra","Thread and Needle","Bag of Marbles","Letter Opener"],"card_choices":[{"not_picked":["Night Terror","Tactician"],"picked":"Burst"},{"not_picked":["Concentrate","Bane"],"picked":"Poisoned Stab"},{"not_picked":["Bane","Dagger Throw"],"picked":"Poisoned Stab"},{"not_picked":["Slice","Tools of the Trade"],"picked":"Backflip"},{"not_picked":["Sucker Punch","Bane"],"picked":"Leg Sweep"},{"not_picked":["Choke","Flying Knee"],"picked":"PiercingWail"},{"not_picked":["Slice","Underhanded Strike"],"picked":"Acrobatics"},{"not_picked":["Acrobatics","PiercingWail"],"picked":"Cloak And Dagger"},{"not_picked":["Dagger Throw","Slice"],"picked":"Deadly Poison"},{"not_picked":["Bullet Time","Glass Knife"],"picked":"Tools of the Trade"},{"not_picked":["Skewer","Infinite Blades"],"picked":"Well Laid Plans"},{"not_picked":["Underhanded Strike","Bane"],"picked":"Backflip"},{"not_picked":["Underhanded Strike","Flying Knee"],"picked":"Poisoned Stab"},{"not_picked":["Poisoned Stab","Malaise"],"picked":"Die Die Die"}],"player_experience":573625,"potions_floor_usage":[10,10,16],"damage_taken":[{"damage":0,"enemies":"Small Slimes","floor":1,"turns":4},{"damage":0,"enemies":"Blue Slaver","floor":3,"turns":5},{"damage":0,"enemies":"Cultist","floor":4,"turns":4},{"damage":11,"enemies":"Looter","floor":5,"turns":4},{"damage":35,"enemies":"Large Slime","floor":7,"turns":12},{"damage":8,"enemies":"Exordium Wildlife","floor":10,"turns":8},{"damage":21,"enemies":"Lots of Slimes","floor":11,"turns":6},{"damage":8,"enemies":"2 Fungi Beasts","floor":13,"turns":5},{"damage":2,"enemies":"3 Louse","floor":14,"turns":4},{"damage":27,"enemies":"Hexaghost","floor":16,"turns":11},{"damage":1,"enemies":"2 Thieves","floor":18,"turns":4},{"damage":0,"enemies":"Book of Stabbing","floor":23,"turns":6},{"damage":0,"enemies":"Chosen","floor":24,"turns":5},{"damage":0,"enemies":"Centurion and Healer","floor":27,"turns":7},{"damage":0,"enemies":"Sentry and Sphere","floor":28,"turns":6},{"damage":1,"enemies":"Snecko","floor":31,"turns":3},{"damage":59,"enemies":"Champ","floor":33,"turns":12}],"event_choices":[{"event_name":"Golden Wing","player_choice":"Card Removal","floor":2,"damage_taken":0},{"event_name":"The Mausoleum","player_choice":"Yes","floor":20,"damage_taken":0},{"event_name":"Match and Keep!","player_choice":"1 cards matched","floor":21,"damage_taken":0},{"event_name":"Back to Basics","player_choice":"Simplicity","floor":22,"damage_taken":0}],"boss_relics":[{"not_picked":["Astrolabe","Lizard Tail"],"picked":"Sozu"}],"potions_floor_spawned":[4,7,14,16,23,28,31],"seed_played":"-723902508200433403","killed_by":"Champ","ascension_level":7,"is_trial":false}