{"path_per_floor":["M","?","M","?","M","E","M","M","T","R","E","M","R","M","R","B",null,"M","?","?","?","?","E"],"character_chosen":"THE_SILENT","items_purchased":[],"gold_per_floor":[118,68,86,86,97,124,142,156,156,156,181,198,198,209,209,313,313,284,284,184,184,184,213],"floor_reached":24,"campfire_rested":1,"playtime":3552,"current_hp_per_floor":[70,70,70,70,70,17,16,2,2,23,23,23,23,23,23,8,70,57,49,49,49,49,21],"items_purged":[],"gold":213,"play_id":"5d786eae-1ccf-4eda-925a-959dbc377149","is_prod":false,"is_daily":false,"campfire_rituals":0,"campfire_upgraded":2,"is_hardmode":false,"path_taken":["M","?","M","?","M","E","M","M","T","R","E","M","R","M","R","BOSS","M","?","?","?","?","E","?"],"build_version":"2018-01-18-PROD4","purchased_purges":0,"victory":false,"master_deck":["Defend_G","Defend_G","Defend_G","Defend_G","Survivor","Neutralize","Prepared","Deadly Poison","Bouncing Flask","Well Laid Plans","Burst","Backflip","Footwork","Outmaneuver","Envenom","Doubt","Decay","Regret","Bite_G","Bite_G","Bite_G","Bite_G","Bite_G","J.A.X.","Footwork"],"max_hp_per_floor":[70,70,70,70,70,70,70,70,70,70,70,70,70,70,70,70,70,70,49,49,49,49,49],"relics":["Ring of the Snake","Gambling Chip","Gremlin Horn","Whetstone","Calling Bell","Oddly Smooth Stone","Orichalcum","Kunai","Happy Flower"],"campfire_meditates":0,"card_choices":[{"not_picked":["Flying Knee","Cloak And Dagger"],"picked":"Prepared"},{"not_picked":["Flying Knee","Quick Slash"],"picked":"Deadly Poison"},{"not_picked":["Masterful Stab","Catalyst"],"picked":"Well Laid Plans"},{"not_picked":["Dagger Throw","Flying Knee"],"picked":"Burst"},{"not_picked":["Poisoned Stab","Sucker Punch"],"picked":"Backflip"},{"not_picked":["Dash","All Out Attack"],"picked":"Footwork"},{"not_picked":["Sucker Punch","Bouncing Flask"],"picked":"Outmaneuver"},{"not_picked":["Wraith Form","Corpse Explosion"],"picked":"Envenom"}],"player_experience":150226,"potions_floor_usage":[8,12,16,16,16,23,24],"damage_taken":[{"damage":0,"enemies":"2 Louse","floor":1,"turns":3},{"damage":0,"enemies":"Small Slimes","floor":3,"turns":3},{"damage":0,"enemies":"Jaw Worm","floor":5,"turns":5},{"damage":53,"enemies":"3 Sentries","floor":6,"turns":11},{"damage":1,"enemies":"Red Slaver","floor":7,"turns":3},{"damage":14,"enemies":"Exordium Thugs","floor":8,"turns":9},{"damage":0,"enemies":"Lagavulin","floor":11,"turns":5},{"damage":0,"enemies":"3 Louse","floor":12,"turns":4},{"damage":0,"enemies":"Large Slime","floor":14,"turns":6},{"damage":15,"enemies":"Slime Boss","floor":16,"turns":9},{"damage":13,"enemies":"2 Thieves","floor":18,"turns":5},{"damage":42,"enemies":"Book of Stabbing","floor":23,"turns":6},{"damage":29,"enemies":"3 Byrds","floor":24,"turns":5}],"event_choices":[{"event_name":"The Cleric","player_choice":"Card Removal","floor":2,"damage_taken":0},{"event_name":"Living Wall","player_choice":"Change","floor":4,"damage_taken":0},{"event_name":"Vampires","player_choice":"Became a vampire","floor":19,"damage_taken":0},{"event_name":"Drug Dealer","player_choice":"Got JAXXED","floor":20,"damage_taken":0},{"event_name":"The Library","player_choice":"Read","floor":21,"damage_taken":0},{"event_name":"Accursed Blacksmith","player_choice":"Forge","floor":22,"damage_taken":0}],"boss_relics":[{"not_picked":["Lizard Tail","Runic Dome"],"picked":"Calling Bell"}],"potions_floor_spawned":[7,8,11,12,14,18,23],"seed_played":"-8360815930158690861","killed_by":"3 Byrds","is_trial":false}