{"path_per_floor":["M","$","?","M","?","R","M","R","T","M","$","R","M","M","R","B",null,"M"],"character_chosen":"THE_SILENT","items_purchased":["After Image"],"gold_per_floor":[112,36,36,53,53,53,71,71,71,90,15,15,30,44,44,115,145,162],"floor_reached":19,"campfire_rested":1,"playtime":1242,"current_hp_per_floor":[60,60,46,46,44,68,68,68,68,67,67,67,66,66,66,25,64,18],"items_purged":["Parasite"],"gold":162,"score":262,"play_id":"cadebbcb-89e4-4a35-9561-1638cb0fedce","local_time":"20180308172314","is_prod":false,"is_daily":false,"is_ascension_mode":true,"campfire_upgraded":3,"timestamp":1520547794,"path_taken":["M","$","?","M","?","R","M","R","T","M","$","R","?","M","R","BOSS","M","?"],"build_version":"2018-03-01-PROD1","purchased_purges":1,"victory":false,"master_deck":["Defend_G","Defend_G","Defend_G","Defend_G","Defend_G","Strike_G","Strike_G","Strike_G+1","Strike_G","Strike_G","Survivor","Neutralize+1","After Image+1","Backstab","After Image","Dagger Spray+1","Poisoned Stab+1","Pain","Clumsy","Injury","Concentrate"],"max_hp_per_floor":[70,70,70,70,80,80,80,80,80,80,77,77,77,77,77,77,77,77],"relics":["Ring of the Snake","Pear","Calipers","Calling Bell","Ancient Tea Set","Sundial","Tiny Chest"],"card_choices":[{"not_picked":["Prepared","All Out Attack"],"picked":"Backstab"},{"not_picked":["Poisoned Stab","Dagger Throw"],"picked":"After Image"},{"not_picked":["Slice","Flying Knee"],"picked":"Dagger Spray"},{"not_picked":["Choke","Cloak And Dagger"],"picked":"Poisoned Stab"},{"not_picked":["Prepared","Flying Knee"],"picked":"Concentrate"}],"player_experience":946852,"potions_floor_usage":[14,14,16],"damage_taken":[{"damage":3,"enemies":"Small Slimes","floor":1,"turns":5},{"damage":0,"enemies":"2 Louse","floor":4,"turns":3},{"damage":0,"enemies":"Jaw Worm","floor":7,"turns":5},{"damage":1,"enemies":"Looter","floor":10,"turns":5},{"damage":1,"enemies":"Red Slaver","floor":13,"turns":3},{"damage":0,"enemies":"Gremlin Gang","floor":14,"turns":3},{"damage":41,"enemies":"Slime Boss","floor":16,"turns":15},{"damage":46,"enemies":"Spheric Guardian","floor":18,"turns":8},{"damage":18,"enemies":"Shell Parasite","floor":19,"turns":5}],"event_choices":[{"event_name":"Shining Light","player_choice":"Entered Light","floor":3,"damage_taken":0},{"event_name":"Scrap Ooze","player_choice":"success","floor":5,"damage_taken":12}],"boss_relics":[{"not_picked":["Pandora\u0027s Box","Ectoplasm"],"picked":"Calling Bell"}],"potions_floor_spawned":[7,10,13,18],"seed_played":"8130841909372175900","killed_by":"Shell Parasite","ascension_level":13,"is_trial":false}