{"path_per_floor":["M","M","?","M","M","R","M","R","T","R","M","M","M","M","R","B",null,"M","M","M","M","?","R","M","R","T","R","$","M","?","M","R","B",null,"M","M","M","M","M","R","M","R","T","M","R","$","?","M","R","B"],"character_chosen":"THE_SILENT","items_purchased":["Bag of Preparation","Shuriken","Backflip","Caltrops","Dexterity Potion"],"gold_per_floor":[114,129,129,144,159,159,174,174,174,174,189,204,219,234,234,334,334,349,364,379,394,394,394,409,409,409,409,9,24,24,39,39,139,139,154,169,184,199,214,214,229,229,229,244,244,25,25,40,40,40],"floor_reached":51,"campfire_rested":2,"playtime":3158,"item_purchase_floors":[28,28,46,46,46],"current_hp_per_floor":[59,59,59,59,59,59,56,56,56,56,56,56,56,56,56,55,70,73,52,28,27,27,67,65,65,65,65,65,44,44,44,44,44,84,84,84,84,66,70,70,74,74,74,45,45,45,45,53,84,57],"items_purged":["Reflex"],"gold":40,"score":753,"play_id":"78e60b0a-befe-4740-90f3-c211993af228","local_time":"20180617180644","daily_mods":["Insanity","Binary","Vintage"],"is_prod":false,"is_daily":true,"chose_seed":false,"is_ascension_mode":false,"campfire_upgraded":10,"win_rate":0,"timestamp":1529273204,"campfire_choices":[{"data":"Footwork","floor":6,"key":"SMITH"},{"data":"Bouncing Flask","floor":8,"key":"SMITH"},{"data":"Noxious Fumes","floor":10,"key":"SMITH"},{"data":"A Thousand Cuts","floor":15,"key":"SMITH"},{"floor":23,"key":"REST"},{"data":"Leg Sweep","floor":25,"key":"SMITH"},{"data":"Wraith Form v2","floor":27,"key":"SMITH"},{"data":"Terror","floor":32,"key":"SMITH"},{"data":"Glass Knife","floor":40,"key":"SMITH"},{"data":"A Thousand Cuts","floor":42,"key":"SMITH"},{"data":"Catalyst","floor":45,"key":"SMITH"},{"floor":49,"key":"REST"}],"path_taken":["M","M","?","M","M","R","M","R","T","R","M","M","M","?","R","BOSS","M","M","M","M","?","R","M","R","T","R","$","M","?","?","R","BOSS","M","M","M","M","M","R","M","R","T","M","R","$","?","M","R","BOSS"],"build_version":"2018-06-14v2","seed_source_timestamp":0,"purchased_purges":1,"victory":true,"master_deck":["A Thousand Cuts+1","Distraction","Backstab","Reflex+1","Sucker Punch","Terror+1","Blade Dance","Footwork+1","Endless Agony","Deflect","Expertise","Bouncing Flask+1","Heel Hook","PiercingWail","Infinite Blades","Tools of the Trade","Poisoned Stab","Bullet Time+1","Strike_G","Slice","Noxious Fumes+1","Crippling Poison","Backstab","Tactician","Quick Slash+1","Underhanded Strike","All Out Attack","Wraith Form v2+1","Die Die Die","A Thousand Cuts+1","Underhanded Strike","Defend_G","Outmaneuver","Heel Hook","Burst","Catalyst+1","Infinite Blades","Endless Agony","Storm of Steel","Reflex","Slice","Phantasmal Killer","Catalyst+1","Blade Dance","Survivor","Leg Sweep+1","Flechettes+1","Deflect","Glass Knife+1","Bullet Time","Backflip","Caltrops"],"max_hp_per_floor":[70,70,70,70,70,70,70,70,70,70,70,70,70,70,70,70,70,84,84,84,84,84,84,84,84,84,84,84,84,84,84,84,84,84,84,84,84,84,84,84,84,84,84,84,84,84,84,84,84,84],"special_seed":17699,"relics":["Ring of the Snake","Tingsha","Regal Pillow","Vajra","Oddly Smooth Stone","Question Card","War Paint","Art of War","Singing Bowl","Potion Belt","Darkstone Periapt","Ancient Tea Set","Lizard Tail","Mango","Blue Candle","Bag of Marbles","Whetstone","Letter Opener","Kunai","Bag of Preparation","Shuriken","Bird Faced Urn","Juzu Bracelet","Anchor","Philosopher\u0027s Stone","Tough Bandages","Ornamental Fan","Blood Vial","Meat on the Bone","Omamori","Mummified Hand","Sundial","Centennial Puzzle","Dodecahedron"],"card_choices":[{"not_picked":["Bullet Time","Phantasmal Killer"],"picked":"Glass Knife","floor":16},{"not_picked":["Night Terror","Tactician"],"picked":"Bullet Time","floor":33}],"player_experience":1387680,"potions_floor_usage":[4,5,16,18,18,21,33,33,48,50,50],"damage_taken":[{"damage":11,"enemies":"Jaw Worm","floor":1,"turns":2},{"damage":0,"enemies":"Small Slimes","floor":2,"turns":2},{"damage":0,"enemies":"Cultist","floor":4,"turns":2},{"damage":0,"enemies":"Gremlin Gang","floor":5,"turns":1},{"damage":3,"enemies":"3 Louse","floor":7,"turns":2},{"damage":0,"enemies":"Exordium Thugs","floor":11,"turns":3},{"damage":0,"enemies":"Looter","floor":12,"turns":2},{"damage":0,"enemies":"3 Louse","floor":13,"turns":2},{"damage":0,"enemies":"Blue Slaver","floor":14,"turns":1},{"damage":1,"enemies":"Slime Boss","floor":16,"turns":4},{"damage":11,"enemies":"Spheric Guardian","floor":18,"turns":4},{"damage":21,"enemies":"2 Thieves","floor":19,"turns":3},{"damage":24,"enemies":"Snecko","floor":20,"turns":4},{"damage":1,"enemies":"3 Cultists","floor":21,"turns":3},{"damage":2,"enemies":"Sentry and Sphere","floor":24,"turns":5},{"damage":21,"enemies":"Snake Plant","floor":29,"turns":3},{"damage":0,"enemies":"Chosen and Byrds","floor":31,"turns":3},{"damage":60,"enemies":"Automaton","floor":33,"turns":7},{"damage":0,"enemies":"3 Darklings","floor":35,"turns":1},{"damage":0,"enemies":"Orb Walker","floor":36,"turns":1},{"damage":0,"enemies":"Sphere and 2 Shapes","floor":37,"turns":3},{"damage":20,"enemies":"3 Darklings","floor":38,"turns":5},{"damage":0,"enemies":"4 Shapes","floor":39,"turns":2},{"damage":0,"enemies":"Sphere and 2 Shapes","floor":41,"turns":3},{"damage":49,"enemies":"3 Darklings","floor":44,"turns":5},{"damage":0,"enemies":"Maw","floor":48,"turns":4},{"damage":31,"enemies":"Time Eater","floor":50,"turns":6}],"relics_obtained":[{"floor":1,"key":"Tingsha"},{"floor":2,"key":"Regal Pillow"},{"floor":4,"key":"Vajra"},{"floor":5,"key":"Oddly Smooth Stone"},{"floor":7,"key":"Question Card"},{"floor":9,"key":"War Paint"},{"floor":11,"key":"Art of War"},{"floor":12,"key":"Singing Bowl"},{"floor":13,"key":"Potion Belt"},{"floor":14,"key":"Darkstone Periapt"},{"floor":16,"key":"Ancient Tea Set"},{"floor":18,"key":"Mango"},{"floor":19,"key":"Blue Candle"},{"floor":20,"key":"Bag of Marbles"},{"floor":21,"key":"Whetstone"},{"floor":24,"key":"Letter Opener"},{"floor":26,"key":"Kunai"},{"floor":29,"key":"Bird Faced Urn"},{"floor":31,"key":"Juzu Bracelet"},{"floor":33,"key":"Anchor"},{"floor":35,"key":"Tough Bandages"},{"floor":36,"key":"Ornamental Fan"},{"floor":37,"key":"Blood Vial"},{"floor":38,"key":"Meat on the Bone"},{"floor":39,"key":"Omamori"},{"floor":41,"key":"Mummified Hand"},{"floor":43,"key":"Sundial"},{"floor":44,"key":"Centennial Puzzle"},{"floor":48,"key":"Dodecahedron"}],"event_choices":[{"event_name":"Living Wall","player_choice":"Forget","floor":3,"damage_taken":0},{"event_name":"Ghosts","player_choice":"Ignored","floor":22,"damage_taken":0},{"event_name":"Beggar","player_choice":"Ignored","floor":30,"damage_taken":0},{"event_name":"Accursed Blacksmith","player_choice":"Forge","floor":47,"damage_taken":0}],"boss_relics":[{"not_picked":["Coffee Dripper","Snecko Eye"],"picked":"Lizard Tail"},{"not_picked":["White Beast Statue","Velvet Choker"],"picked":"Philosopher\u0027s Stone"}],"items_purged_floors":[46],"is_endless":false,"potions_floor_spawned":[1,2,4,13,16,19,24,31,38,44,48],"seed_played":"250506482378582835","ascension_level":0,"potions_obtained":[{"floor":1,"key":"GhostInAJar"},{"floor":2,"key":"Swift Potion"},{"floor":4,"key":"SteroidPotion"},{"floor":13,"key":"Swift Potion"},{"floor":16,"key":"SpeedPotion"},{"floor":19,"key":"Explosive Potion"},{"floor":24,"key":"Ancient Potion"},{"floor":31,"key":"LiquidBronze"},{"floor":38,"key":"Ancient Potion"},{"floor":44,"key":"GamblersBrew"},{"floor":48,"key":"FearPotion"}],"is_trial":false}