{"gold_per_floor":[116,127,127,47,60,60,84,104,130,148,179,24,24,62,62,161,161,81,81,81],"floor_reached":20,"playtime":2081,"items_purged":["Strike_G"],"score":343,"play_id":"fd4cbce2-7247-4741-a46c-32200a422283","local_time":"20181114211051","is_ascension_mode":true,"campfire_choices":[{"data":"Neutralize","floor":6,"key":"SMITH"},{"data":"Footwork","floor":13,"key":"SMITH"},{"data":"Sucker Punch","floor":15,"key":"SMITH"}],"neow_cost":"NONE","seed_source_timestamp":80484084577681,"circlet_count":0,"master_deck":["AscendersBane","Defend_G","Defend_G","Defend_G","Defend_G","Defend_G","Strike_G","Strike_G","Strike_G","Strike_G","Survivor","Neutralize+1","Endless Agony","Dagger Spray","Dagger Throw","Deflect","Sucker Punch+1","Quick Slash","Backflip","Footwork+1","Adrenaline","Venomology","Dagger Spray+1"],"relics":["Ring of the Snake","Golden Idol","Orichalcum","Odd Mushroom","Boot","Ectoplasm"],"potions_floor_usage":[8,11,14,18,20,20,20],"damage_taken":[{"damage":7,"enemies":"Small Slimes","floor":1,"turns":4},{"damage":4,"enemies":"Jaw Worm","floor":2,"turns":6},{"damage":0,"enemies":"Cultist","floor":5,"turns":3},{"damage":0,"enemies":"Blue Slaver","floor":7,"turns":5},{"damage":0,"enemies":"2 Fungi Beasts","floor":8,"turns":3},{"damage":3,"enemies":"Exordium Thugs","floor":10,"turns":5},{"damage":4,"enemies":"The Mushroom Lair","floor":11,"turns":4},{"damage":10,"enemies":"3 Sentries","floor":14,"turns":8},{"damage":15,"enemies":"The Guardian","floor":16,"turns":17},{"damage":1,"enemies":"2 Thieves","floor":18,"turns":4},{"damage":0,"enemies":"3 Byrds","floor":19,"turns":3},{"damage":13,"enemies":"Colosseum Slavers","floor":20,"turns":5},{"damage":50,"enemies":"Colosseum Nobs","floor":20,"turns":5}],"seed_played":"-3818809678329926820","potions_obtained":[{"floor":2,"key":"Swift Potion"},{"floor":8,"key":"Energy Potion"},{"floor":10,"key":"Dexterity Potion"},{"floor":16,"key":"GamblersBrew"}],"is_trial":false,"path_per_floor":["M","M","?","$","M","R","M","M","T","M","?","$","R","E","R","B",null,"M","M","?"],"character_chosen":"THE_SILENT","items_purchased":["Dagger Throw","Fire Potion","Footwork"],"campfire_rested":0,"item_purchase_floors":[4,4,12],"current_hp_per_floor":[58,54,54,54,54,54,54,54,54,51,47,47,47,37,37,22,54,53,53,0],"gold":81,"neow_bonus":"TEN_PERCENT_HP_BONUS","is_prod":false,"is_daily":false,"chose_seed":false,"campfire_upgraded":3,"win_rate":0,"timestamp":1542247851,"path_taken":["M","M","?","?","M","R","?","M","T","M","?","$","R","E","R","BOSS","M","M","?"],"build_version":"2018-11-08","purchased_purges":1,"victory":false,"max_hp_per_floor":[72,72,65,65,65,65,65,65,65,65,65,65,65,65,65,65,65,65,65,65],"card_choices":[{"not_picked":["Deflect","Underhanded Strike"],"picked":"Endless Agony","floor":1},{"not_picked":["Tactician","Heel Hook"],"picked":"Dagger Spray","floor":2},{"not_picked":["Finisher","Choke"],"picked":"Deflect","floor":5},{"not_picked":["Calculated Gamble","Riddle With Holes"],"picked":"Sucker Punch","floor":7},{"not_picked":["Blade Dance","Riddle With Holes"],"picked":"Quick Slash","floor":8},{"not_picked":["Catalyst","Dodge and Roll"],"picked":"Backflip","floor":10},{"not_picked":["Distraction","Acrobatics"],"picked":"Adrenaline","floor":14},{"not_picked":["Doppelganger","Burst"],"picked":"Venomology","floor":16},{"not_picked":["Bane","Skewer"],"picked":"Dagger Spray+1","floor":18},{"not_picked":["Sucker Punch","Caltrops","Bane"],"picked":"SKIP","floor":19}],"player_experience":2305718,"relics_obtained":[{"floor":9,"key":"Orichalcum"},{"floor":11,"key":"Odd Mushroom"},{"floor":14,"key":"Boot"}],"event_choices":[{"damage_healed":0,"gold_gain":0,"player_choice":"Lose Max HP","damage_taken":0,"relics_obtained":["Golden Idol"],"max_hp_gain":0,"max_hp_loss":7,"event_name":"Golden Idol","floor":3,"gold_loss":0},{"damage_healed":0,"gold_gain":0,"player_choice":"Fought Mushrooms","damage_taken":0,"max_hp_gain":0,"max_hp_loss":0,"event_name":"Mushrooms","floor":11,"gold_loss":0},{"damage_healed":0,"gold_gain":0,"player_choice":"Fight","damage_taken":0,"max_hp_gain":0,"max_hp_loss":0,"event_name":"Colosseum","floor":20,"gold_loss":0},{"damage_healed":0,"gold_gain":0,"player_choice":"Fought Nobs","damage_taken":0,"max_hp_gain":0,"max_hp_loss":0,"event_name":"Colosseum","floor":20,"gold_loss":0}],"is_beta":false,"boss_relics":[{"not_picked":["Eternal Feather","Ring of the Serpent"],"picked":"Ectoplasm"}],"items_purged_floors":[12],"is_endless":false,"potions_floor_spawned":[2,8,10,16,20],"killed_by":"Colosseum Nobs","ascension_level":19}