{"gold_per_floor":[118,137,117,127,138,168,168,3,3,0,0,0,31,43,43,43],"floor_reached":16,"playtime":812,"items_purged":[],"score":121,"play_id":"0950b9a3-60b4-4ceb-b95c-33a38c6783d8","local_time":"20181126165327","is_ascension_mode":true,"campfire_choices":[{"data":"Recycle","floor":7,"key":"SMITH"},{"floor":12,"key":"REST"},{"data":"Apotheosis","floor":15,"key":"SMITH"}],"neow_cost":"NONE","seed_source_timestamp":1103115300409249,"circlet_count":0,"master_deck":["Strike_B","Strike_B","Strike_B","Defend_B+1","Defend_B","Defend_B","Defend_B","Zap+1","Dualcast","Conserve Battery","Conserve Battery","Barrage","Chill","Recycle+1","Apotheosis+1","Defragment"],"relics":["Cracked Core","War Paint","Question Card","Dream Catcher"],"potions_floor_usage":[6,6,13],"damage_taken":[{"damage":4,"enemies":"Small Slimes","floor":1,"turns":4},{"damage":0,"enemies":"Cultist","floor":2,"turns":4},{"damage":2,"enemies":"Jaw Worm","floor":4,"turns":5},{"damage":0,"enemies":"2 Fungi Beasts","floor":5,"turns":4},{"damage":18,"enemies":"Gremlin Nob","floor":6,"turns":5},{"damage":4,"enemies":"3 Sentries","floor":13,"turns":6},{"damage":5,"enemies":"3 Louse","floor":14,"turns":4},{"damage":49,"enemies":"Slime Boss","floor":16,"turns":11}],"seed_played":"-2561926023447292320","potions_obtained":[{"floor":1,"key":"PowerPotion"},{"floor":3,"key":"Weak Potion"},{"floor":4,"key":"LiquidBronze"},{"floor":5,"key":"AttackPotion"}],"is_trial":false,"path_per_floor":["M","M","?","M","M","E","R","$","T","?","?","R","E","M","R","B"],"character_chosen":"DEFECT","items_purchased":["Apotheosis"],"campfire_rested":1,"item_purchase_floors":[8],"current_hp_per_floor":[71,71,71,69,69,51,51,51,51,51,26,48,44,39,39,0],"gold":43,"neow_bonus":"REMOVE_CARD","is_prod":false,"is_daily":false,"chose_seed":false,"campfire_upgraded":2,"win_rate":0,"timestamp":1543269207,"path_taken":["M","M","?","M","?","E","R","$","T","?","?","R","E","M","R","BOSS"],"build_version":"2018-11-15","purchased_purges":0,"victory":false,"max_hp_per_floor":[75,75,75,75,75,75,75,75,75,75,75,75,75,75,75,75],"card_choices":[{"not_picked":["Stack","Cold Snap"],"picked":"Conserve Battery","floor":1},{"not_picked":["Force Field","Heatsinks"],"picked":"Conserve Battery","floor":2},{"not_picked":["Streamline","Hologram"],"picked":"Barrage","floor":4},{"not_picked":["Stack","Compile Driver"],"picked":"Chill","floor":5},{"not_picked":["Gash","Steam"],"picked":"Recycle","floor":6},{"not_picked":["Fission","Rip and Tear","Coolheaded"],"picked":"Defragment","floor":13},{"not_picked":["Go for the Eyes","Heatsinks","Coolheaded","BootSequence"],"picked":"SKIP","floor":14}],"player_experience":2519529,"relics_obtained":[{"floor":6,"key":"War Paint"},{"floor":13,"key":"Dream Catcher"}],"event_choices":[{"damage_healed":0,"gold_gain":0,"player_choice":"Bought 1 Potion","damage_taken":0,"max_hp_gain":0,"max_hp_loss":0,"event_name":"The Woman in Blue","floor":3,"gold_loss":0},{"damage_healed":0,"gold_gain":0,"player_choice":"Left Gold","damage_taken":0,"max_hp_gain":0,"max_hp_loss":0,"event_name":"World of Goop","floor":10,"gold_loss":3},{"damage_healed":0,"gold_gain":0,"player_choice":"Success","damage_taken":25,"relics_obtained":["Question Card"],"max_hp_gain":0,"max_hp_loss":0,"event_name":"Scrap Ooze","floor":11,"gold_loss":0}],"is_beta":false,"boss_relics":[],"items_purged_floors":[],"is_endless":false,"potions_floor_spawned":[1,4,5],"killed_by":"Slime Boss","ascension_level":2}