{"gold_per_floor":[110,123,138,31,31,31,60,90,116,116,149,168,168,187,187,289,289,301,301,316,328,31,96,96,107,107,133,133,83,118,135,135,232,232,245,42,42,60,60,60,77,77,104,104,124,137,137,137,137,137],"floor_reached":51,"playtime":5622,"items_purged":["Strike_G","Strike_G","Strike_G"],"score":987,"play_id":"dd5b381d-48b5-4888-83fd-c29f0b01f29c","local_time":"20190715110415","is_ascension_mode":true,"campfire_choices":[{"data":"Noxious Fumes","floor":6.0,"key":"SMITH"},{"floor":10.0,"key":"REST"},{"data":"Neutralize","floor":13.0,"key":"SMITH"},{"data":"Leg Sweep","floor":15.0,"key":"SMITH"},{"data":"Glass Knife","floor":24,"key":"SMITH"},{"data":"Backflip","floor":28,"key":"SMITH"},{"data":"Doppelganger","floor":32,"key":"SMITH"},{"data":"Night Terror","floor":40,"key":"SMITH"},{"data":"Bouncing Flask","floor":42,"key":"SMITH"},{"floor":49,"key":"REST"}],"neow_cost":"NONE","seed_source_timestamp":164987656301592,"circlet_count":0,"master_deck":["Strike_G","Defend_G","Defend_G","Defend_G","Defend_G","Defend_G","Neutralize+1","Doppelganger+1","Bouncing Flask+1","Dagger Throw","Cloak And Dagger","Noxious Fumes+1","Dodge and Roll","Dagger Spray","Crippling Poison","Leg Sweep+1","Backstab","Glass Knife+1","Footwork+1","Ghostly","Ghostly","Ghostly","Ghostly","Ghostly","Prepared+1","PiercingWail+1","Tactician","Backflip+1","Choke","Cloak And Dagger+1","Noxious Fumes+1","Night Terror+1","Panache","Setup"],"special_seed":0,"relics":["Ring of the Serpent","Smiling Mask","Odd Mushroom","Oddly Smooth Stone","Tingsha","Sozu","Pantograph","Tiny Chest","Letter Opener","Art of War","Bag of Marbles","Boot","PreservedInsect","Question Card"],"potions_floor_usage":[21,30,33],"damage_taken":[{"damage":5.0,"enemies":"Jaw Worm","floor":1.0,"turns":5.0},{"damage":7.0,"enemies":"Small Slimes","floor":2.0,"turns":3.0},{"damage":0.0,"enemies":"2 Louse","floor":3.0,"turns":3.0},{"damage":11.0,"enemies":"Lagavulin","floor":7.0,"turns":6.0},{"damage":25.0,"enemies":"The Mushroom Lair","floor":8.0,"turns":6.0},{"damage":15.0,"enemies":"3 Sentries","floor":11.0,"turns":6.0},{"damage":1.0,"enemies":"Red Slaver","floor":12.0,"turns":3.0},{"damage":5.0,"enemies":"Exordium Wildlife","floor":14.0,"turns":3.0},{"damage":4,"enemies":"The Guardian","floor":16,"turns":9},{"damage":1,"enemies":"2 Thieves","floor":18,"turns":4},{"damage":1,"enemies":"Chosen","floor":20,"turns":6},{"damage":0,"enemies":"Sentry and Sphere","floor":21,"turns":6},{"damage":3,"enemies":"Slavers","floor":23,"turns":7},{"damage":1,"enemies":"Shelled Parasite and Fungi","floor":25,"turns":7},{"damage":5,"enemies":"Book of Stabbing","floor":27,"turns":6},{"damage":0,"enemies":"Gremlin Leader","floor":30,"turns":7},{"damage":0,"enemies":"Snake Plant","floor":31,"turns":3},{"damage":0,"enemies":"Collector","floor":33,"turns":8},{"damage":2,"enemies":"3 Darklings","floor":35,"turns":5},{"damage":4,"enemies":"3 Shapes","floor":38,"turns":4},{"damage":7,"enemies":"Sphere and 2 Shapes","floor":41,"turns":6},{"damage":20,"enemies":"3 Darklings","floor":45,"turns":4},{"damage":0,"enemies":"Maw","floor":46,"turns":8},{"damage":34,"enemies":"Time Eater","floor":50,"turns":16}],"seed_played":"-5068658771314098996","potions_obtained":[{"floor":7.0,"key":"Swift Potion"},{"floor":8.0,"key":"Strength Potion"},{"floor":14.0,"key":"Explosive Potion"}],"is_trial":false,"path_per_floor":["M","M","M","$","?","R","E","?","T","R","E","M","R","M","R","B",null,"M","?","M","M","$","E","R","M","T","E","R","$","E","M","R","B",null,"M","$","?","M","?","R","M","R","T","?","M","M","T","?","R","B",null],"character_chosen":"THE_SILENT","items_purchased":["Noxious Fumes","Dodge and Roll","Pantograph","Boot"],"campfire_rested":2,"item_purchase_floors":[4,4,22,36],"current_hp_per_floor":[58,51,51,51,56,56,45,20,20,42,27,26,26,21,21,17,61,60,37,36,36,36,33,33,32,32,27,27,27,27,27,27,37,37,35,35,35,31,31,31,24,24,24,24,4,4,4,4,15,3],"gold":137,"neow_bonus":"ONE_RANDOM_RARE_CARD","is_prod":false,"is_daily":false,"chose_seed":false,"campfire_upgraded":8,"win_rate":0,"timestamp":1563213855,"path_taken":["M","M","M","$","?","R","E","?","T","R","E","M","R","M","R","BOSS","M","?","M","M","$","E","R","M","T","E","R","$","E","M","R","BOSS","M","$","?","M","?","R","?","R","T","?","M","?","?","?","R","BOSS"],"build_version":"2019-07-05","purchased_purges":3,"victory":true,"max_hp_per_floor":[70,70,70,70,75,75,75,75,75,75,75,75,75,75,75,75,75,75,37,37,37,37,37,37,37,37,37,37,37,37,37,37,37,37,37,37,37,37,37,37,37,37,37,37,37,37,37,37,37,37],"card_choices":[{"not_picked":["PiercingWail","Acrobatics"],"picked":"Bouncing Flask","floor":1.0},{"not_picked":["Bouncing Flask","Underhanded Strike"],"picked":"Dagger Throw","floor":2.0},{"not_picked":["Setup","Deflect"],"picked":"Cloak And Dagger","floor":3.0},{"not_picked":["Masterful Stab","Flechettes","Underhanded Strike"],"picked":"SKIP","floor":7.0},{"not_picked":["Riddle With Holes","Outmaneuver"],"picked":"Dagger Spray","floor":8.0},{"not_picked":["Acrobatics","Heel Hook"],"picked":"Crippling Poison","floor":11.0},{"not_picked":["Slice","Crippling Poison"],"picked":"Leg Sweep","floor":12.0},{"not_picked":["Choke","Deadly Poison"],"picked":"Backstab","floor":14.0},{"not_picked":["Malaise","Unload"],"picked":"Glass Knife","floor":16},{"not_picked":["Quick Slash","Bane"],"picked":"Footwork+1","floor":18},{"not_picked":["Slice","Dash"],"picked":"Prepared+1","floor":20},{"not_picked":["Deadly Poison+1","Deflect"],"picked":"PiercingWail+1","floor":21},{"not_picked":["Dagger Throw","Unload"],"picked":"Tactician","floor":23},{"not_picked":["Slice","PiercingWail"],"picked":"Backflip","floor":25},{"not_picked":["Dodge and Roll","Flying Knee"],"picked":"Choke","floor":27},{"not_picked":["Deflect","Calculated Gamble"],"picked":"Cloak And Dagger+1","floor":30},{"not_picked":["Cloak And Dagger","Skewer"],"picked":"Noxious Fumes","floor":31},{"not_picked":["Venomology","Phantasmal Killer"],"picked":"Night Terror","floor":33},{"not_picked":["Poisoned Stab","Predator+1","Dagger Spray+1"],"picked":"SKIP","floor":35},{"not_picked":["Impatience","Jack Of All Trades"],"picked":"Panache","floor":37},{"not_picked":["Dagger Throw+1","Acrobatics+1","All Out Attack+1"],"picked":"SKIP","floor":38},{"not_picked":["Quick Slash+1","Flechettes+1","Prepared"],"picked":"SKIP","floor":41},{"not_picked":["All Out Attack+1","Acrobatics","Sucker Punch"],"picked":"SKIP","floor":45},{"not_picked":["Slice+1","Heel Hook+1","Poisoned Stab"],"picked":"SKIP","floor":46}],"player_experience":270244,"relics_obtained":[{"floor":7.0,"key":"Smiling Mask"},{"floor":8.0,"key":"Odd Mushroom"},{"floor":9.0,"key":"Oddly Smooth Stone"},{"floor":11.0,"key":"Tingsha"},{"floor":23,"key":"Tiny Chest"},{"floor":26,"key":"Letter Opener"},{"floor":27,"key":"Art of War"},{"floor":30,"key":"Bag of Marbles"},{"floor":43,"key":"PreservedInsect"},{"floor":47,"key":"Question Card"}],"event_choices":[{"damage_healed":0.0,"max_hp_gain":5.0,"max_hp_loss":0.0,"gold_gain":0.0,"event_name":"Big Fish","player_choice":"Donut","floor":5.0,"gold_loss":0.0,"damage_taken":0.0},{"damage_healed":0.0,"max_hp_gain":0.0,"max_hp_loss":0.0,"gold_gain":0.0,"event_name":"Mushrooms","player_choice":"Fought Mushrooms","floor":8.0,"gold_loss":0.0,"damage_taken":0.0},{"damage_healed":0,"gold_gain":0,"player_choice":"Became a Ghost","damage_taken":0,"max_hp_gain":0,"max_hp_loss":38,"event_name":"Ghosts","floor":19,"gold_loss":0,"cards_obtained":["Ghostly","Ghostly","Ghostly","Ghostly","Ghostly"]},{"damage_healed":0,"gold_gain":0,"player_choice":"Memory 1","damage_taken":0,"max_hp_gain":0,"max_hp_loss":0,"event_name":"SensoryStone","floor":37,"gold_loss":0},{"cards_removed":["Survivor"],"damage_healed":0,"gold_gain":0,"player_choice":"Removed Skill","damage_taken":0,"max_hp_gain":0,"max_hp_loss":0,"event_name":"Falling","floor":39,"gold_loss":0},{"damage_healed":0,"gold_gain":0,"cards_transformed":["Strike_G"],"player_choice":"Transformed","damage_taken":0,"max_hp_gain":0,"max_hp_loss":0,"event_name":"Transmorgrifier","floor":44,"gold_loss":0,"cards_obtained":["Setup"]},{"damage_healed":0,"gold_gain":0,"player_choice":"Forge","damage_taken":0,"max_hp_gain":0,"max_hp_loss":0,"event_name":"Accursed Blacksmith","floor":48,"gold_loss":0,"cards_upgraded":["Noxious Fumes"]}],"is_beta":false,"boss_relics":[{"not_picked":["Runic Pyramid","Black Star"],"picked":"Sozu"},{"not_picked":["HoveringKite","Cursed Key"],"picked":"Ring of the Serpent"}],"items_purged_floors":[22,29,36],"is_endless":false,"potions_floor_spawned":[7,8,14,16,20,23,31,33,35,41,45],"ascension_level":6}