{"gold_per_floor":[363,68,82,82,97,126,126,151,220,254,268,268,280,315,315,411,411,430,450,51,51,63,88,104,131,131,131,5,36,52,252,252,351,351,366,377,387,402,124,157,0,29,29,29,46,57,408,418,418,418,418,418,35,65,65],"floor_reached":55,"playtime":4508,"items_purged":["Pain","Defend_R"],"score":1335,"play_id":"f597fe17-2c93-4122-8713-a427627569bb","local_time":"20190721213821","is_ascension_mode":true,"campfire_choices":[{"data":"Shockwave","floor":12,"key":"SMITH"},{"data":"Uppercut","floor":15,"key":"SMITH"},{"data":"Flame Barrier","floor":27,"key":"SMITH"},{"floor":32,"key":"RECALL"},{"data":"Demon Form","floor":44,"key":"SMITH"},{"data":"Flame Barrier","floor":49,"key":"SMITH"},{"data":"Shrug It Off","floor":52,"key":"SMITH"}],"neow_cost":"CURSE","seed_source_timestamp":40091235253018,"circlet_count":0,"master_deck":["Strike_R","Strike_R","Strike_R","Strike_R","Strike_R","Defend_R+1","Defend_R","Defend_R","Uppercut","Metallicize","Carnage","Double Tap","Iron Wave","Shockwave+1","Uppercut+1","Battle Trance+1","Reaper","Flame Barrier+1","Burning Pact","Shrug It Off+1","Flame Barrier+1","Havoc+1","Seeing Red+1","Demon Form+1","Burning Pact+1","Havoc+1","Ghostly Armor+1","Sentinel+1","Dropkick+1","Evolve+1","Secret Technique","Pommel Strike+1"],"relics":["Burning Blood","PreservedInsect","FossilizedHelix","Happy Flower","Meat on the Bone","The Courier","Strawberry","Philosopher\u0027s Stone","Bag of Marbles","Red Skull","War Paint","Question Card","Oddly Smooth Stone","Bottled Lightning","Orichalcum","Boot","Sozu","Paper Frog","Regal Pillow","Red Mask","Bottled Tornado","Old Coin","Art of War","Vajra","Ginger"],"potions_floor_usage":[6,25,30,33,47],"damage_taken":[{"damage":18,"enemies":"Small Slimes","floor":1,"turns":5},{"damage":1,"enemies":"Cultist","floor":3,"turns":3},{"damage":0,"enemies":"2 Louse","floor":5,"turns":2},{"damage":15,"enemies":"3 Sentries","floor":6,"turns":6},{"damage":0,"enemies":"Gremlin Nob","floor":8,"turns":3},{"damage":7,"enemies":"3 Sentries","floor":10,"turns":4},{"damage":5,"enemies":"Gremlin Gang","floor":11,"turns":4},{"damage":4,"enemies":"Lots of Slimes","floor":13,"turns":5},{"damage":0,"enemies":"Gremlin Nob","floor":14,"turns":3},{"damage":36,"enemies":"Slime Boss","floor":16,"turns":13},{"damage":1,"enemies":"2 Thieves","floor":18,"turns":4},{"damage":17,"enemies":"3 Byrds","floor":19,"turns":5},{"damage":0,"enemies":"Snecko","floor":22,"turns":6},{"damage":16,"enemies":"Gremlin Leader","floor":23,"turns":5},{"damage":0,"enemies":"Snake Plant","floor":24,"turns":4},{"damage":0,"enemies":"Book of Stabbing","floor":25,"turns":3},{"damage":10,"enemies":"Slavers","floor":29,"turns":5},{"damage":9,"enemies":"Sentry and Sphere","floor":30,"turns":5},{"damage":82,"enemies":"Champ","floor":33,"turns":16},{"damage":0,"enemies":"Orb Walker","floor":35,"turns":3},{"damage":26,"enemies":"3 Darklings","floor":36,"turns":8},{"damage":14,"enemies":"Sphere and 2 Shapes","floor":37,"turns":6},{"damage":28,"enemies":"Transient","floor":38,"turns":5},{"damage":0,"enemies":"Giant Head","floor":40,"turns":7},{"damage":6,"enemies":"Nemesis","floor":42,"turns":5},{"damage":3,"enemies":"4 Shapes","floor":45,"turns":7},{"damage":0,"enemies":"Jaw Worm Horde","floor":46,"turns":4},{"damage":83,"enemies":"2 Orb Walkers","floor":47,"turns":6},{"damage":7,"enemies":"3 Darklings","floor":48,"turns":4},{"damage":58,"enemies":"Donu and Deca","floor":50,"turns":7},{"damage":39,"enemies":"Shield and Spear","floor":54,"turns":7},{"damage":87,"enemies":"The Heart","floor":55,"turns":3}],"seed_played":"6477220973448628631","potions_obtained":[{"floor":1,"key":"AttackPotion"},{"floor":10,"key":"SmokeBomb"},{"floor":14,"key":"Weak Potion"},{"floor":18,"key":"SteroidPotion"},{"floor":19,"key":"Fire Potion"},{"floor":29,"key":"AttackPotion"}],"is_trial":false,"path_per_floor":["M","$","M","?","M","E","?","E","T","E","M","R","M","E","R","B",null,"M","M","$","?","M","E","M","E","T","R","$","E","M","?","R","B",null,"M","M","M","M","$","E","?","E","T","R","M","M","?","M","R","B",null,"R","$","E","B"],"character_chosen":"IRONCLAD","items_purchased":["PreservedInsect","Metallicize","Bag of Marbles","Red Skull","War Paint","Shrug It Off","Orichalcum","Paper Frog","Secret Technique","Art of War","Vajra"],"campfire_rested":0,"item_purchase_floors":[2,2,20,20,20,20,28,39,53,53,53],"current_hp_per_floor":[60,60,65,65,71,62,62,68,68,67,68,68,70,83,83,53,79,84,79,79,62,74,78,84,90,90,90,90,91,88,88,88,36,78,84,90,92,70,70,92,92,92,92,92,92,92,27,84,84,75,88,88,88,77,0],"gold":65,"neow_bonus":"TWO_FIFTY_GOLD","is_prod":false,"is_daily":false,"chose_seed":false,"campfire_upgraded":6,"win_rate":0,"timestamp":1563737901,"path_taken":["M","$","M","?","?","E","?","E","T","E","M","R","?","E","R","BOSS","M","M","?","?","M","E","M","E","T","R","$","E","M","?","R","BOSS","M","?","M","M","$","E","?","E","T","R","M","M","?","M","R","BOSS","R","$","E","BOSS"],"build_version":"2019-07-17","purchased_purges":2,"victory":false,"max_hp_per_floor":[80,80,80,80,80,80,80,80,80,80,80,80,80,87,87,87,87,87,87,87,92,92,92,92,92,92,92,92,92,92,92,92,92,92,92,92,92,92,92,92,92,92,92,92,92,92,92,92,92,92,92,92,92,92,92],"card_choices":[{"not_picked":["Rampage","Anger"],"picked":"Uppercut","floor":1},{"not_picked":["Sword Boomerang","Whirlwind"],"picked":"Carnage","floor":3},{"not_picked":["Power Through","Burning Pact"],"picked":"Iron Wave","floor":5},{"not_picked":["Warcry","Evolve","Cleave"],"picked":"SKIP","floor":6},{"not_picked":["Double Tap","Second Wind"],"picked":"Uppercut","floor":8},{"not_picked":["Clothesline","Evolve","True Grit"],"picked":"SKIP","floor":10},{"not_picked":["Burning Pact","Havoc"],"picked":"Battle Trance","floor":11},{"not_picked":["Pommel Strike","Fire Breathing","Rage"],"picked":"SKIP","floor":13},{"not_picked":["Cleave","Rupture","Bloodletting"],"picked":"SKIP","floor":14},{"not_picked":["Exhume","Bludgeon"],"picked":"Reaper","floor":16},{"not_picked":["Twin Strike+1","Perfected Strike"],"picked":"Flame Barrier","floor":18},{"not_picked":["Wild Strike","Pommel Strike"],"picked":"Burning Pact","floor":19},{"not_picked":["Iron Wave","Flex","Heavy Blade"],"picked":"SKIP","floor":22},{"not_picked":["Twin Strike+1","Double Tap"],"picked":"Flame Barrier","floor":23},{"not_picked":["Whirlwind","Combust","Perfected Strike","Carnage"],"picked":"SKIP","floor":24},{"not_picked":["Pummel","Flex+1","Reckless Charge","Disarm"],"picked":"SKIP","floor":25},{"not_picked":["Wild Strike","Intimidate","Warcry"],"picked":"Havoc+1","floor":29},{"not_picked":["Hemokinesis","Body Slam","Iron Wave+1"],"picked":"Seeing Red+1","floor":30},{"not_picked":["Impervious","Immolate","Limit Break"],"picked":"Demon Form","floor":33},{"not_picked":["Bloodletting","Twin Strike+1","Intimidate+1","Perfected Strike+1"],"picked":"SKIP","floor":35},{"not_picked":["Clothesline+1","Cleave","Thunderclap+1"],"picked":"Burning Pact+1","floor":36},{"not_picked":["Heavy Blade+1","Brutality","Metallicize"],"picked":"Havoc+1","floor":37},{"not_picked":["Thunderclap+1","Sword Boomerang","Wild Strike"],"picked":"Ghostly Armor+1","floor":38},{"not_picked":["Feel No Pain+1","Twin Strike","Perfected Strike+1","Wild Strike"],"picked":"SKIP","floor":40},{"not_picked":["Rage+1","Anger+1","Bloodletting+1","Inflame+1"],"picked":"SKIP","floor":42},{"not_picked":["Pommel Strike","Offering","Rampage+1"],"picked":"Sentinel+1","floor":45},{"not_picked":["Uppercut","Bloodletting+1","Clothesline+1"],"picked":"Dropkick+1","floor":46},{"not_picked":["Twin Strike","Flex","Dark Embrace"],"picked":"Evolve+1","floor":48},{"not_picked":["Thunderclap+1","Combust","Anger"],"picked":"Pommel Strike+1","floor":54}],"player_experience":218540,"relics_obtained":[{"floor":6,"key":"FossilizedHelix"},{"floor":8,"key":"Happy Flower"},{"floor":9,"key":"Meat on the Bone"},{"floor":10,"key":"The Courier"},{"floor":14,"key":"Strawberry"},{"floor":23,"key":"Question Card"},{"floor":25,"key":"Oddly Smooth Stone"},{"floor":26,"key":"Bottled Lightning"},{"floor":29,"key":"Boot"},{"floor":40,"key":"Regal Pillow"},{"floor":42,"key":"Bottled Tornado"},{"floor":47,"key":"Old Coin"},{"floor":54,"key":"Ginger"}],"event_choices":[{"damage_healed":0,"gold_gain":0,"cards_transformed":["Bash"],"player_choice":"Transformed","damage_taken":0,"max_hp_gain":0,"max_hp_loss":0,"event_name":"Transmorgrifier","floor":4,"gold_loss":0,"cards_obtained":["Double Tap"]},{"damage_healed":0,"gold_gain":0,"player_choice":"1 cards matched","damage_taken":0,"max_hp_gain":0,"max_hp_loss":0,"event_name":"Match and Keep!","floor":7,"gold_loss":0,"cards_obtained":["Shockwave"]},{"damage_healed":0,"gold_gain":0,"player_choice":"Shed Blood","damage_taken":22,"max_hp_gain":5,"max_hp_loss":0,"event_name":"Forgotten Altar","floor":21,"gold_loss":0},{"damage_healed":0,"gold_gain":250,"player_choice":"Bet on Owner","damage_taken":0,"max_hp_gain":0,"max_hp_loss":0,"event_name":"The Joust","floor":31,"gold_loss":50},{"damage_healed":0,"gold_gain":0,"player_choice":"Paid","damage_taken":0,"relics_obtained":["Red Mask"],"max_hp_gain":0,"max_hp_loss":0,"event_name":"Tomb of Lord Red Mask","floor":41,"gold_loss":157},{"damage_healed":0,"gold_gain":0,"player_choice":"Fight","damage_taken":0,"max_hp_gain":0,"max_hp_loss":0,"event_name":"Mysterious Sphere","floor":47,"gold_loss":0}],"is_beta":false,"boss_relics":[{"not_picked":["Orrery","Runic Dome"],"picked":"Philosopher\u0027s Stone"},{"not_picked":["Pandora\u0027s Box","Calling Bell"],"picked":"Sozu"}],"items_purged_floors":[2,39],"is_endless":false,"potions_floor_spawned":[1,10,14,18,19,29,38,40,42,46,47],"killed_by":"The Heart","ascension_level":9}