{"gold_per_floor":[217,229,229,304,304,304,335,335,335,348,363,438,292,308,308,308],"floor_reached":16,"playtime":34863,"items_purged":[],"score":100,"play_id":"dfda1f29-4e7f-4716-87ba-d0590f869fd7","local_time":"20190719165241","is_ascension_mode":false,"campfire_choices":[{"floor":6,"key":"REST"},{"data":"Streamline","floor":8,"key":"SMITH"},{"floor":15,"key":"REST"}],"neow_cost":"NONE","seed_source_timestamp":3085134761900,"circlet_count":0,"master_deck":["Strike_B","Strike_B","Strike_B","Strike_B","Defend_B","Defend_B","Defend_B","Defend_B","Zap","Dualcast","Rebound","Ball Lightning","Streamline+1","Sweeping Beam","Turbo","Meteor Strike","White Noise"],"relics":["Cracked Core","Golden Idol","Vajra","Centennial Puzzle"],"potions_floor_usage":[16,16],"damage_taken":[{"damage":6,"enemies":"Jaw Worm","floor":1,"turns":4},{"damage":0,"enemies":"2 Louse","floor":2,"turns":2},{"damage":36,"enemies":"Lagavulin","floor":7,"turns":7},{"damage":0,"enemies":"Cultist","floor":10,"turns":2},{"damage":1,"enemies":"2 Fungi Beasts","floor":11,"turns":2},{"damage":11,"enemies":"3 Louse","floor":14,"turns":2},{"damage":66,"enemies":"The Guardian","floor":16,"turns":11}],"seed_played":"-6764758155565656483","potions_obtained":[{"floor":2,"key":"Regen Potion"},{"floor":10,"key":"Ancient Potion"},{"floor":14,"key":"FearPotion"}],"is_trial":false,"path_per_floor":["M","M","?","?","?","R","E","R","T","M","M","?","$","M","R","B"],"character_chosen":"DEFECT","items_purchased":["Meteor Strike"],"campfire_rested":2,"item_purchase_floors":[13],"current_hp_per_floor":[69,69,69,58,58,75,39,39,39,39,38,38,38,27,49,0],"gold":308,"neow_bonus":"HUNDRED_GOLD","is_prod":false,"is_daily":false,"chose_seed":false,"campfire_upgraded":1,"win_rate":0.0,"timestamp":1563573161,"path_taken":["M","M","?","?","?","R","E","R","T","?","M","?","$","M","R","BOSS"],"build_version":"2019-07-17","purchased_purges":0,"victory":false,"max_hp_per_floor":[75,75,75,75,75,75,75,75,75,75,75,75,75,75,75,75],"card_choices":[{"not_picked":["Ball Lightning","Hologram"],"picked":"Rebound","floor":1},{"not_picked":["Hologram","FTL"],"picked":"Ball Lightning","floor":2},{"not_picked":["Gash","Rebound"],"picked":"Streamline","floor":7},{"not_picked":["Steam Power","Consume"],"picked":"Sweeping Beam","floor":10},{"not_picked":["Leap","Sweeping Beam"],"picked":"Turbo","floor":11},{"not_picked":["Heatsinks","Sweeping Beam"],"picked":"White Noise","floor":14}],"player_experience":161413,"relics_obtained":[{"floor":7,"key":"Vajra"},{"floor":9,"key":"Centennial Puzzle"}],"event_choices":[{"damage_healed":0,"gold_gain":0,"player_choice":"Take Wound","damage_taken":0,"relics_obtained":["Golden Idol"],"max_hp_gain":0,"max_hp_loss":0,"event_name":"Golden Idol","floor":3,"gold_loss":0,"cards_obtained":["Injury"]},{"damage_healed":0,"gold_gain":75,"player_choice":"Gather Gold","damage_taken":11,"max_hp_gain":0,"max_hp_loss":0,"event_name":"World of Goop","floor":4,"gold_loss":0},{"cards_removed":["Injury"],"damage_healed":0,"gold_gain":0,"player_choice":"Purged","damage_taken":0,"max_hp_gain":0,"max_hp_loss":0,"event_name":"Purifier","floor":5,"gold_loss":0},{"damage_healed":0,"gold_gain":75,"player_choice":"Gained Gold","damage_taken":0,"max_hp_gain":0,"max_hp_loss":0,"event_name":"Golden Wing","floor":12,"gold_loss":0}],"is_beta":false,"boss_relics":[],"items_purged_floors":[],"is_endless":false,"potions_floor_spawned":[2,10,14],"killed_by":"The Guardian","ascension_level":0}