{"path_per_floor":["M","?","M","M","M","R","M","?","T","R","?","R","M","E","R","B",null,"M","$","M","?","M","R","?","R","T","?","M","?","R","M","R","B",null,"M","M","M","?","M","R","M","R","T","M","M","E","$","?","R","B"],"character_chosen":"THE_SILENT","items_purchased":["Whetstone","Footwork","Mummified Hand","Energy Potion"],"gold_per_floor":[113,63,78,90,100,100,118,118,118,118,179,179,190,220,220,318,318,330,33,50,50,65,65,65,65,90,40,53,53,53,65,65,168,168,184,197,208,208,220,220,235,235,235,253,263,292,2,2,2,2],"floor_reached":51,"campfire_rested":5,"playtime":6309,"current_hp_per_floor":[63,63,63,63,63,63,58,58,58,58,31,52,49,37,58,38,62,52,52,47,47,44,44,50,50,50,50,30,30,52,35,57,57,71,60,50,28,66,53,53,45,45,45,18,30,29,29,29,50,36],"items_purged":["Defend_G"],"gold":2,"play_id":"dfdf77ea-5c3b-481c-97d9-b71ba41ed663","is_prod":false,"is_daily":false,"is_ascension_mode":true,"campfire_upgraded":6,"path_taken":["M","?","M","M","M","R","M","?","T","R","?","R","?","E","R","BOSS","M","$","M","?","M","R","?","R","T","?","M","?","R","M","R","BOSS","M","M","M","?","M","R","M","R","T","?","M","E","$","?","R","BOSS"],"build_version":"2018-02-01-PROD3","purchased_purges":1,"victory":true,"master_deck":["Defend_G","Defend_G","Defend_G","Defend_G","Survivor","Neutralize+1","Deadly Poison+1","Slice+1","Die Die Die+1","Backflip+1","Acrobatics","After Image+1","Infinite Blades+1","Well Laid Plans+1","Footwork+1","Outmaneuver+1","Leg Sweep+1","Writhe","Cloak And Dagger+1","Footwork+1","Backflip+1","Cloak And Dagger+1","Accuracy+1","Deadly Poison+1","Footwork+1","Blur+1","Dodge and Roll+1","Deadly Poison+1"],"max_hp_per_floor":[70,70,70,70,70,70,70,70,70,70,70,70,70,70,70,70,70,70,70,70,70,70,70,76,76,76,76,76,76,76,76,76,76,76,76,76,76,66,66,66,66,66,66,66,66,73,73,73,73,73],"relics":["Ring of the Snake","Vajra","Ginger","Dream Catcher","Darkstone Periapt","Astrolabe","Whetstone","Sundial","Bag of Marbles","Lizard Tail","Matryoshka","Strawberry","Mummified Hand"],"card_choices":[{"not_picked":["Bane","Outmaneuver"],"picked":"Deadly Poison"},{"not_picked":["Slice","PiercingWail"],"picked":"Poisoned Stab"},{"not_picked":["Cloak And Dagger","Dagger Spray"],"picked":"Die Die Die"},{"not_picked":["Quick Slash","Choke"],"picked":"Backflip"},{"not_picked":["Quick Slash","Infinite Blades"],"picked":"Acrobatics"},{"not_picked":["Skewer","Catalyst"],"picked":"Outmaneuver"},{"not_picked":["Outmaneuver","Prepared"],"picked":"Leg Sweep"},{"not_picked":["Dagger Throw","Slice"],"picked":"Cloak And Dagger"},{"not_picked":["Crippling Poison","Choke"],"picked":"Footwork"},{"not_picked":["Backstab","Underhanded Strike"],"picked":"Backflip"},{"not_picked":["Dagger Throw","Sucker Punch"],"picked":"Cloak And Dagger"},{"not_picked":["Outmaneuver","Slice"],"picked":"Accuracy"},{"not_picked":["Bane","Prepared"],"picked":"Deadly Poison"},{"not_picked":["Well Laid Plans","Cloak And Dagger"],"picked":"Footwork"},{"not_picked":["Cloak And Dagger","Venomology"],"picked":"Blur"},{"not_picked":["PiercingWail","Noxious Fumes"],"picked":"Dodge and Roll"},{"not_picked":["Poisoned Stab","Flying Knee"],"picked":"Deadly Poison"}],"player_experience":565562,"potions_floor_usage":[11,14,16,16,33,36,41,50,50],"damage_taken":[{"damage":0,"enemies":"Cultist","floor":1,"turns":4},{"damage":0,"enemies":"Small Slimes","floor":3,"turns":3},{"damage":0,"enemies":"Jaw Worm","floor":4,"turns":4},{"damage":0,"enemies":"Large Slime","floor":5,"turns":5},{"damage":5,"enemies":"3 Louse","floor":7,"turns":4},{"damage":27,"enemies":"Lagavulin Event","floor":11,"turns":5},{"damage":3,"enemies":"Looter","floor":13,"turns":2},{"damage":12,"enemies":"Lagavulin","floor":14,"turns":5},{"damage":20,"enemies":"The Guardian","floor":16,"turns":8},{"damage":10,"enemies":"Spheric Guardian","floor":18,"turns":5},{"damage":5,"enemies":"Shell Parasite","floor":20,"turns":5},{"damage":3,"enemies":"Chosen and Byrds","floor":22,"turns":7},{"damage":20,"enemies":"Snake Plant","floor":28,"turns":6},{"damage":17,"enemies":"Centurion and Healer","floor":31,"turns":6},{"damage":0,"enemies":"Automaton","floor":33,"turns":13},{"damage":11,"enemies":"3 Shapes","floor":35,"turns":6},{"damage":25,"enemies":"3 Darklings","floor":36,"turns":5},{"damage":22,"enemies":"4 Shapes","floor":37,"turns":13},{"damage":13,"enemies":"Sphere and 2 Shapes","floor":39,"turns":8},{"damage":23,"enemies":"3 Darklings","floor":41,"turns":7},{"damage":27,"enemies":"Maw","floor":44,"turns":10},{"damage":21,"enemies":"Sphere and 2 Shapes","floor":45,"turns":11},{"damage":8,"enemies":"Giant Head","floor":46,"turns":11},{"damage":14,"enemies":"Time Eater","floor":50,"turns":14}],"event_choices":[{"event_name":"The Cleric","player_choice":"Card Removal","floor":2,"damage_taken":0},{"event_name":"Living Wall","player_choice":"Change","floor":8,"damage_taken":0},{"event_name":"Dead Adventurer","player_choice":"Searched \u00271\u0027 times","floor":11,"damage_taken":0},{"event_name":"Upgrade Shrine","player_choice":"Upgraded","floor":21,"damage_taken":0},{"event_name":"The Mausoleum","player_choice":"Yes","floor":24,"damage_taken":0},{"event_name":"The Joust","player_choice":"Bet on Murderer","floor":27,"damage_taken":0},{"event_name":"Addict","player_choice":"Ignored","floor":29,"damage_taken":0},{"event_name":"The Moai Head","player_choice":"Heal","floor":38,"damage_taken":0}],"boss_relics":[{"not_picked":["The Specimen","Velvet Choker"],"picked":"Astrolabe"},{"not_picked":["White Beast Statue","Calling Bell"],"picked":"Lizard Tail"}],"potions_floor_spawned":[4,7,11,14,28,35,39,46],"seed_played":"6789715470415882524","ascension_level":6,"is_trial":false}