{"path_per_floor":["M","?","?","M","M","R","E","M","T","R","?","E","M","E","R","B",null,"M","M","?","?","$","R","E","R","T","R","E","M","?","M","R","B",null,"M","?","$","M","T","E","R","$","T","R","E","M","$","M","R","B"],"character_chosen":"IRONCLAD","items_purchased":["Singing Bowl","Kunai","Shrug It Off","Bag of Marbles","Happy Flower","Whetstone","Reaper","Ancient Tea Set"],"gold_per_floor":[114,114,189,208,227,227,265,284,284,284,314,352,371,409,409,534,534,553,572,487,487,33,33,71,71,101,101,139,158,158,177,177,302,302,321,654,129,144,169,199,199,54,129,129,159,174,24,39,39,39],"floor_reached":51,"campfire_rested":0,"playtime":3633,"item_purchase_floors":[22,22,22,37,37,37,42,47],"current_hp_per_floor":[80,74,63,69,74,74,69,74,74,74,74,74,74,74,74,58,74,71,65,65,65,65,65,70,70,70,70,78,66,66,78,78,59,84,86,86,86,88,88,78,78,78,78,78,49,80,80,94,94,14],"items_purged":["Strike_R"],"gold":39,"score":761,"play_id":"ab36407d-5d3a-4408-9a81-80e1d08bfd75","local_time":"20180615133810","daily_mods":["Brewmaster","Time Dilation","Lethality"],"is_prod":false,"is_daily":true,"chose_seed":false,"is_ascension_mode":false,"campfire_upgraded":9,"win_rate":0,"timestamp":1529084290,"campfire_choices":[{"data":"Intimidate","floor":6,"key":"SMITH"},{"data":"Venomology","floor":10,"key":"SMITH"},{"data":"Bash","floor":15,"key":"SMITH"},{"data":"Venomology","floor":23,"key":"SMITH"},{"data":"Double Tap","floor":25,"key":"SMITH"},{"data":"Demon Form","floor":27,"key":"SMITH"},{"data":"Venomology","floor":32,"key":"SMITH"},{"data":"Shrug It Off","floor":41,"key":"SMITH"},{"data":"Reaper","floor":44,"key":"SMITH"},{"data":"1","floor":49,"key":"LIFT"}],"path_taken":["M","?","?","M","M","R","E","M","T","R","?","E","?","E","R","BOSS","M","M","?","?","$","R","E","R","T","R","E","M","?","M","R","BOSS","M","?","$","M","?","E","R","?","T","R","E","M","$","M","R","BOSS"],"build_version":"2018-06-14v2","seed_source_timestamp":0,"purchased_purges":1,"victory":true,"master_deck":["Strike_R+1","Strike_R","Strike_R","Strike_R+1","Defend_R","Defend_R","Defend_R","Defend_R","Bash+1","Venomology","Venomology","Venomology+1","Venomology+1","Venomology+1","Intimidate+1","Battle Trance","Immolate","Metallicize","Double Tap+1","Demon Form+1","Shrug It Off+1","Shrug It Off+1","Reaper+1"],"max_hp_per_floor":[80,74,74,74,74,74,74,74,74,74,74,74,74,74,74,74,74,74,74,74,74,74,74,76,76,76,76,78,80,80,82,82,84,84,86,86,86,88,88,88,88,88,88,88,90,92,92,94,94,94],"special_seed":17697,"relics":["Burning Blood","White Beast Statue","Anchor","Shuriken","Odd Mushroom","Magic Flower","Bronze Scales","Busted Crown","Orichalcum","Singing Bowl","Kunai","Oddly Smooth Stone","Tiny Chest","Omamori","Runic Cube","Bag of Marbles","Happy Flower","Whetstone","Potion Belt","Gremlin Horn","Frozen Egg 2","Girya","Ancient Tea Set"],"card_choices":[{"not_picked":["Anger","Rampage"],"picked":"Intimidate","floor":1},{"not_picked":["Perfected Strike","Anger"],"picked":"Battle Trance","floor":4},{"not_picked":["Dropkick","Perfected Strike","Havoc"],"picked":"SKIP","floor":5},{"not_picked":["Rage","Clash"],"picked":"Immolate","floor":7},{"not_picked":["Rampage","Flame Barrier"],"picked":"Metallicize","floor":8},{"not_picked":["Sentinel","Power Through"],"picked":"Double Tap","floor":12},{"not_picked":["Havoc","Sever Soul","Perfected Strike"],"picked":"SKIP","floor":13},{"not_picked":["Warcry","Carnage","Clothesline"],"picked":"SKIP","floor":14},{"not_picked":["Feed","Brutality"],"picked":"Demon Form","floor":16},{"not_picked":["Headbutt+1"],"picked":"SKIP","floor":18},{"not_picked":["Rage"],"picked":"SKIP","floor":19},{"not_picked":["Rupture"],"picked":"Singing Bowl","floor":24},{"not_picked":["Clash"],"picked":"Singing Bowl","floor":28},{"not_picked":["Havoc+1"],"picked":"Singing Bowl","floor":29},{"not_picked":["Combust+1"],"picked":"Singing Bowl","floor":31},{"not_picked":["Dark Embrace"],"picked":"Singing Bowl","floor":33},{"not_picked":["Battle Trance"],"picked":"Singing Bowl","floor":35},{"not_picked":["Searing Blow+1"],"picked":"Singing Bowl","floor":38},{"not_picked":[],"picked":"Shrug It Off+1","floor":40},{"not_picked":["Spot Weakness"],"picked":"Singing Bowl","floor":45},{"not_picked":["Headbutt+1"],"picked":"Singing Bowl","floor":46},{"not_picked":["Shockwave"],"picked":"Singing Bowl","floor":48}],"player_experience":1382899,"potions_floor_usage":[1,1,1,1,1,1,4,5,5,7,7,7,7,7,7,7,7,8,8,11,11,12,12,12,12,12,12,12,14,14,14,16,16,16,16,16,16,18,18,19,19,19,19,24,24,28,28,28,28,28,29,29,29,29,29,31,31,31,31,31,31,33,33,33,33,33,33,33,35,38,38,38,38,40,40,40,40,45,45,45,45,45,45,45,46,46,46,46,46,48,48,50,50,50,50,50,50,50,50,50],"damage_taken":[{"damage":8,"enemies":"Cultist","floor":1,"turns":4},{"damage":0,"enemies":"Small Slimes","floor":4,"turns":2},{"damage":0,"enemies":"2 Louse","floor":5,"turns":1},{"damage":18,"enemies":"3 Sentries","floor":7,"turns":8},{"damage":0,"enemies":"2 Fungi Beasts","floor":8,"turns":2},{"damage":5,"floor":11,"turns":3},{"damage":14,"enemies":"Lagavulin","floor":12,"turns":5},{"damage":0,"enemies":"Large Slime","floor":13,"turns":4},{"damage":7,"enemies":"3 Sentries","floor":14,"turns":4},{"damage":44,"enemies":"The Guardian","floor":16,"turns":9},{"damage":20,"enemies":"2 Thieves","floor":18,"turns":3},{"damage":18,"enemies":"3 Byrds","floor":19,"turns":2},{"damage":6,"enemies":"Slavers","floor":24,"turns":3},{"damage":13,"enemies":"Book of Stabbing","floor":28,"turns":4},{"damage":23,"enemies":"Sentry and Sphere","floor":29,"turns":4},{"damage":11,"enemies":"Cultist and Chosen","floor":31,"turns":4},{"damage":38,"enemies":"Champ","floor":33,"turns":6},{"damage":0,"enemies":"Orb Walker","floor":35,"turns":3},{"damage":0,"enemies":"3 Shapes","floor":38,"turns":2},{"damage":31,"enemies":"2 Orb Walkers","floor":40,"turns":4},{"damage":50,"enemies":"Giant Head","floor":45,"turns":9},{"damage":1,"enemies":"Maw","floor":46,"turns":6},{"damage":14,"enemies":"4 Shapes","floor":48,"turns":2},{"damage":138,"enemies":"Time Eater","floor":50,"turns":13}],"relics_obtained":[{"floor":7,"key":"Anchor"},{"floor":9,"key":"Shuriken"},{"floor":11,"key":"Odd Mushroom"},{"floor":12,"key":"Magic Flower"},{"floor":14,"key":"Bronze Scales"},{"floor":24,"key":"Oddly Smooth Stone"},{"floor":26,"key":"Tiny Chest"},{"floor":28,"key":"Omamori"},{"floor":39,"key":"Potion Belt"},{"floor":40,"key":"Gremlin Horn"},{"floor":43,"key":"Frozen Egg 2"},{"floor":45,"key":"Girya"}],"event_choices":[{"event_name":"Golden Idol","player_choice":"Lose Max HP","floor":2,"damage_taken":0},{"event_name":"World of Goop","player_choice":"Gather Gold","floor":3,"damage_taken":0},{"event_name":"Mushrooms","player_choice":"Fought Mushrooms","floor":11,"damage_taken":0},{"event_name":"Addict","player_choice":"Obtained Relic","floor":20,"damage_taken":0},{"event_name":"Drug Dealer","player_choice":"Ignored","floor":21,"damage_taken":0},{"event_name":"Vampires","player_choice":"Ignored","floor":30,"damage_taken":0},{"event_name":"The Moai Head","player_choice":"Gave Idol","floor":36,"damage_taken":0}],"boss_relics":[{"not_picked":["Astrolabe","Runic Pyramid"],"picked":"Busted Crown"},{"not_picked":["Pandora\u0027s Box","Black Star"],"picked":"Runic Cube"}],"items_purged_floors":[37],"is_endless":false,"potions_floor_spawned":[1,4,5,7,8,11,12,13,14,16,18,19,24,28,29,31,33,35,38,40,45,46,48],"seed_played":"-2070942787049957180","ascension_level":0,"potions_obtained":[{"floor":1,"key":"SteroidPotion"},{"floor":4,"key":"Strength Potion"},{"floor":5,"key":"BloodPotion"},{"floor":7,"key":"LiquidBronze"},{"floor":8,"key":"Weak Potion"},{"floor":11,"key":"BloodPotion"},{"floor":12,"key":"SkillPotion"},{"floor":13,"key":"SpeedPotion"},{"floor":14,"key":"Strength Potion"},{"floor":16,"key":"Strength Potion"},{"floor":18,"key":"LiquidBronze"},{"floor":19,"key":"Block Potion"},{"floor":24,"key":"Fire Potion"},{"floor":28,"key":"SteroidPotion"},{"floor":29,"key":"FearPotion"},{"floor":31,"key":"EssenceOfSteel"},{"floor":33,"key":"Poison Potion"},{"floor":38,"key":"FearPotion"},{"floor":40,"key":"LiquidBronze"},{"floor":45,"key":"FearPotion"},{"floor":46,"key":"Swift Potion"},{"floor":48,"key":"Poison Potion"}],"is_trial":false}