{"gold_per_floor":[115,132,148,161,161,161,176,176,200,213,164,195,17,29,29,125,125,135,135,2,2,20,45,45],"floor_reached":24,"playtime":2124,"items_purged":[],"score":218,"play_id":"67def71c-2430-40ac-8201-bba4ff39532d","local_time":"20190716181256","is_ascension_mode":false,"campfire_choices":[{"floor":6.0,"key":"REST"},{"data":"Deadly Poison","floor":8.0,"key":"SMITH"},{"floor":15.0,"key":"REST"}],"neow_cost":"","seed_source_timestamp":20748324570258,"circlet_count":0,"master_deck":["Strike_G","Strike_G","Strike_G","Strike_G","Strike_G","Defend_G","Defend_G","Defend_G","Defend_G","Defend_G","Survivor","Neutralize","Escape Plan","Escape Plan","Deadly Poison+1","Deflect","Calculated Gamble","Terror","Blade Dance","Violence","Bouncing Flask","Bullet Time","Dodge and Roll+1","Accuracy","PiercingWail","Poisoned Stab+1","Footwork"],"special_seed":0,"relics":["Ring of the Snake","Bronze Scales","Juzu Bracelet","WristBlade","Blood Vial"],"potions_floor_usage":[],"damage_taken":[{"damage":1.0,"enemies":"2 Louse","floor":1.0,"turns":3.0},{"damage":0.0,"enemies":"Jaw Worm","floor":2.0,"turns":7.0},{"damage":0.0,"enemies":"Small Slimes","floor":3.0,"turns":4.0},{"damage":13.0,"enemies":"Exordium Wildlife","floor":4.0,"turns":8.0},{"damage":12.0,"enemies":"2 Fungi Beasts","floor":7.0,"turns":5.0},{"damage":0.0,"enemies":"Looter","floor":10.0,"turns":3.0},{"damage":20.0,"enemies":"Lagavulin","floor":12.0,"turns":6.0},{"damage":3.0,"enemies":"Blue Slaver","floor":14.0,"turns":3.0},{"damage":29.0,"enemies":"Hexaghost","floor":16.0,"turns":7.0},{"damage":23.0,"enemies":"2 Thieves","floor":18.0,"turns":4.0},{"damage":18.0,"enemies":"Shell Parasite","floor":22.0,"turns":5.0},{"damage":17.0,"enemies":"Book of Stabbing","floor":23.0,"turns":5.0},{"damage":15,"enemies":"Snecko","floor":24,"turns":3}],"seed_played":"-5775152581415121934","potions_obtained":[{"floor":2.0,"key":"SteroidPotion"},{"floor":4.0,"key":"SteroidPotion"},{"floor":7.0,"key":"Poison Potion"},{"floor":12.0,"key":"Swift Potion"}],"is_trial":true,"path_per_floor":["M","M","M","M","?","R","M","R","T","M","?","E","$","M","R","B",null,"M","?","$","?","M","E","M"],"character_chosen":"THE_SILENT","items_purchased":["Violence","Accuracy","PiercingWail"],"campfire_rested":2,"item_purchase_floors":[13,20,20],"current_hp_per_floor":[69,69,69,56,56,70,58,58,58,58,58,38,38,35,56,27,70,47,47,47,47,29,12,0],"gold":45,"neow_bonus":"","is_prod":false,"is_daily":false,"chose_seed":false,"campfire_upgraded":1,"win_rate":0.0,"timestamp":1563293576,"path_taken":["M","M","M","M","?","R","M","R","T","M","?","E","$","M","R","BOSS","M","?","$","?","M","E","M"],"build_version":"2019-07-05","purchased_purges":0,"victory":false,"max_hp_per_floor":[70,70,70,70,70,70,70,70,70,70,70,70,70,70,70,70,70,70,70,70,70,70,70,70],"card_choices":[{"not_picked":["Flying Knee","Tactician"],"picked":"Escape Plan","floor":1.0},{"not_picked":["Quick Slash","Prepared"],"picked":"Escape Plan","floor":2.0},{"not_picked":["Slice","Outmaneuver"],"picked":"Deadly Poison","floor":3.0},{"not_picked":["Blade Dance","Flying Knee"],"picked":"Deflect","floor":4.0},{"not_picked":["Dagger Throw","Concentrate"],"picked":"Calculated Gamble","floor":7.0},{"not_picked":["Prepared","Dagger Spray"],"picked":"Terror","floor":10.0},{"not_picked":["Acrobatics","Sucker Punch"],"picked":"Blade Dance","floor":12.0},{"not_picked":["Underhanded Strike","Deflect"],"picked":"Bouncing Flask","floor":14.0},{"not_picked":["Unload","Tools of the Trade"],"picked":"Bullet Time","floor":16.0},{"not_picked":["Backflip","Reflex"],"picked":"Dodge and Roll+1","floor":18.0},{"not_picked":["Acrobatics","Quick Slash"],"picked":"Poisoned Stab+1","floor":22.0},{"not_picked":["All Out Attack","Burst"],"picked":"Footwork","floor":23.0}],"player_experience":140027,"relics_obtained":[{"floor":9.0,"key":"Bronze Scales"},{"floor":12.0,"key":"Juzu Bracelet"},{"floor":23.0,"key":"Blood Vial"}],"event_choices":[{"damage_healed":0.0,"max_hp_gain":0.0,"max_hp_loss":0.0,"gold_gain":0.0,"event_name":"Golden Wing","player_choice":"Ignored","floor":5.0,"gold_loss":0.0,"damage_taken":0.0},{"damage_healed":0.0,"max_hp_gain":0.0,"max_hp_loss":0.0,"gold_gain":0.0,"event_name":"World of Goop","player_choice":"Left Gold","floor":11.0,"gold_loss":49.0,"damage_taken":0.0},{"damage_healed":0.0,"max_hp_gain":0.0,"max_hp_loss":0.0,"gold_gain":0.0,"event_name":"The Mausoleum","player_choice":"Ignored","floor":19.0,"gold_loss":0.0,"damage_taken":0.0}],"is_beta":false,"boss_relics":[{"not_picked":["Velvet Choker","Astrolabe"],"picked":"WristBlade"}],"items_purged_floors":[],"is_endless":false,"potions_floor_spawned":[2,4,7,12,16,22],"killed_by":"Snecko","ascension_level":0}