{"path_per_floor":["M","M","M","$","?","R","M","R","T","M","E","R","M","M","R","B",null,"M","?","$","T"],"character_chosen":"THE_SILENT","items_purchased":["Noxious Fumes","Escape Plan","Apotheosis"],"gold_per_floor":[116,127,147,2,2,2,18,18,41,56,83,83,102,119,119,223,223,240,240,44,44],"floor_reached":22,"campfire_rested":1,"playtime":1695,"current_hp_per_floor":[63,54,54,54,54,54,60,60,60,46,33,69,63,62,62,3,53,44,28,28,28],"items_purged":[],"gold":0,"score":279,"play_id":"77b0c050-bc30-4331-aa09-885851b592e6","is_prod":false,"is_daily":false,"is_ascension_mode":true,"campfire_upgraded":3,"path_taken":["M","M","M","$","?","R","M","R","T","?","E","R","M","M","R","BOSS","M","?","?","?","M"],"build_version":"2018-02-08-PROD1","purchased_purges":0,"victory":false,"master_deck":["Defend_G","Defend_G","Defend_G","Defend_G","Defend_G","Strike_G","Strike_G","Strike_G","Strike_G","Strike_G","Survivor+1","Neutralize+1","Parasite","Deadly Poison+1","Expertise","Noxious Fumes+1","Escape Plan","Dagger Spray","Acrobatics","Bouncing Flask+1","Envenom","Backstab","Apotheosis","Backflip"],"max_hp_per_floor":[70,70,70,70,70,70,70,70,70,70,70,70,70,70,70,70,70,70,70,70,70],"relics":["Ring of the Snake","Prayer Wheel","Regal Pillow","Eternal Feather","Nilry\u0027s Codex","Anchor"],"card_choices":[{"not_picked":["Outmaneuver","Sucker Punch"],"picked":"Deadly Poison"},{"not_picked":["Bane","Cloak And Dagger"],"picked":"Expertise"},{"not_picked":["Dodge and Roll","Tools of the Trade"],"picked":"Dagger Spray"},{"not_picked":["Slice","Dagger Throw"],"picked":"Acrobatics"},{"not_picked":["Dodge and Roll","Catalyst"],"picked":"Bouncing Flask"},{"not_picked":["Night Terror","Tactician"],"picked":"Envenom"},{"not_picked":["Slice","Flying Knee"],"picked":"Backstab"},{"not_picked":["Flying Knee","Poisoned Stab"],"picked":"Backflip"}],"player_experience":686467,"potions_floor_usage":[7,11,18],"damage_taken":[{"damage":0,"enemies":"2 Louse","floor":1,"turns":4},{"damage":9,"enemies":"Jaw Worm","floor":2,"turns":5},{"damage":0,"enemies":"Cultist","floor":3,"turns":5},{"damage":6,"enemies":"Looter","floor":7,"turns":4},{"damage":14,"enemies":"Exordium Thugs","floor":10,"turns":5},{"damage":13,"enemies":"Lagavulin","floor":11,"turns":6},{"damage":6,"enemies":"Exordium Wildlife","floor":13,"turns":5},{"damage":1,"enemies":"Red Slaver","floor":14,"turns":3},{"damage":59,"enemies":"The Guardian","floor":16,"turns":8},{"damage":24,"enemies":"Chosen","floor":18,"turns":6},{"damage":34,"enemies":"2 Thieves","floor":22,"turns":3}],"event_choices":[{"event_name":"Living Wall","player_choice":"Grow","floor":5,"damage_taken":0},{"event_name":"Cursed Tome","player_choice":"Obtained Book","floor":19,"damage_taken":0}],"boss_relics":[{"not_picked":["Tiny House","Velvet Choker"],"picked":"Eternal Feather"}],"potions_floor_spawned":[2,10,11,16],"seed_played":"7919782750591835593","killed_by":"2 Thieves","ascension_level":10,"is_trial":false}