{"gold_per_floor":[365,365,365,385,29,69,69,104,127,127,127,163,163,177,177,296,296,309,333,16,106,106,106,144,144,197,218,20,20,34,34,34,34],"floor_reached":33,"playtime":1569,"items_purged":["Strike_B","Strike_B"],"score":377,"play_id":"b223fe2d-f43a-4ede-8691-2c97fe510010","local_time":"20181204162623","is_ascension_mode":true,"campfire_choices":[{"floor":7,"key":"REST"},{"floor":10,"key":"REST"},{"data":"Defragment","floor":13,"key":"SMITH"},{"data":"Zap","floor":15,"key":"SMITH"},{"floor":23,"key":"REST"},{"floor":25,"key":"REST"},{"data":"Defragment","floor":29,"key":"SMITH"},{"floor":32,"key":"REST"}],"neow_cost":"TEN_PERCENT_HP_LOSS","seed_source_timestamp":1791935586721245,"circlet_count":0,"master_deck":["Strike_B","Defend_B","Defend_B","Defend_B","Defend_B","Zap+1","Dualcast","Loop","Defragment+1","Cold Snap","Conserve Battery","Compile Driver","Barrage","Melter","Ball Lightning","Capacitor","Amplify","BootSequence","Doom and Gloom","Defragment+1","Cold Snap","Discovery","Discovery","White Noise","Self Repair+1","Electrodynamics","Ball Lightning","Auto Shields"],"relics":["Cracked Core","Golden Idol","DataDisk","Potion Belt","Oddly Smooth Stone","Omamori","Bag of Preparation","Shuriken","Runic Pyramid","Cables","Vajra","Blood Vial"],"potions_floor_usage":[8,24,24,24,30],"damage_taken":[{"damage":6,"enemies":"Cultist","floor":1,"turns":3},{"damage":8,"enemies":"2 Louse","floor":4,"turns":3},{"damage":12,"enemies":"Gremlin Nob","floor":6,"turns":3},{"damage":18,"enemies":"Lagavulin","floor":8,"turns":5},{"damage":14,"enemies":"3 Sentries","floor":12,"turns":6},{"damage":3,"enemies":"Jaw Worm","floor":14,"turns":2},{"damage":13,"enemies":"Hexaghost","floor":16,"turns":7},{"damage":4,"enemies":"Shell Parasite","floor":18,"turns":5},{"damage":0,"enemies":"Spheric Guardian","floor":19,"turns":2},{"damage":25,"enemies":"Slavers","floor":24,"turns":4},{"damage":1,"enemies":"Cultist and Chosen","floor":27,"turns":4},{"damage":12,"enemies":"Centurion and Healer","floor":30,"turns":3},{"damage":76,"enemies":"Automaton","floor":33,"turns":10}],"seed_played":"4916815113764095890","potions_obtained":[{"floor":4,"key":"Explosive Potion"},{"floor":6,"key":"FearPotion"},{"floor":16,"key":"SkillPotion"},{"floor":19,"key":"Poison Potion"},{"floor":27,"key":"GamblersBrew"},{"floor":30,"key":"Fire Potion"}],"is_trial":false,"path_per_floor":["M","?","?","M","$","E","R","E","T","R","?","E","R","M","R","B",null,"M","M","$","?","$","R","E","R","T","M","$","R","M","?","R","B"],"character_chosen":"DEFECT","items_purchased":["DataDisk","Cold Snap","Conserve Battery","Compile Driver","Defragment","Cold Snap","Discovery","Electrodynamics","Ball Lightning"],"campfire_rested":5,"item_purchase_floors":[5,5,5,5,20,20,20,28,28],"current_hp_per_floor":[62,62,55,47,47,35,53,35,35,53,53,39,39,36,36,23,53,49,49,49,31,31,49,24,42,42,41,41,41,39,39,57,0],"gold":34,"neow_bonus":"TWO_FIFTY_GOLD","is_prod":false,"is_daily":false,"chose_seed":false,"campfire_upgraded":3,"win_rate":0,"timestamp":1543958783,"path_taken":["M","?","?","M","$","E","R","E","T","R","?","E","R","?","R","BOSS","M","M","?","?","$","R","E","R","T","?","$","R","M","?","R","BOSS"],"build_version":"2018-11-15","purchased_purges":2,"victory":false,"max_hp_per_floor":[68,63,63,63,63,63,63,63,63,63,63,63,63,63,63,63,63,63,63,63,63,63,63,63,63,63,63,63,63,63,63,63,63],"card_choices":[{"not_picked":["Turbo","Compile Driver"],"picked":"Loop","floor":1},{"not_picked":["Rebound","Barrage"],"picked":"Defragment","floor":4},{"not_picked":["Heatsinks","Scrape"],"picked":"Barrage","floor":6},{"not_picked":["Consume","Loop"],"picked":"Melter","floor":8},{"not_picked":["All For One","Redo"],"picked":"Ball Lightning","floor":12},{"not_picked":["Barrage","Coolheaded"],"picked":"Capacitor","floor":14},{"not_picked":["Meteor Strike","Fission"],"picked":"Amplify","floor":16},{"not_picked":["Coolheaded","Sweeping Beam"],"picked":"BootSequence","floor":18},{"not_picked":["Gash","Rip and Tear"],"picked":"Doom and Gloom","floor":19},{"not_picked":["Sweeping Beam+1","Streamline"],"picked":"White Noise","floor":24},{"not_picked":["Genetic Algorithm","Consume+1"],"picked":"Self Repair+1","floor":27},{"not_picked":["Leap","Aggregate"],"picked":"Auto Shields","floor":30}],"player_experience":2646217,"relics_obtained":[{"floor":6,"key":"Potion Belt"},{"floor":8,"key":"Oddly Smooth Stone"},{"floor":9,"key":"Omamori"},{"floor":12,"key":"Shuriken"},{"floor":24,"key":"Cables"},{"floor":26,"key":"Vajra"}],"event_choices":[{"damage_healed":0,"gold_gain":0,"player_choice":"Lose Max HP","damage_taken":0,"relics_obtained":["Golden Idol"],"max_hp_gain":0,"max_hp_loss":5,"event_name":"Golden Idol","floor":2,"gold_loss":0},{"cards_removed":["Strike_B"],"damage_healed":0,"gold_gain":0,"player_choice":"Card Removal","damage_taken":7,"max_hp_gain":0,"max_hp_loss":0,"event_name":"Golden Wing","floor":3,"gold_loss":0},{"damage_healed":0,"gold_gain":0,"player_choice":"Searched \u00271\u0027 times","damage_taken":0,"relics_obtained":["Bag of Preparation"],"max_hp_gain":0,"max_hp_loss":0,"event_name":"Dead Adventurer","floor":11,"gold_loss":0},{"damage_healed":0,"gold_gain":90,"player_choice":"CARD GOLD ","damage_taken":18,"max_hp_gain":0,"max_hp_loss":0,"event_name":"Knowing Skull","floor":21,"potions_obtained":[],"gold_loss":0,"cards_obtained":["Discovery"]},{"damage_healed":0,"gold_gain":0,"player_choice":"Gave Potion","damage_taken":0,"relics_obtained":["Blood Vial"],"max_hp_gain":0,"max_hp_loss":0,"event_name":"WeMeetAgain","floor":31,"gold_loss":0}],"is_beta":false,"boss_relics":[{"not_picked":["Tiny House","Empty Cage"],"picked":"Runic Pyramid"}],"items_purged_floors":[5,20],"is_endless":false,"potions_floor_spawned":[4,6,16,19,27,30],"killed_by":"Automaton","ascension_level":7}