{"gold_per_floor":[117,133,133,151,165,197,197,197,197,197,29,48,83,83,83,83],"floor_reached":16,"playtime":1557,"items_purged":[],"score":110,"play_id":"51106b27-aa9b-4f57-9c89-ee5059a58c8e","local_time":"20190712072548","is_ascension_mode":false,"campfire_choices":[{"floor":7.0,"key":"REST"},{"floor":15.0,"key":"REST"}],"neow_cost":"NONE","seed_source_timestamp":2822981619644,"circlet_count":0,"master_deck":["Strike_G","Strike_G","Strike_G","Strike_G","Strike_G","Defend_G","Defend_G+1","Defend_G","Defend_G","Defend_G","Survivor+1","Neutralize","A Thousand Cuts+1","Flying Knee","Outmaneuver","Cloak And Dagger","Escape Plan","Terror","Chrysalis","Terror","Crippling Poison"],"special_seed":0,"relics":["Ring of the Snake","Juzu Bracelet","War Paint","Kunai"],"potions_floor_usage":[16,16],"damage_taken":[{"damage":0.0,"enemies":"Small Slimes","floor":1.0,"turns":5.0},{"damage":7.0,"enemies":"Jaw Worm","floor":2.0,"turns":6.0},{"damage":5.0,"enemies":"Cultist","floor":4.0,"turns":4.0},{"damage":20.0,"enemies":"Lots of Slimes","floor":5.0,"turns":4.0},{"damage":20.0,"enemies":"Lagavulin","floor":6.0,"turns":9.0},{"damage":0.0,"enemies":"Red Slaver","floor":12.0,"turns":5.0},{"damage":34.0,"enemies":"3 Sentries","floor":13.0,"turns":9.0},{"damage":37,"enemies":"Slime Boss","floor":16,"turns":8}],"seed_played":"8388493526932655444","potions_obtained":[{"floor":2.0,"key":"Strength Potion"},{"floor":5.0,"key":"Poison Potion"},{"floor":6.0,"key":"Weak Potion"}],"is_trial":false,"path_per_floor":["M","M","?","M","M","E","R","?","T","?","$","M","E","?","R","B"],"character_chosen":"THE_SILENT","items_purchased":["Chrysalis"],"campfire_rested":2,"item_purchase_floors":[11],"current_hp_per_floor":[70,63,63,58,38,18,39,44,44,44,44,44,10,10,32,0],"gold":83,"neow_bonus":"ONE_RANDOM_RARE_CARD","is_prod":false,"is_daily":false,"chose_seed":false,"campfire_upgraded":0,"win_rate":0.0,"timestamp":1562909148,"path_taken":["M","M","?","M","M","E","R","?","T","?","$","M","E","?","R","BOSS"],"build_version":"2019-07-05","purchased_purges":0,"victory":false,"max_hp_per_floor":[70,70,70,70,70,70,70,75,75,75,75,75,75,75,75,75],"card_choices":[{"not_picked":["Quick Slash","Tactician"],"picked":"Flying Knee","floor":1.0},{"not_picked":["Poisoned Stab","Acrobatics"],"picked":"Outmaneuver","floor":2.0},{"not_picked":["Underhanded Strike","Quick Slash"],"picked":"Cloak And Dagger","floor":4.0},{"not_picked":["Expertise","Acrobatics"],"picked":"Escape Plan","floor":5.0},{"not_picked":["Masterful Stab","PiercingWail"],"picked":"Terror","floor":6.0},{"not_picked":["Die Die Die","Underhanded Strike"],"picked":"Terror","floor":12.0},{"not_picked":["Sucker Punch","Eviscerate"],"picked":"Crippling Poison","floor":13.0}],"player_experience":100899,"relics_obtained":[{"floor":6.0,"key":"Juzu Bracelet"},{"floor":9.0,"key":"War Paint"},{"floor":13.0,"key":"Kunai"}],"event_choices":[{"damage_healed":0.0,"max_hp_gain":0.0,"max_hp_loss":0.0,"gold_gain":0.0,"event_name":"Golden Idol","player_choice":"Ignored","floor":3.0,"gold_loss":0.0,"damage_taken":0.0},{"damage_healed":0.0,"max_hp_gain":5.0,"max_hp_loss":0.0,"gold_gain":0.0,"event_name":"Big Fish","player_choice":"Donut","floor":8.0,"gold_loss":0.0,"damage_taken":0.0},{"damage_healed":0.0,"max_hp_gain":0.0,"max_hp_loss":0.0,"gold_gain":0.0,"event_name":"Living Wall","player_choice":"Grow","floor":10.0,"gold_loss":0.0,"damage_taken":0.0,"cards_upgraded":["A Thousand Cuts"]},{"damage_healed":0.0,"max_hp_gain":0.0,"max_hp_loss":0.0,"gold_gain":0.0,"event_name":"Purifier","player_choice":"Ignored","floor":14.0,"gold_loss":0.0,"damage_taken":0.0}],"is_beta":false,"boss_relics":[],"items_purged_floors":[],"is_endless":false,"potions_floor_spawned":[2,5,6],"killed_by":"Slime Boss","ascension_level":0}