{"gold_per_floor":[119,44,64,64,75,75,106,106,106,135,135,135,154,228,228,326,326,345,345,395,395,375,375,403,403,403,419,419,433,450,461,461,535,535,547,547,563,41,141,141,167,167,218,243,243,253,253,272,272,272],"floor_reached":51,"playtime":10070,"items_purged":["Strike_B"],"score":1296,"play_id":"fd495670-8920-447d-850e-f19b1a1ddb73","local_time":"20190328212828","is_ascension_mode":true,"campfire_choices":[{"floor":6,"key":"REST"},{"floor":8,"key":"REST"},{"floor":12,"key":"REST"},{"data":"Creative AI","floor":15,"key":"SMITH"},{"floor":23,"key":"REST"},{"data":"Chill","floor":25,"key":"SMITH"},{"floor":28,"key":"REST"},{"data":"Loop","floor":32,"key":"SMITH"},{"floor":40,"key":"RECALL"},{"floor":42,"key":"REST"},{"floor":47,"key":"REST"},{"floor":49,"key":"REST"}],"neow_cost":"NONE","seed_source_timestamp":1370104762694429,"circlet_count":0,"master_deck":["AscendersBane","Defend_B+1","Defend_B+1","Defend_B+1","Zap","Dualcast","Creative AI+1","Turbo","Force Field","Conserve Battery","Thunder Strike","Chill+1","Doom and Gloom","Echo Form","Heatsinks+1","Multi-Cast+1","Heatsinks+1","Loop+1","Ball Lightning+1","Force Field+1","Seek","Capacitor","Go for the Eyes","Echo Form","Double Energy","Blind","Conserve Battery+1","Defragment"],"relics":["Cracked Core","DataDisk","Pantograph","Bag of Preparation","Bloody Idol","Sundial","Astrolabe","Gambling Chip","Pear","Fusion Hammer","DollysMirror","Anchor","Mango","Art of War","Strawberry","Ice Cream"],"potions_floor_usage":[16,24,33,39,50,50],"damage_taken":[{"damage":15,"enemies":"Cultist","floor":1,"turns":5},{"damage":13,"enemies":"Jaw Worm","floor":3,"turns":4},{"damage":0,"enemies":"Small Slimes","floor":5,"turns":4},{"damage":30,"enemies":"Gremlin Nob","floor":7,"turns":5},{"damage":18,"enemies":"3 Sentries","floor":10,"turns":5},{"damage":7,"enemies":"Red Slaver","floor":13,"turns":8},{"damage":48,"enemies":"Slime Boss","floor":16,"turns":8},{"damage":22,"enemies":"Shell Parasite","floor":18,"turns":5},{"damage":22,"enemies":"Gremlin Leader","floor":24,"turns":6},{"damage":0,"enemies":"Chosen","floor":27,"turns":4},{"damage":10,"enemies":"Snake Plant","floor":29,"turns":6},{"damage":12,"enemies":"Shelled Parasite and Fungi","floor":30,"turns":5},{"damage":3,"enemies":"Centurion and Healer","floor":31,"turns":6},{"damage":0,"enemies":"Champ","floor":33,"turns":7},{"damage":12,"enemies":"Orb Walker","floor":35,"turns":7},{"damage":14,"enemies":"3 Darklings","floor":37,"turns":5},{"damage":0,"enemies":"Mind Bloom Boss Battle","floor":39,"turns":6},{"damage":18,"enemies":"Giant Head","floor":44,"turns":7},{"damage":7,"enemies":"4 Shapes","floor":46,"turns":5},{"damage":0,"enemies":"Writhing Mass","floor":48,"turns":7},{"damage":21,"enemies":"Time Eater","floor":50,"turns":6}],"seed_played":"2957381435362591940","potions_obtained":[{"floor":13,"key":"Weak Potion"},{"floor":16,"key":"Fire Potion"},{"floor":22,"key":"GamblersBrew"},{"floor":24,"key":"Poison Potion"},{"floor":29,"key":"FocusPotion"},{"floor":33,"key":"LiquidBronze"},{"floor":46,"key":"SkillPotion"}],"is_trial":false,"path_per_floor":["M","$","M","?","M","R","E","R","T","E","?","R","M","T","R","B",null,"M","?","?","?","?","R","E","R","T","M","R","M","M","M","R","B",null,"M","?","M","$","?","R","T","R","T","E","?","M","R","M","R","B",null],"character_chosen":"DEFECT","items_purchased":["DollysMirror","Anchor","Double Energy","Blind"],"campfire_rested":8,"item_purchase_floors":[38,38,38,38],"current_hp_per_floor":[49,49,36,29,29,50,20,41,41,23,23,42,35,35,35,12,51,29,29,29,29,29,48,31,31,41,46,68,63,56,58,58,74,74,67,67,58,58,88,88,88,88,95,82,82,80,95,95,95,74],"gold":272,"neow_bonus":"ONE_RANDOM_RARE_CARD","is_prod":false,"is_daily":false,"chose_seed":false,"campfire_upgraded":3,"win_rate":0,"timestamp":1553822908,"path_taken":["M","$","M","?","M","R","E","R","T","E","?","R","M","?","R","BOSS","M","?","?","?","?","R","E","R","T","M","R","M","M","?","R","BOSS","M","?","M","$","?","R","?","R","T","E","?","?","R","M","R","BOSS"],"build_version":"2019-01-23","purchased_purges":1,"victory":true,"max_hp_per_floor":[71,71,71,71,71,71,71,71,71,71,64,64,64,64,64,64,64,64,64,64,64,64,64,64,64,74,74,74,74,74,74,74,74,74,74,74,74,74,88,88,88,88,95,95,95,95,95,95,95,95],"card_choices":[{"not_picked":["Compile Driver","Coolheaded"],"picked":"Turbo","floor":1},{"not_picked":["Scrape","Aggregate"],"picked":"Force Field","floor":3},{"not_picked":["Recycle","Skim"],"picked":"Conserve Battery","floor":5},{"not_picked":["Beam Cell","Cold Snap"],"picked":"Thunder Strike","floor":7},{"not_picked":["Gash","Cold Snap"],"picked":"Chill","floor":10},{"not_picked":["Coolheaded","Compile Driver"],"picked":"Doom and Gloom","floor":13},{"not_picked":["Buffer","Hyperbeam"],"picked":"Echo Form","floor":16},{"not_picked":["Rebound","Ball Lightning"],"picked":"Loop","floor":18},{"not_picked":["Sunder","Doom and Gloom","FTL"],"picked":"SKIP","floor":24},{"not_picked":["Barrage","Sweeping Beam","Consume"],"picked":"SKIP","floor":27},{"not_picked":["Leap","Heatsinks"],"picked":"Ball Lightning+1","floor":29},{"not_picked":["Stack","Coolheaded"],"picked":"Force Field+1","floor":30},{"not_picked":["Multi-Cast","Hologram","Sweeping Beam"],"picked":"SKIP","floor":31},{"not_picked":["Creative AI","Machine Learning"],"picked":"Seek","floor":33},{"not_picked":["Genetic Algorithm","Rebound"],"picked":"Capacitor","floor":35},{"not_picked":["Rebound","White Noise"],"picked":"Go for the Eyes","floor":37},{"not_picked":["Steam+1","Sunder"],"picked":"Conserve Battery+1","floor":44},{"not_picked":["Self Repair+1","Gash","Beam Cell"],"picked":"SKIP","floor":46},{"not_picked":["Auto Shields+1","Gash"],"picked":"Defragment","floor":48}],"player_experience":3276279,"relics_obtained":[{"floor":7,"key":"DataDisk"},{"floor":9,"key":"Pantograph"},{"floor":10,"key":"Bag of Preparation"},{"floor":14,"key":"Sundial"},{"floor":24,"key":"Gambling Chip"},{"floor":26,"key":"Pear"},{"floor":39,"key":"Mango"},{"floor":41,"key":"Art of War"},{"floor":43,"key":"Strawberry"},{"floor":44,"key":"Ice Cream"}],"event_choices":[{"cards_removed":["Strike_B"],"damage_healed":0,"gold_gain":0,"player_choice":"Card Removal","damage_taken":7,"max_hp_gain":0,"max_hp_loss":0,"event_name":"Golden Wing","floor":4,"gold_loss":0},{"damage_healed":0,"gold_gain":0,"player_choice":"Lose Max HP","damage_taken":0,"relics_obtained":["Golden Idol"],"max_hp_gain":0,"max_hp_loss":7,"event_name":"Golden Idol","floor":11,"gold_loss":0},{"damage_healed":0,"gold_gain":0,"player_choice":"Simplicity","damage_taken":0,"max_hp_gain":0,"max_hp_loss":0,"event_name":"Back to Basics","floor":19,"gold_loss":0,"cards_upgraded":["Defend_B","Defend_B","Defend_B"]},{"damage_healed":0,"gold_gain":50,"player_choice":"Stole From Cult","damage_taken":0,"max_hp_gain":0,"max_hp_loss":0,"event_name":"Nest","floor":20,"gold_loss":0},{"damage_healed":0,"gold_gain":0,"player_choice":"Gave Idol","damage_taken":0,"relics_obtained":["Bloody Idol"],"max_hp_gain":0,"max_hp_loss":0,"event_name":"Forgotten Altar","floor":21,"relics_lost":["Golden Idol"],"gold_loss":0},{"damage_healed":0,"gold_gain":0,"player_choice":"Bought 1 Potion","damage_taken":0,"max_hp_gain":0,"max_hp_loss":0,"event_name":"The Woman in Blue","floor":22,"gold_loss":0},{"damage_healed":0,"gold_gain":0,"player_choice":"Ignored","damage_taken":0,"max_hp_gain":0,"max_hp_loss":0,"event_name":"Mysterious Sphere","floor":36,"gold_loss":0},{"damage_healed":0,"gold_gain":0,"player_choice":"Fight","damage_taken":0,"max_hp_gain":0,"max_hp_loss":0,"event_name":"MindBloom","floor":39,"gold_loss":0},{"damage_healed":0,"gold_gain":0,"player_choice":"Ignored","damage_taken":0,"max_hp_gain":0,"max_hp_loss":0,"event_name":"Tomb of Lord Red Mask","floor":45,"gold_loss":0}],"is_beta":false,"boss_relics":[{"not_picked":["Pandora\u0027s Box","Eternal Feather"],"picked":"Astrolabe"},{"not_picked":["Orrery","Runic Pyramid"],"picked":"Fusion Hammer"}],"items_purged_floors":[2],"is_endless":false,"potions_floor_spawned":[13,16,24,27,29,30,33,46],"ascension_level":15}