{"gold_per_floor":[116,116,116,135,160,160,160,187,187,187,200,214,214,229,229,306,306,321,22,22,22,22,56,70,70,152,162,174,39,39,54,54,131,131,149,0,19,19,35,35,67,67,67,81,111,128,128,139,139,139],"floor_reached":51,"playtime":4605,"items_purged":[],"score":1385,"play_id":"04b90cc5-8bd8-4701-9e3f-65a155100d50","local_time":"20181107155020","is_ascension_mode":true,"campfire_choices":[{"data":"Poisoned Stab","floor":6,"key":"SMITH"},{"data":"Neutralize","floor":10,"key":"SMITH"},{"floor":13,"key":"REST"},{"data":"Dodge and Roll","floor":15,"key":"SMITH"},{"data":"Mind Blast","floor":30,"key":"SMITH"},{"floor":32,"key":"REST"},{"data":"After Image","floor":40,"key":"SMITH"},{"floor":47,"key":"REST"},{"floor":49,"key":"REST"}],"neow_cost":"NONE","seed_source_timestamp":247361613344578,"circlet_count":0,"master_deck":["AscendersBane","Defend_G","Defend_G","Defend_G","Defend_G","Defend_G","Strike_G+1","Survivor","Neutralize+1","Poisoned Stab+1","Flying Knee","Blur","Flying Knee+1","Dodge and Roll+1","Prepared","Adrenaline","Flechettes","Decay","Backstab","Riddle With Holes","Terror","Doubt","Regret","Prepared","Escape Plan+1","Riddle With Holes","Mind Blast+1","Discovery","Prepared+1","Backstab","After Image+1","Slice+1","Storm of Steel+1","Underhanded Strike+1","Outmaneuver","Prepared+1","Night Terror","Underhanded Strike","Writhe","Blur","PiercingWail","Cloak And Dagger","Dark Shackles","Regret","Backstab+1","Deflect+1","Cloak And Dagger","Parasite","Cloak And Dagger","Well Laid Plans+1"],"relics":["Ring of the Snake","Regal Pillow","Pen Nib","Anchor","Centennial Puzzle","Matryoshka","Cursed Key","Du-Vu Doll","Snake Skull","The Courier","Enchiridion","Prayer Wheel","Mango","Whetstone","Meat on the Bone","Astrolabe","Red Mask","Frozen Egg 2","Pocketwatch","Bottled Tornado"],"potions_floor_usage":[8,16,33,45,45,48,50],"damage_taken":[{"damage":0,"enemies":"Small Slimes","floor":1,"turns":3},{"damage":0,"enemies":"Jaw Worm","floor":4,"turns":4},{"damage":26,"enemies":"Gremlin Nob","floor":8,"turns":4},{"damage":0,"enemies":"2 Louse","floor":11,"turns":2},{"damage":0,"enemies":"Blue Slaver","floor":12,"turns":3},{"damage":0,"enemies":"3 Louse","floor":14,"turns":4},{"damage":40,"enemies":"Hexaghost","floor":16,"turns":16},{"damage":0,"enemies":"Chosen","floor":18,"turns":4},{"damage":33,"enemies":"Gremlin Leader","floor":23,"turns":8},{"damage":0,"enemies":"2 Thieves","floor":24,"turns":2},{"damage":2,"enemies":"Centurion and Healer","floor":27,"turns":3},{"damage":5,"enemies":"3 Cultists","floor":28,"turns":5},{"damage":0,"enemies":"Cultist and Chosen","floor":31,"turns":3},{"damage":60,"enemies":"Collector","floor":33,"turns":9},{"damage":2,"enemies":"3 Shapes","floor":35,"turns":5},{"damage":10,"enemies":"3 Darklings","floor":37,"turns":3},{"damage":21,"enemies":"Transient","floor":39,"turns":5},{"damage":27,"enemies":"Nemesis","floor":41,"turns":9},{"damage":0,"enemies":"Sphere and 2 Shapes","floor":44,"turns":5},{"damage":31,"enemies":"Reptomancer","floor":45,"turns":4},{"damage":7,"enemies":"3 Darklings","floor":46,"turns":3},{"damage":41,"enemies":"Writhing Mass","floor":48,"turns":6},{"damage":59,"enemies":"Donu and Deca","floor":50,"turns":9}],"seed_played":"-6415737464163961296","potions_obtained":[{"floor":4,"key":"Strength Potion"},{"floor":8,"key":"Ancient Potion"},{"floor":16,"key":"Ancient Potion"},{"floor":27,"key":"Ancient Potion"},{"floor":28,"key":"FearPotion"},{"floor":33,"key":"SteroidPotion"},{"floor":41,"key":"SpeedPotion"},{"floor":45,"key":"Ancient Potion"},{"floor":46,"key":"EssenceOfSteel"}],"is_trial":false,"path_per_floor":["M","?","?","M","T","R","?","E","T","R","M","M","R","M","R","B",null,"M","$","?","T","?","E","M","T","T","M","M","$","R","M","R","B",null,"M","?","M","?","M","R","E","?","T","M","E","M","R","M","R","B",null],"character_chosen":"THE_SILENT","items_purchased":["Du-Vu Doll","Mind Blast","Discovery"],"campfire_rested":4,"item_purchase_floors":[19,29,29],"current_hp_per_floor":[59,64,59,59,59,59,59,33,33,33,33,33,69,69,69,29,61,61,61,61,61,40,7,7,21,21,31,38,38,38,50,85,37,73,71,71,61,78,57,57,42,42,42,54,35,40,80,51,85,38],"gold":139,"neow_bonus":"RANDOM_COMMON_RELIC","is_prod":false,"is_daily":false,"chose_seed":false,"campfire_upgraded":5,"win_rate":0,"timestamp":1541623820,"path_taken":["M","?","?","M","?","R","?","E","T","R","M","?","R","M","R","BOSS","M","$","?","?","?","E","M","?","T","M","M","$","R","M","R","BOSS","M","?","M","?","M","R","E","?","T","?","E","M","R","M","R","BOSS"],"build_version":"2018-11-01","purchased_purges":0,"victory":true,"max_hp_per_floor":[66,71,71,71,71,71,71,71,71,71,71,71,71,71,71,71,71,71,71,71,71,71,71,71,85,85,85,85,85,85,85,85,85,85,85,85,85,85,85,85,85,85,85,85,85,85,85,85,85,85],"card_choices":[{"not_picked":["Dagger Spray","Tactician"],"picked":"Poisoned Stab","floor":1},{"not_picked":["Bane","Sucker Punch"],"picked":"Flying Knee","floor":4},{"not_picked":["Bane","Choke"],"picked":"Flying Knee","floor":8},{"not_picked":["Leg Sweep","Cloak And Dagger"],"picked":"Dodge and Roll","floor":11},{"not_picked":["Deadly Poison","Sucker Punch","Dagger Throw"],"picked":"SKIP","floor":12},{"not_picked":["Heel Hook","Quick Slash"],"picked":"Prepared","floor":14},{"not_picked":["Unload","A Thousand Cuts"],"picked":"Adrenaline","floor":16},{"not_picked":["Expertise","Cloak And Dagger"],"picked":"Flechettes","floor":18},{"not_picked":["Catalyst","Poisoned Stab"],"picked":"Backstab","floor":23},{"not_picked":["Setup","Quick Slash"],"picked":"Riddle With Holes","floor":24},{"not_picked":["Reflex","Dodge and Roll"],"picked":"Terror","floor":24},{"not_picked":["Flechettes","Storm of Steel"],"picked":"Prepared","floor":27},{"not_picked":["Cloak And Dagger","Reflex","Deflect"],"picked":"SKIP","floor":27},{"not_picked":["Infinite Blades","Underhanded Strike+1"],"picked":"Escape Plan+1","floor":28},{"not_picked":["Dodge and Roll","Dagger Spray"],"picked":"Riddle With Holes","floor":28},{"not_picked":["Blur","Heel Hook"],"picked":"Prepared+1","floor":31},{"not_picked":["Cloak And Dagger","Deflect"],"picked":"Backstab","floor":31},{"not_picked":["A Thousand Cuts","Adrenaline"],"picked":"After Image","floor":33},{"not_picked":["Choke","Bane+1"],"picked":"Outmaneuver","floor":35},{"not_picked":["Quick Slash","Bane+1"],"picked":"Prepared+1","floor":35},{"not_picked":["Well Laid Plans","Prepared+1"],"picked":"Night Terror","floor":37},{"not_picked":["Deadly Poison","Quick Slash"],"picked":"Underhanded Strike","floor":37},{"not_picked":["Infinite Blades","Slice"],"picked":"Blur","floor":39},{"not_picked":["Tactician","Backflip"],"picked":"PiercingWail","floor":39},{"not_picked":["Sucker Punch","Catalyst"],"picked":"Cloak And Dagger","floor":41},{"not_picked":["Trip","Impatience"],"picked":"Dark Shackles","floor":42},{"not_picked":["Flying Knee","Underhanded Strike"],"picked":"Backstab+1","floor":44},{"not_picked":["Dagger Spray","Blade Dance","Flechettes+1"],"picked":"SKIP","floor":44},{"not_picked":["Underhanded Strike","Eviscerate","Grand Finale"],"picked":"SKIP","floor":45},{"not_picked":["Dagger Throw","Dagger Spray"],"picked":"Deflect+1","floor":46},{"not_picked":["Escape Plan+1","All Out Attack+1"],"picked":"Cloak And Dagger","floor":46},{"not_picked":["Deflect","Blade Dance"],"picked":"Cloak And Dagger","floor":48},{"not_picked":["Distraction","Cloak And Dagger"],"picked":"Well Laid Plans+1","floor":48}],"player_experience":2142324,"relics_obtained":[{"floor":5,"key":"Anchor"},{"floor":8,"key":"Centennial Puzzle"},{"floor":9,"key":"Matryoshka"},{"floor":21,"key":"Snake Skull"},{"floor":21,"key":"The Courier"},{"floor":22,"key":"Enchiridion"},{"floor":23,"key":"Prayer Wheel"},{"floor":25,"key":"Mango"},{"floor":25,"key":"Whetstone"},{"floor":26,"key":"Meat on the Bone"},{"floor":41,"key":"Frozen Egg 2"},{"floor":43,"key":"Pocketwatch"},{"floor":45,"key":"Bottled Tornado"}],"event_choices":[{"damage_healed":0,"gold_gain":0,"player_choice":"Donut","damage_taken":0,"max_hp_gain":5,"max_hp_loss":0,"event_name":"Big Fish","floor":2,"gold_loss":0},{"damage_healed":0,"gold_gain":0,"player_choice":"Success","damage_taken":5,"relics_obtained":["Pen Nib"],"max_hp_gain":0,"max_hp_loss":0,"event_name":"Scrap Ooze","floor":3,"gold_loss":0},{"damage_healed":0,"gold_gain":0,"cards_transformed":["Strike_G"],"player_choice":"Change","damage_taken":0,"max_hp_gain":0,"max_hp_loss":0,"event_name":"Living Wall","floor":7,"gold_loss":0,"cards_obtained":["Blur"]},{"damage_healed":0,"gold_gain":0,"player_choice":"Ignored","damage_taken":0,"max_hp_gain":0,"max_hp_loss":0,"event_name":"Ghosts","floor":20,"gold_loss":0},{"damage_healed":0,"gold_gain":0,"player_choice":"Obtained Book","damage_taken":21,"max_hp_gain":0,"max_hp_loss":0,"event_name":"Cursed Tome","floor":22,"gold_loss":0},{"damage_healed":0,"gold_gain":0,"player_choice":"Paid","damage_taken":0,"relics_obtained":["Red Mask"],"max_hp_gain":0,"max_hp_loss":0,"event_name":"Tomb of Lord Red Mask","floor":36,"gold_loss":149},{"damage_healed":17,"gold_gain":0,"player_choice":"Writhe","damage_taken":0,"max_hp_gain":0,"max_hp_loss":0,"event_name":"Winding Halls","floor":38,"gold_loss":0,"cards_obtained":["Writhe"]},{"damage_healed":0,"gold_gain":0,"player_choice":"Memory 1","damage_taken":0,"max_hp_gain":0,"max_hp_loss":0,"event_name":"SensoryStone","floor":42,"gold_loss":0}],"is_beta":false,"boss_relics":[{"not_picked":["Runic Dome","Fusion Hammer"],"picked":"Cursed Key"},{"not_picked":["Coffee Dripper","Sozu"],"picked":"Astrolabe"}],"items_purged_floors":[],"is_endless":false,"potions_floor_spawned":[4,8,16,27,28,33,41,45,46],"ascension_level":15}