{"gold_per_floor":[116,41,52,52,127,127,140,152,152,152,170,170,198,3,3,75,75,85,98,13,13,32,32,62,62,86,113,113,144,144],"floor_reached":30,"playtime":1985,"items_purged":["Strike_G","Strike_G"],"score":505,"play_id":"d88cf206-1209-4bc8-81ba-b375d9dd78c0","local_time":"20181111121557","is_ascension_mode":true,"campfire_choices":[{"data":"Neutralize","floor":6,"key":"SMITH"},{"data":"Dodge and Roll","floor":10,"key":"SMITH"},{"data":"Noxious Fumes","floor":12,"key":"SMITH"},{"floor":15,"key":"REST"},{"floor":23,"key":"REST"},{"data":"Footwork","floor":25,"key":"SMITH"},{"floor":28,"key":"REST"}],"neow_cost":"NONE","seed_source_timestamp":582731451813971,"circlet_count":0,"master_deck":["AscendersBane","Defend_G","Defend_G","Defend_G","Defend_G","Defend_G","Strike_G","Strike_G","Strike_G","Survivor","Neutralize+1","Dagger Throw","Quick Slash","Dodge and Roll+1","Underhanded Strike","Noxious Fumes+1","Deflect","Footwork+1","Backflip","Die Die Die","Dagger Spray","Backflip","PiercingWail","Writhe","Footwork+1","Sucker Punch"],"relics":["Ring of the Snake","Ice Cream","The Specimen","Velvet Choker","Gremlin Horn","Tiny Chest","Blood Vial","Tough Bandages","Kunai"],"potions_floor_usage":[11,16,27,27,30],"damage_taken":[{"damage":2,"enemies":"2 Louse","floor":1,"turns":4},{"damage":3,"enemies":"Jaw Worm","floor":3,"turns":7},{"damage":0,"enemies":"Cultist","floor":7,"turns":3},{"damage":0,"enemies":"Exordium Wildlife","floor":8,"turns":4},{"damage":3,"enemies":"Looter","floor":11,"turns":3},{"damage":14,"enemies":"3 Sentries","floor":13,"turns":6},{"damage":39,"enemies":"Slime Boss","floor":16,"turns":13},{"damage":5,"enemies":"Shell Parasite","floor":18,"turns":7},{"damage":6,"enemies":"Spheric Guardian","floor":19,"turns":7},{"damage":0,"enemies":"Snake Plant","floor":22,"turns":7},{"damage":30,"enemies":"Slavers","floor":27,"turns":6},{"damage":33,"enemies":"Book of Stabbing","floor":29,"turns":9},{"damage":33,"enemies":"Cultist and Chosen","floor":30,"turns":6}],"seed_played":"2370202881638956605","potions_obtained":[{"floor":7,"key":"Poison Potion"},{"floor":11,"key":"Ancient Potion"},{"floor":19,"key":"AttackPotion"},{"floor":22,"key":"Swift Potion"},{"floor":27,"key":"Explosive Potion"}],"is_trial":false,"path_per_floor":["M","$","M","?","?","R","M","M","T","R","M","R","E","$","R","B",null,"M","M","?","$","M","R","?","R","T","E","R","E","M"],"character_chosen":"THE_SILENT","items_purchased":["Footwork","Backflip"],"campfire_rested":3,"item_purchase_floors":[14,14],"current_hp_per_floor":[63,63,60,60,49,49,49,49,49,49,46,46,32,32,53,14,58,53,47,47,47,47,68,68,68,68,40,61,30,0],"gold":144,"neow_bonus":"TEN_PERCENT_HP_BONUS","is_prod":false,"is_daily":false,"chose_seed":false,"campfire_upgraded":4,"win_rate":0,"timestamp":1541956557,"path_taken":["M","$","M","?","?","R","M","M","T","R","M","R","E","?","R","BOSS","M","M","?","$","M","R","?","R","T","E","R","E","?"],"build_version":"2018-11-08","purchased_purges":2,"victory":false,"max_hp_per_floor":[72,72,72,72,72,72,72,72,72,72,72,72,72,72,72,72,72,72,72,72,72,72,72,72,72,72,72,72,72,72],"card_choices":[{"not_picked":["Underhanded Strike","Bane"],"picked":"Dagger Throw","floor":1},{"not_picked":["Masterful Stab","Blur"],"picked":"Quick Slash","floor":3},{"not_picked":["Underhanded Strike","Endless Agony"],"picked":"Dodge and Roll","floor":7},{"not_picked":["Caltrops","Expertise"],"picked":"Underhanded Strike","floor":8},{"not_picked":["Dagger Throw","Night Terror"],"picked":"Noxious Fumes","floor":11},{"not_picked":["Infinite Blades","Choke"],"picked":"Deflect","floor":13},{"not_picked":["Venomology","Unload"],"picked":"Die Die Die","floor":16},{"not_picked":["Terror","Accuracy"],"picked":"Dagger Spray","floor":18},{"not_picked":["Poisoned Stab","Slice"],"picked":"Backflip","floor":19},{"not_picked":["Quick Slash","Outmaneuver"],"picked":"PiercingWail","floor":22},{"not_picked":["Predator","Backflip"],"picked":"Footwork+1","floor":27},{"not_picked":["PiercingWail","Flying Knee"],"picked":"Sucker Punch","floor":29}],"player_experience":2201030,"relics_obtained":[{"floor":9,"key":"Ice Cream"},{"floor":13,"key":"The Specimen"},{"floor":26,"key":"Blood Vial"},{"floor":27,"key":"Tough Bandages"},{"floor":29,"key":"Kunai"}],"event_choices":[{"damage_healed":0,"gold_gain":0,"player_choice":"Ignored","damage_taken":0,"max_hp_gain":0,"max_hp_loss":0,"event_name":"Liars Game","floor":4,"gold_loss":0},{"damage_healed":0,"gold_gain":75,"player_choice":"Gather Gold","damage_taken":11,"max_hp_gain":0,"max_hp_loss":0,"event_name":"World of Goop","floor":5,"gold_loss":0},{"damage_healed":0,"gold_gain":0,"player_choice":"Obtained Relic","damage_taken":0,"relics_obtained":["Gremlin Horn"],"max_hp_gain":0,"max_hp_loss":0,"event_name":"Addict","floor":20,"gold_loss":85},{"damage_healed":0,"gold_gain":0,"player_choice":"Opened","damage_taken":0,"relics_obtained":["Tiny Chest"],"max_hp_gain":0,"max_hp_loss":0,"event_name":"The Mausoleum","floor":24,"gold_loss":0,"cards_obtained":["Writhe"]}],"is_beta":false,"boss_relics":[{"not_picked":["Ectoplasm","Pandora\u0027s Box"],"picked":"Velvet Choker"}],"items_purged_floors":[2,14],"is_endless":false,"potions_floor_spawned":[7,11,19,22,27],"killed_by":"Cultist and Chosen","ascension_level":18}