{"gold_per_floor":[119,138,152,152,302,329,329,357,426,426],"floor_reached":10,"playtime":458,"items_purged":[],"score":141,"play_id":"3f368eb3-ac07-4d69-b53c-2c50705ed8c5","local_time":"20190511030344","is_ascension_mode":true,"campfire_choices":[{"floor":7,"key":"REST"}],"neow_cost":"CURSE","seed_source_timestamp":2621019102139341,"circlet_count":0,"master_deck":["AscendersBane","Defend_G","Defend_G","Defend_G","Defend_G","Defend_G","Strike_G","Strike_G","Strike_G","Strike_G","Strike_G","Survivor","Neutralize","A Thousand Cuts","PiercingWail","Bouncing Flask","Noxious Fumes","Doubt","Dagger Spray","Footwork"],"relics":["Ring of the Snake","Ice Cream","Pen Nib","Molten Egg 2"],"potions_floor_usage":[6,6,10],"damage_taken":[{"damage":12,"enemies":"2 Louse","floor":1,"turns":4},{"damage":10,"enemies":"Jaw Worm","floor":2,"turns":6},{"damage":15,"enemies":"Cultist","floor":3,"turns":5},{"damage":16,"enemies":"Gremlin Nob","floor":6,"turns":5},{"damage":9,"enemies":"Lagavulin","floor":8,"turns":7},{"damage":16,"enemies":"3 Sentries","floor":10,"turns":5}],"seed_played":"-8080313676324081246","potions_obtained":[{"floor":1,"key":"Poison Potion"},{"floor":3,"key":"GhostInAJar"},{"floor":8,"key":"Explosive Potion"}],"is_trial":false,"path_per_floor":["M","M","M","?","?","E","R","E","T","E"],"character_chosen":"THE_SILENT","items_purchased":[],"campfire_rested":1,"item_purchase_floors":[],"current_hp_per_floor":[47,37,22,22,22,6,25,16,16,0],"gold":426,"neow_bonus":"THREE_RARE_CARDS","is_prod":false,"is_daily":false,"chose_seed":false,"campfire_upgraded":0,"win_rate":0,"timestamp":1557565424,"path_taken":["M","M","M","?","?","E","R","E","T","E"],"build_version":"2019-05-07","purchased_purges":0,"victory":false,"max_hp_per_floor":[66,66,66,66,66,66,66,66,66,66],"card_choices":[{"not_picked":["Unload","Tools of the Trade"],"picked":"A Thousand Cuts","floor":0},{"not_picked":["Quick Slash","Deflect"],"picked":"PiercingWail","floor":1},{"not_picked":["Endless Agony","Expertise"],"picked":"Bouncing Flask","floor":2},{"not_picked":["Distraction","Deadly Poison"],"picked":"Noxious Fumes","floor":3},{"not_picked":["Deflect","Dagger Throw"],"picked":"Dagger Spray","floor":6},{"not_picked":["Quick Slash","Leg Sweep"],"picked":"Footwork","floor":8}],"player_experience":1004387,"relics_obtained":[{"floor":6,"key":"Ice Cream"},{"floor":8,"key":"Pen Nib"},{"floor":9,"key":"Molten Egg 2"}],"event_choices":[{"cards_removed":["Pain"],"damage_healed":0,"gold_gain":0,"player_choice":"Forget","damage_taken":0,"max_hp_gain":0,"max_hp_loss":0,"event_name":"Living Wall","floor":4,"gold_loss":0},{"damage_healed":0,"gold_gain":150,"player_choice":"AGREE","damage_taken":0,"max_hp_gain":0,"max_hp_loss":0,"event_name":"Liars Game","floor":5,"gold_loss":0,"cards_obtained":["Doubt"]}],"is_beta":true,"boss_relics":[],"items_purged_floors":[],"is_endless":false,"potions_floor_spawned":[1,3,8],"killed_by":"3 Sentries","ascension_level":17}