{"gold_per_floor":[111,14,14,14,33,33,45,45,45,78,78,94,94,129,129,234,234,254,353,156,156,176,176,192,18,71,81,81,6,6,16,16,118,118,138,138,138,155,175,31,31,41,41,60,60,75,75,27,27,27],"floor_reached":51,"playtime":3710,"items_purged":["Strike_G"],"score":630,"play_id":"5a866252-5506-4def-ae73-473da0144e86","local_time":"20190706221723","is_ascension_mode":false,"campfire_choices":[{"data":"Noxious Fumes","floor":6,"key":"SMITH"},{"data":"Neutralize","floor":8,"key":"SMITH"},{"data":"Catalyst","floor":13,"key":"SMITH"},{"data":"Bane","floor":15,"key":"SMITH"},{"data":"Footwork","floor":23,"key":"SMITH"},{"data":"Well Laid Plans","floor":30,"key":"SMITH"},{"floor":32,"key":"REST"},{"data":"Footwork","floor":41,"key":"SMITH"},{"data":"Bullet Time","floor":45,"key":"SMITH"},{"data":"PiercingWail","floor":47,"key":"SMITH"},{"floor":49,"key":"REST"}],"neow_cost":"NONE","seed_source_timestamp":2063401051622051,"circlet_count":0,"master_deck":["Defend_G","Defend_G","Defend_G","Survivor","Neutralize+1","Tools of the Trade","Noxious Fumes+1","Poisoned Stab","Catalyst+1","Dash","Bane+1","Die Die Die","Footwork+1","Backflip","PiercingWail+1","PiercingWail","Underhanded Strike","Well Laid Plans+1","Bullet Time+1","Corpse Explosion+1","Envenom+1","Calculated Gamble+1","Backflip+1","Footwork+1","Footwork+1","Escape Plan","PiercingWail+1","Backflip"],"relics":["Ring of the Snake","Meat on the Bone","Darkstone Periapt","Pen Nib","Empty Cage","Centennial Puzzle","Regal Pillow","Astrolabe","Thread and Needle"],"potions_floor_usage":[14,33,46,50,50],"damage_taken":[{"damage":0,"enemies":"Cultist","floor":1,"turns":4},{"damage":0,"enemies":"2 Louse","floor":5,"turns":3},{"damage":0,"enemies":"Jaw Worm","floor":7,"turns":5},{"damage":3,"enemies":"Lagavulin","floor":10,"turns":6},{"damage":2,"enemies":"Looter","floor":12,"turns":4},{"damage":8,"enemies":"3 Sentries","floor":14,"turns":6},{"damage":13,"enemies":"Hexaghost","floor":16,"turns":7},{"damage":5,"enemies":"3 Byrds","floor":18,"turns":4},{"damage":1,"enemies":"Shell Parasite","floor":22,"turns":5},{"damage":23,"enemies":"Shelled Parasite and Fungi","floor":24,"turns":8},{"damage":0,"enemies":"Snake Plant","floor":27,"turns":4},{"damage":8,"enemies":"Centurion and Healer","floor":31,"turns":6},{"damage":29,"enemies":"Champ","floor":33,"turns":12},{"damage":1,"enemies":"3 Shapes","floor":35,"turns":4},{"damage":31,"enemies":"3 Darklings","floor":38,"turns":3},{"damage":23,"enemies":"Writhing Mass","floor":39,"turns":6},{"damage":2,"enemies":"4 Shapes","floor":42,"turns":5},{"damage":2,"enemies":"Maw","floor":44,"turns":7},{"damage":15,"enemies":"Sphere and 2 Shapes","floor":46,"turns":5},{"damage":22,"enemies":"Donu and Deca","floor":50,"turns":9}],"seed_played":"-7834828179027779181","potions_obtained":[{"floor":1,"key":"Explosive Potion"},{"floor":7,"key":"SpeedPotion"},{"floor":14,"key":"SpeedPotion"},{"floor":22,"key":"PowerPotion"},{"floor":44,"key":"EssenceOfSteel"},{"floor":46,"key":"SkillPotion"}],"is_trial":false,"path_per_floor":["M","$","?","?","M","R","M","R","T","E","?","M","R","E","R","B",null,"M","?","$","?","M","R","M","$","T","M","?","$","R","M","R","B",null,"M","?","?","M","M","$","R","M","T","M","R","M","R","$","R","B",null],"character_chosen":"THE_SILENT","items_purchased":["Noxious Fumes","Poisoned Stab","Footwork","Backflip","Centennial Puzzle","Underhanded Strike","Well Laid Plans","Footwork","Escape Plan","Backflip"],"campfire_rested":2,"item_purchase_floors":[2,2,20,20,25,25,29,40,40,48],"current_hp_per_floor":[70,70,70,56,56,56,56,56,56,53,58,56,56,48,48,47,75,70,70,70,70,69,69,46,46,46,46,46,46,46,38,75,46,75,74,74,71,40,29,29,29,39,39,37,37,34,34,34,70,48],"gold":27,"neow_bonus":"TRANSFORM_CARD","is_prod":false,"is_daily":false,"chose_seed":false,"campfire_upgraded":9,"win_rate":0,"timestamp":1562465843,"path_taken":["M","?","?","?","M","R","M","R","T","E","?","M","R","E","R","BOSS","M","?","$","?","M","R","M","?","T","M","?","$","R","M","R","BOSS","M","?","?","M","M","?","R","M","T","M","R","M","R","$","R","BOSS"],"build_version":"2019-07-05","purchased_purges":1,"victory":true,"max_hp_per_floor":[70,70,70,70,70,70,70,70,70,70,75,75,75,75,75,75,75,75,75,75,75,75,75,75,75,75,75,75,75,75,75,75,75,75,75,75,71,71,71,71,71,71,71,71,71,71,71,71,71,71],"card_choices":[{"not_picked":["Quick Slash","Sucker Punch"],"picked":"Reflex","floor":1},{"not_picked":["Dagger Throw","Dodge and Roll","Quick Slash"],"picked":"SKIP","floor":5},{"not_picked":["Deadly Poison","Deflect","All Out Attack"],"picked":"SKIP","floor":7},{"not_picked":["Infinite Blades","Bouncing Flask"],"picked":"Catalyst","floor":10},{"not_picked":["Dodge and Roll","Quick Slash"],"picked":"Dash","floor":12},{"not_picked":["Adrenaline","Slice"],"picked":"Bane","floor":14},{"not_picked":["Glass Knife","Envenom"],"picked":"Die Die Die","floor":16},{"not_picked":["Blade Dance","Noxious Fumes","Dodge and Roll+1"],"picked":"SKIP","floor":18},{"not_picked":["Eviscerate","Blade Dance+1"],"picked":"PiercingWail","floor":22},{"not_picked":["Underhanded Strike+1","Deflect"],"picked":"PiercingWail","floor":24},{"not_picked":["Masterful Stab","Storm of Steel","Dagger Spray"],"picked":"SKIP","floor":27},{"not_picked":["Slice","Expertise","Blade Dance"],"picked":"SKIP","floor":31},{"not_picked":["Unload","Grand Finale"],"picked":"Bullet Time","floor":33},{"not_picked":["Deadly Poison","Slice","Bane"],"picked":"SKIP","floor":35},{"not_picked":["Riddle With Holes","Deadly Poison+1"],"picked":"Backflip+1","floor":38},{"not_picked":["Outmaneuver","Bane+1"],"picked":"Footwork+1","floor":39},{"not_picked":["Noxious Fumes+1","Outmaneuver","Accuracy"],"picked":"SKIP","floor":42},{"not_picked":["Outmaneuver+1","Deadly Poison"],"picked":"PiercingWail+1","floor":44},{"not_picked":["Dagger Spray+1","Outmaneuver","Choke"],"picked":"SKIP","floor":46}],"player_experience":3916481,"relics_obtained":[{"floor":9,"key":"Meat on the Bone"},{"floor":10,"key":"Darkstone Periapt"},{"floor":14,"key":"Pen Nib"},{"floor":26,"key":"Regal Pillow"},{"floor":43,"key":"Thread and Needle"}],"event_choices":[{"damage_healed":0,"gold_gain":0,"player_choice":"Ignored","damage_taken":0,"max_hp_gain":0,"max_hp_loss":0,"event_name":"Liars Game","floor":3,"gold_loss":0},{"damage_healed":0,"gold_gain":0,"player_choice":"Entered Light","damage_taken":14,"max_hp_gain":0,"max_hp_loss":0,"event_name":"Shining Light","floor":4,"gold_loss":0,"cards_upgraded":["Strike_G","Reflex"]},{"damage_healed":0,"gold_gain":0,"player_choice":"Donut","damage_taken":0,"max_hp_gain":5,"max_hp_loss":0,"event_name":"Big Fish","floor":11,"gold_loss":0},{"damage_healed":0,"gold_gain":99,"player_choice":"Stole From Cult","damage_taken":0,"max_hp_gain":0,"max_hp_loss":0,"event_name":"Nest","floor":19,"gold_loss":0},{"damage_healed":0,"gold_gain":0,"player_choice":"Ignored","damage_taken":0,"max_hp_gain":0,"max_hp_loss":0,"event_name":"Vampires","floor":21,"gold_loss":0},{"damage_healed":0,"gold_gain":0,"player_choice":"Ignored","damage_taken":0,"max_hp_gain":0,"max_hp_loss":0,"event_name":"The Mausoleum","floor":28,"gold_loss":0},{"cards_removed":["Reflex"],"damage_healed":0,"gold_gain":0,"player_choice":"Removed Skill","damage_taken":0,"max_hp_gain":0,"max_hp_loss":0,"event_name":"Falling","floor":36,"gold_loss":0},{"damage_healed":0,"gold_gain":0,"player_choice":"Max HP","damage_taken":0,"max_hp_gain":0,"max_hp_loss":4,"event_name":"Winding Halls","floor":37,"gold_loss":0}],"is_beta":false,"boss_relics":[{"not_picked":["Fusion Hammer","Runic Dome"],"picked":"Empty Cage"},{"not_picked":["Orrery","White Beast Statue"],"picked":"Astrolabe"}],"items_purged_floors":[20],"is_endless":false,"potions_floor_spawned":[1,7,14,22,24,27,31,44,46],"ascension_level":0}