{"path_per_floor":["M","?","M","M","M","M","R","M","T","?","?","M","R","M","R","B",null,"M","?","T","$","M","R","M","R","T","M","M","R","M","M","R","B",null,"M","?","?","M","M","R"],"character_chosen":"THE_SILENT","items_purchased":["Shovel","Mercury Hourglass"],"gold_per_floor":[369,319,330,342,360,372,372,385,415,415,415,433,433,452,452,548,548,564,564,644,25,44,44,60,60,111,130,141,141,151,166,166,269,299,309,309,309,327,339,339],"floor_reached":41,"campfire_rested":3,"playtime":5901,"current_hp_per_floor":[63,63,58,57,53,53,53,51,51,44,44,43,43,29,29,8,63,61,68,68,68,67,67,34,55,55,47,45,45,45,16,37,37,75,50,40,40,39,10,32],"items_purged":["Defend_G"],"gold":339,"play_id":"75cddf45-d300-4b69-ad11-7a4d44b80627","is_prod":false,"is_daily":false,"is_ascension_mode":true,"campfire_upgraded":3,"path_taken":["M","?","M","M","M","M","R","M","T","?","?","M","R","?","R","BOSS","M","?","?","$","M","R","M","R","T","M","M","R","M","M","R","BOSS","M","?","?","M","M","R","M"],"build_version":"2018-02-01-PROD3","purchased_purges":2,"victory":false,"master_deck":["Defend_G","Defend_G","Defend_G","Defend_G","Strike_G","Strike_G","Survivor","Neutralize","Bouncing Flask+1","Acrobatics+1","Infinite Blades","Tools of the Trade","Cloak And Dagger","Cloak And Dagger","Accuracy+1","Distraction+1","Reflex+1","Blur","Adrenaline","Backflip","Catalyst","Envenom","Quick Slash+1","Noxious Fumes+1","Madness","Madness","Acrobatics+1","Dagger Throw+1"],"max_hp_per_floor":[63,63,63,63,63,63,63,63,63,63,63,63,63,63,63,63,63,63,70,70,70,70,70,70,70,70,70,70,70,70,70,70,70,75,75,75,75,75,75,75],"relics":["Ring of the Snake","Tiny Chest","Sozu","Strawberry","Shuriken","Shovel","Mercury Hourglass","Bag of Preparation","Snake Skull","Bottled Tornado","Tiny House"],"card_choices":[{"not_picked":["Dodge and Roll","Flying Knee"],"picked":"Slice"},{"not_picked":["Leg Sweep","Bane"],"picked":"Bouncing Flask"},{"not_picked":["Dagger Spray","Underhanded Strike"],"picked":"Acrobatics"},{"not_picked":["All Out Attack","Slice"],"picked":"Infinite Blades"},{"not_picked":["Skewer","Slice"],"picked":"Tools of the Trade"},{"not_picked":["Distraction","Slice"],"picked":"Cloak And Dagger"},{"not_picked":["Finisher","Reflex"],"picked":"Cloak And Dagger"},{"not_picked":["Backflip","Cloak And Dagger"],"picked":"Accuracy"},{"not_picked":["Acrobatics","Sucker Punch"],"picked":"Distraction"},{"not_picked":["Outmaneuver","Dodge and Roll"],"picked":"Reflex"},{"not_picked":["Flying Knee","Sucker Punch"],"picked":"Blur"},{"not_picked":["Skewer","Underhanded Strike"],"picked":"Adrenaline"},{"not_picked":["Outmaneuver","Flying Knee"],"picked":"Backflip"},{"not_picked":["Acrobatics","Prepared"],"picked":"Catalyst"},{"not_picked":["Phantasmal Killer","Tactician"],"picked":"Envenom"},{"not_picked":["Sucker Punch","Dagger Throw"],"picked":"Quick Slash"},{"not_picked":["Choke","Underhanded Strike"],"picked":"Noxious Fumes"},{"not_picked":["Caltrops","Terror"],"picked":"Acrobatics"},{"not_picked":["Underhanded Strike","PiercingWail"],"picked":"Dagger Throw"}],"player_experience":458545,"potions_floor_usage":[6,8,14,14],"damage_taken":[{"damage":0,"enemies":"2 Louse","floor":1,"turns":4},{"damage":5,"enemies":"Jaw Worm","floor":3,"turns":4},{"damage":1,"enemies":"Cultist","floor":4,"turns":3},{"damage":4,"enemies":"3 Louse","floor":5,"turns":3},{"damage":0,"enemies":"Looter","floor":6,"turns":3},{"damage":2,"enemies":"Red Slaver","floor":8,"turns":4},{"damage":1,"enemies":"Large Slime","floor":12,"turns":8},{"damage":14,"enemies":"Gremlin Gang","floor":14,"turns":4},{"damage":21,"enemies":"Slime Boss","floor":16,"turns":8},{"damage":2,"enemies":"3 Byrds","floor":18,"turns":6},{"damage":1,"enemies":"Chosen","floor":22,"turns":3},{"damage":33,"enemies":"Snake Plant","floor":24,"turns":5},{"damage":8,"enemies":"3 Cultists","floor":27,"turns":5},{"damage":2,"enemies":"Centurion and Healer","floor":28,"turns":5},{"damage":0,"enemies":"Snake Plant","floor":30,"turns":4},{"damage":29,"enemies":"Cultist and Chosen","floor":31,"turns":5},{"damage":0,"enemies":"Champ","floor":33,"turns":9},{"damage":25,"enemies":"3 Darklings","floor":35,"turns":5},{"damage":1,"enemies":"3 Shapes","floor":38,"turns":4},{"damage":29,"enemies":"3 Darklings","floor":39,"turns":4},{"damage":37,"enemies":"Sphere and 2 Shapes","floor":41,"turns":5}],"event_choices":[{"event_name":"The Cleric","player_choice":"Card Removal","floor":2,"damage_taken":0},{"event_name":"Golden Wing","player_choice":"Card Removal","floor":10,"damage_taken":0},{"event_name":"Bonfire Elementals","player_choice":"BASIC","floor":11,"damage_taken":0},{"event_name":"The Mausoleum","player_choice":"Yes","floor":19,"damage_taken":0},{"event_name":"Winding Halls","player_choice":"Embrace Madness","floor":36,"damage_taken":0}],"boss_relics":[{"not_picked":["Black Star","Cursed Key"],"picked":"Sozu"},{"not_picked":["Question Card","Runic Dome"],"picked":"Tiny House"}],"potions_floor_spawned":[1,4,5,12,18,24,30,35,38],"seed_played":"-2215438727637845610","killed_by":"Sphere and 2 Shapes","ascension_level":3,"is_trial":false}