{"gold_per_floor":[111,131,131,36,36,71,91,111,111,111,131,131,144,168,168,168],"floor_reached":16,"playtime":913,"items_purged":[],"score":129,"play_id":"6c169d02-fc01-4fa2-a1d8-092aa928dc72","local_time":"20190627102646","is_ascension_mode":false,"campfire_choices":[{"data":"Bouncing Flask","floor":10,"key":"SMITH"},{"data":"Neutralize","floor":12,"key":"SMITH"},{"data":"Footwork","floor":15,"key":"SMITH"}],"neow_cost":"NONE","seed_source_timestamp":1245968823194971,"circlet_count":0,"master_deck":["Defend_G","Defend_G","Defend_G","Defend_G","Defend_G","Strike_G","Strike_G","Strike_G","Strike_G","Survivor","Neutralize+1","Riddle With Holes","PiercingWail","Bouncing Flask+1","Quick Slash","Tools of the Trade","PiercingWail","Dash","Calculated Gamble","Footwork+1"],"relics":["Ring of the Snake","Golden Idol","Mango","Peace Pipe"],"potions_floor_usage":[6,8,13,16],"damage_taken":[{"damage":0,"enemies":"Small Slimes","floor":1,"turns":4},{"damage":0,"enemies":"Jaw Worm","floor":2,"turns":5},{"damage":25,"enemies":"3 Sentries","floor":6,"turns":10},{"damage":1,"enemies":"Cultist","floor":7,"turns":4},{"damage":5,"enemies":"Gremlin Gang","floor":8,"turns":7},{"damage":10,"enemies":"Blue Slaver","floor":11,"turns":3},{"damage":0,"enemies":"Lots of Slimes","floor":13,"turns":5},{"damage":1,"enemies":"Exordium Wildlife","floor":14,"turns":3},{"damage":43,"enemies":"Slime Boss","floor":16,"turns":11}],"seed_played":"-4634026588964552759","potions_obtained":[{"floor":1,"key":"Strength Potion"},{"floor":7,"key":"Dexterity Potion"},{"floor":8,"key":"AttackPotion"},{"floor":13,"key":"SkillPotion"}],"is_trial":false,"path_per_floor":["M","M","?","$","?","E","M","M","T","R","M","R","M","M","R","B"],"character_chosen":"THE_SILENT","items_purchased":["Bouncing Flask","Quick Slash"],"campfire_rested":0,"item_purchase_floors":[4,4],"current_hp_per_floor":[77,77,71,71,71,60,59,54,54,54,44,44,44,43,43,0],"gold":168,"neow_bonus":"TEN_PERCENT_HP_BONUS","is_prod":false,"is_daily":false,"chose_seed":false,"campfire_upgraded":3,"win_rate":0,"timestamp":1561645606,"path_taken":["M","M","?","$","?","E","M","?","T","R","M","R","?","M","R","BOSS"],"build_version":"2019-01-23","purchased_purges":0,"victory":false,"max_hp_per_floor":[77,77,71,71,71,85,85,85,85,85,85,85,85,85,85,85],"card_choices":[{"not_picked":["Heel Hook","Well Laid Plans"],"picked":"Riddle With Holes","floor":1},{"not_picked":["Backflip","Prepared"],"picked":"PiercingWail","floor":2},{"not_picked":["Blade Dance","Choke","Flying Knee"],"picked":"SKIP","floor":6},{"not_picked":["Concentrate","Reflex"],"picked":"PiercingWail","floor":7},{"not_picked":["Dagger Throw","Escape Plan"],"picked":"Dash","floor":8},{"not_picked":["Quick Slash","Sucker Punch"],"picked":"Calculated Gamble","floor":11},{"not_picked":["Dagger Spray","Deflect","Slice"],"picked":"SKIP","floor":13},{"not_picked":["Acrobatics","All Out Attack"],"picked":"Footwork","floor":14}],"player_experience":3843609,"relics_obtained":[{"floor":6,"key":"Mango"},{"floor":9,"key":"Peace Pipe"}],"event_choices":[{"damage_healed":0,"gold_gain":0,"player_choice":"Lose Max HP","damage_taken":0,"relics_obtained":["Golden Idol"],"max_hp_gain":0,"max_hp_loss":6,"event_name":"Golden Idol","floor":3,"gold_loss":0},{"damage_healed":0,"gold_gain":0,"cards_transformed":["Strike_G"],"player_choice":"Transformed","damage_taken":0,"max_hp_gain":0,"max_hp_loss":0,"event_name":"Transmorgrifier","floor":5,"gold_loss":0,"cards_obtained":["Tools of the Trade"]}],"is_beta":false,"boss_relics":[],"items_purged_floors":[],"is_endless":false,"potions_floor_spawned":[1,7,8,13],"killed_by":"Slime Boss","ascension_level":0}