{"gold_per_floor":[154,229,229,264,299,389,67,67,92,92,24,74,129,164,164,264,264,279,304,304,379,379,379,414,414,414,469,504,559,559,614,614,714,714,749,849,864,864,879,879,879,879,879,914,944,944],"floor_reached":46,"playtime":4016,"items_purged":[],"score":637,"play_id":"017831e5-7332-439b-89d0-c9debb82ae32","local_time":"20181123230443","daily_mods":["Allstar","Hoarder","Terminal"],"is_ascension_mode":false,"campfire_choices":[{"data":"Footwork","floor":8,"key":"SMITH"},{"data":"Noxious Fumes","floor":15,"key":"SMITH"},{"data":"Noxious Fumes","floor":23,"key":"SMITH"},{"data":"Noxious Fumes","floor":25,"key":"SMITH"},{"floor":30,"key":"REST"},{"data":"Footwork","floor":32,"key":"SMITH"},{"data":"Mind Blast","floor":40,"key":"SMITH"}],"neow_cost":"","seed_source_timestamp":0,"circlet_count":0,"master_deck":["Defend_G","Defend_G","Defend_G","Defend_G","Defend_G","Strike_G","Strike_G","Strike_G","Strike_G","Survivor","Neutralize","Violence","Violence","Violence","Thinking Ahead","Thinking Ahead","Thinking Ahead","Chrysalis","Chrysalis","Chrysalis","HandOfGreed","HandOfGreed","HandOfGreed","Mind Blast+1","Mind Blast","PiercingWail","PiercingWail","PiercingWail","Deep Breath","Deep Breath","Deep Breath","Backflip","Backflip","Backflip","Footwork+1","Footwork+1","Footwork+1","Noxious Fumes+1","Noxious Fumes+1","Noxious Fumes+1","Calculated Gamble","Calculated Gamble","Calculated Gamble","Escape Plan+1","Escape Plan+1","Escape Plan+1","Well Laid Plans+1","Well Laid Plans+1","Well Laid Plans+1"],"special_seed":17859,"relics":["Ring of the Snake","Incense Burner","Pantograph","Anchor","Pen Nib","Busted Crown","Dream Catcher","Frozen Egg 2","Bag of Preparation","White Beast Statue","Dead Branch","Sundial","Centennial Puzzle","Darkstone Periapt"],"potions_floor_usage":[12,16,16,29,29,33,39],"damage_taken":[{"damage":0,"enemies":"Small Slimes","floor":1,"turns":6},{"damage":1,"enemies":"Jaw Worm","floor":4,"turns":3},{"damage":0,"enemies":"Cultist","floor":5,"turns":2},{"damage":0,"enemies":"3 Sentries","floor":6,"turns":10},{"damage":0,"enemies":"Gremlin Nob","floor":12,"turns":3},{"damage":0,"enemies":"3 Louse","floor":13,"turns":3},{"damage":0,"enemies":"Exordium Wildlife","floor":14,"turns":3},{"damage":4,"enemies":"The Guardian","floor":16,"turns":9},{"damage":0,"enemies":"Shell Parasite","floor":18,"turns":2},{"damage":8,"enemies":"3 Byrds","floor":21,"turns":5},{"damage":0,"enemies":"3 Cultists","floor":24,"turns":5},{"damage":17,"enemies":"Shelled Parasite and Fungi","floor":27,"turns":7},{"damage":0,"enemies":"Centurion and Healer","floor":28,"turns":6},{"damage":5,"enemies":"Sentry and Sphere","floor":29,"turns":4},{"damage":2,"enemies":"Shelled Parasite and Fungi","floor":31,"turns":5},{"damage":0,"enemies":"Automaton","floor":33,"turns":10},{"damage":3,"enemies":"3 Darklings","floor":35,"turns":8},{"damage":0,"enemies":"Mind Bloom Boss Battle","floor":36,"turns":6},{"damage":0,"enemies":"Orb Walker","floor":37,"turns":4},{"damage":0,"enemies":"3 Darklings","floor":39,"turns":3},{"damage":0,"enemies":"4 Shapes","floor":44,"turns":5},{"damage":0,"enemies":"Reptomancer","floor":45,"turns":7},{"damage":33,"enemies":"Writhing Mass","floor":46,"turns":2}],"seed_played":"-6046446197112950682","potions_obtained":[{"floor":1,"key":"FearPotion"},{"floor":5,"key":"FearPotion"},{"floor":12,"key":"Ancient Potion"},{"floor":13,"key":"AttackPotion"},{"floor":28,"key":"Fire Potion"},{"floor":29,"key":"Swift Potion"},{"floor":35,"key":"SteroidPotion"},{"floor":36,"key":"FearPotion"},{"floor":37,"key":"Swift Potion"},{"floor":39,"key":"FearPotion"},{"floor":44,"key":"SmokeBomb"}],"is_trial":false,"path_per_floor":["M","?","?","M","M","E","$","R","T","?","$","E","M","M","R","B",null,"M","T","?","M","T","R","M","R","T","M","M","M","R","M","R","B",null,"M","?","M","T","M","R","?","?","T","M","E","M"],"character_chosen":"THE_SILENT","items_purchased":["Footwork","Pantograph","Noxious Fumes"],"campfire_rested":1,"item_purchase_floors":[7,7,11],"current_hp_per_floor":[68,57,57,56,56,56,56,56,56,56,56,56,56,55,54,50,52,51,50,49,41,41,41,41,41,41,24,24,19,31,29,29,36,35,32,33,32,31,30,29,28,27,26,25,24,0],"gold":944,"neow_bonus":"","is_prod":false,"is_daily":true,"chose_seed":false,"campfire_upgraded":6,"win_rate":0,"timestamp":1543032283,"path_taken":["M","?","?","?","M","E","$","R","T","?","?","E","M","M","R","BOSS","M","?","?","M","?","R","M","R","T","M","?","M","R","M","R","BOSS","M","?","M","?","M","R","?","?","T","M","E","?"],"build_version":"2018-11-15","purchased_purges":0,"victory":false,"max_hp_per_floor":[68,67,66,65,64,63,62,61,60,59,58,57,56,55,54,53,52,51,50,49,48,47,46,45,44,43,42,41,40,39,38,37,36,35,34,33,32,31,30,29,28,27,26,25,24,24],"card_choices":[{"not_picked":["Leg Sweep","Terror"],"picked":"PiercingWail","floor":1},{"not_picked":["Underhanded Strike","Prepared"],"picked":"Backflip","floor":4},{"not_picked":["Catalyst","Dodge and Roll","All Out Attack"],"picked":"SKIP","floor":5},{"not_picked":["Concentrate","Flying Knee","Cloak And Dagger"],"picked":"SKIP","floor":6},{"not_picked":["Infinite Blades","Riddle With Holes","Predator"],"picked":"SKIP","floor":12},{"not_picked":["Predator","Dagger Spray","Slice"],"picked":"SKIP","floor":13},{"not_picked":["Catalyst","Deadly Poison","Tools of the Trade"],"picked":"SKIP","floor":14},{"not_picked":["Dagger Throw"],"picked":"SKIP","floor":18},{"not_picked":["Dodge and Roll"],"picked":"SKIP","floor":21},{"not_picked":["Deadly Poison"],"picked":"SKIP","floor":24},{"not_picked":["Sucker Punch+1"],"picked":"SKIP","floor":27},{"not_picked":["Flying Knee"],"picked":"SKIP","floor":28},{"not_picked":[],"picked":"Escape Plan+1","floor":29},{"not_picked":["Bouncing Flask"],"picked":"SKIP","floor":31},{"not_picked":["Bane+1"],"picked":"SKIP","floor":35},{"not_picked":["Outmaneuver"],"picked":"SKIP","floor":37},{"not_picked":[],"picked":"Well Laid Plans+1","floor":39},{"not_picked":["Outmaneuver"],"picked":"SKIP","floor":44},{"not_picked":["Expertise+1"],"picked":"SKIP","floor":45}],"player_experience":2470655,"relics_obtained":[{"floor":6,"key":"Incense Burner"},{"floor":9,"key":"Anchor"},{"floor":12,"key":"Pen Nib"},{"floor":19,"key":"Dream Catcher"},{"floor":22,"key":"Frozen Egg 2"},{"floor":26,"key":"Bag of Preparation"},{"floor":36,"key":"Dead Branch"},{"floor":38,"key":"Sundial"},{"floor":43,"key":"Centennial Puzzle"},{"floor":45,"key":"Darkstone Periapt"}],"event_choices":[{"damage_healed":0,"gold_gain":75,"player_choice":"Gather Gold","damage_taken":11,"max_hp_gain":0,"max_hp_loss":0,"event_name":"World of Goop","floor":2,"gold_loss":0},{"damage_healed":0,"gold_gain":0,"cards_transformed":["Mind Blast"],"player_choice":"Transformed","damage_taken":0,"max_hp_gain":0,"max_hp_loss":0,"event_name":"Transmorgrifier","floor":3,"gold_loss":0,"cards_obtained":["Deep Breath"]},{"damage_healed":0,"gold_gain":0,"player_choice":"Grow","damage_taken":0,"max_hp_gain":0,"max_hp_loss":0,"event_name":"Living Wall","floor":10,"gold_loss":0,"cards_upgraded":["Footwork"]},{"damage_healed":0,"gold_gain":0,"player_choice":"Read","damage_taken":0,"max_hp_gain":0,"max_hp_loss":0,"event_name":"The Library","floor":20,"gold_loss":0,"cards_obtained":["Calculated Gamble"]},{"damage_healed":0,"gold_gain":0,"player_choice":"Fight","damage_taken":0,"max_hp_gain":0,"max_hp_loss":0,"event_name":"MindBloom","floor":36,"gold_loss":0},{"cards_removed":["Strike_G"],"damage_healed":0,"gold_gain":0,"player_choice":"Removed Attack","damage_taken":0,"max_hp_gain":0,"max_hp_loss":0,"event_name":"Falling","floor":41,"gold_loss":0},{"damage_healed":0,"gold_gain":0,"player_choice":"Memory 1","damage_taken":0,"max_hp_gain":0,"max_hp_loss":0,"event_name":"SensoryStone","floor":42,"gold_loss":0}],"is_beta":false,"boss_relics":[{"not_picked":["Tiny House","Cursed Key"],"picked":"Busted Crown"},{"not_picked":["Velvet Choker","Runic Dome"],"picked":"White Beast Statue"}],"items_purged_floors":[],"is_endless":false,"potions_floor_spawned":[1,5,12,13,28,29,35,36,37,39,44,45],"killed_by":"Writhing Mass","ascension_level":0}