{"gold_per_floor":[368,85,99,24,24,53,53,86,112,125,143,143,167,183,183,256,256,275,275,375,30,43,43,76,76,101,131,131,165,179,191,191,262,312,329,63,77,0,51,51,77,91,91,111,111,142,142,142,142,142],"floor_reached":50,"playtime":4599,"items_purged":["Strike_R","Strike_R"],"score":1157,"play_id":"764952e8-1bd1-41c8-9520-c603f077c50a","local_time":"20190428120333","is_ascension_mode":true,"campfire_choices":[{"floor":7,"key":"REST"},{"data":"1","floor":12,"key":"LIFT"},{"data":"2","floor":15,"key":"LIFT"},{"floor":23,"key":"REST"},{"data":"3","floor":25,"key":"LIFT"},{"data":"Bash","floor":28,"key":"SMITH"},{"data":"Shockwave","floor":32,"key":"SMITH"},{"data":"Disarm","floor":40,"key":"SMITH"},{"data":"Flame Barrier","floor":45,"key":"SMITH"},{"floor":47,"key":"REST"},{"floor":49,"key":"REST"}],"neow_cost":"CURSE","seed_source_timestamp":1611651942117817,"circlet_count":0,"master_deck":["AscendersBane","Strike_R","Strike_R","Strike_R","Defend_R","Defend_R","Defend_R","Defend_R","Bash+1","Disarm+1","Whirlwind+1","Inflame","Reaper","Double Tap","Disarm","Shockwave+1","Flame Barrier+1","Offering","Spot Weakness","PanicButton","Battle Trance","Dual Wield","Headbutt","Seeing Red","Bludgeon","Dropkick","Seeing Red","Reaper","Shrug It Off+1","Heavy Blade+1","Clothesline+1"],"relics":["Burning Blood","Mercury Hourglass","Anchor","Girya","Lantern","Odd Mushroom","Sozu","Nunchaku","Sundial","Ancient Tea Set","Centennial Puzzle","Juzu Bracelet","Shuriken","Letter Opener","Tiny House","Red Mask","Torii","Bag of Preparation","Potion Belt","Omamori"],"potions_floor_usage":[13,20,24],"damage_taken":[{"damage":11,"enemies":"Jaw Worm","floor":1,"turns":5},{"damage":5,"enemies":"2 Louse","floor":3,"turns":3},{"damage":48,"enemies":"Gremlin Nob","floor":6,"turns":5},{"damage":44,"enemies":"Lagavulin","floor":8,"turns":7},{"damage":10,"enemies":"Small Slimes","floor":10,"turns":3},{"damage":9,"enemies":"3 Louse","floor":11,"turns":4},{"damage":0,"enemies":"The Mushroom Lair","floor":13,"turns":2},{"damage":0,"enemies":"2 Fungi Beasts","floor":14,"turns":2},{"damage":12,"enemies":"The Guardian","floor":16,"turns":12},{"damage":18,"enemies":"Shell Parasite","floor":18,"turns":3},{"damage":18,"enemies":"Colosseum Slavers","floor":20,"turns":4},{"damage":14,"enemies":"Colosseum Nobs","floor":20,"turns":4},{"damage":33,"enemies":"Spheric Guardian","floor":22,"turns":5},{"damage":12,"enemies":"Book of Stabbing","floor":24,"turns":3},{"damage":8,"enemies":"Gremlin Leader","floor":27,"turns":5},{"damage":15,"enemies":"Book of Stabbing","floor":29,"turns":4},{"damage":8,"enemies":"Centurion and Healer","floor":30,"turns":7},{"damage":6,"enemies":"Cultist and Chosen","floor":31,"turns":3},{"damage":32,"enemies":"Collector","floor":33,"turns":5},{"damage":18,"enemies":"Orb Walker","floor":35,"turns":3},{"damage":13,"enemies":"3 Shapes","floor":37,"turns":2},{"damage":16,"enemies":"2 Orb Walkers","floor":39,"turns":2},{"damage":10,"enemies":"Nemesis","floor":41,"turns":5},{"damage":6,"enemies":"Jaw Worm Horde","floor":42,"turns":1},{"damage":13,"enemies":"Sphere and 2 Shapes","floor":44,"turns":7},{"damage":109,"enemies":"Giant Head","floor":46,"turns":8},{"damage":85,"enemies":"Time Eater","floor":50,"turns":9}],"seed_played":"9212798378381559460","potions_obtained":[{"floor":8,"key":"Fire Potion"},{"floor":10,"key":"Explosive Potion"},{"floor":13,"key":"Swift Potion"},{"floor":14,"key":"Strength Potion"}],"is_trial":false,"path_per_floor":["M","$","M","$","?","E","R","E","T","M","M","R","?","M","R","B",null,"M","?","?","$","M","R","E","R","T","E","R","E","M","M","R","B",null,"M","$","M","?","?","R","E","M","T","M","R","E","R","?","R","B"],"character_chosen":"IRONCLAD","items_purchased":["Mercury Hourglass","Inflame","Ancient Tea Set","PanicButton","Seeing Red","Reaper"],"campfire_rested":4,"item_purchase_floors":[2,4,21,21,36,36],"current_hp_per_floor":[63,63,64,64,64,22,44,12,12,14,23,23,44,64,64,70,74,68,68,67,67,48,70,64,64,64,75,75,75,75,75,75,65,78,80,80,80,80,70,70,80,80,80,73,73,20,44,44,66,0],"gold":142,"neow_bonus":"TWO_FIFTY_GOLD","is_prod":false,"is_daily":false,"chose_seed":false,"campfire_upgraded":4,"win_rate":0,"timestamp":1556467413,"path_taken":["M","$","M","$","?","E","R","E","T","M","M","R","?","M","R","BOSS","M","?","?","$","M","R","E","R","T","E","R","E","M","M","R","BOSS","M","$","M","?","?","R","E","M","T","M","R","E","R","?","R","BOSS"],"build_version":"2019-01-23","purchased_purges":2,"victory":false,"max_hp_per_floor":[75,75,75,75,75,75,75,75,75,75,75,75,75,75,75,75,75,75,75,75,75,75,75,75,75,75,75,75,75,75,75,75,75,80,80,80,80,80,80,80,80,80,80,80,80,80,80,76,76,76],"card_choices":[{"not_picked":["Perfected Strike","Pummel"],"picked":"Disarm","floor":1},{"not_picked":["Twin Strike","Body Slam"],"picked":"Whirlwind","floor":3},{"not_picked":["Second Wind","Searing Blow"],"picked":"Reaper","floor":6},{"not_picked":["Metallicize","Body Slam"],"picked":"Double Tap","floor":8},{"not_picked":["Combust","Armaments"],"picked":"Disarm","floor":10},{"not_picked":["Infernal Blade","Clash","Havoc"],"picked":"SKIP","floor":11},{"not_picked":["True Grit","Thunderclap"],"picked":"Shockwave","floor":13},{"not_picked":["Thunderclap","Clash"],"picked":"Flame Barrier","floor":14},{"not_picked":["Demon Form","Reaper"],"picked":"Offering","floor":16},{"not_picked":["Anger","Body Slam","Iron Wave"],"picked":"SKIP","floor":18},{"not_picked":["Shockwave+1","Metallicize"],"picked":"Spot Weakness","floor":20},{"not_picked":["Uppercut","Thunderclap+1"],"picked":"Battle Trance","floor":22},{"not_picked":["Headbutt","Battle Trance"],"picked":"Dual Wield","floor":24},{"not_picked":["Havoc","Cleave","Headbutt"],"picked":"SKIP","floor":27},{"not_picked":["Shockwave","Havoc","Thunderclap+1"],"picked":"SKIP","floor":29},{"not_picked":["Flex+1","Wild Strike"],"picked":"Headbutt","floor":30},{"not_picked":["Rage","Sword Boomerang+1"],"picked":"Seeing Red","floor":31},{"not_picked":["Brutality","Juggernaut"],"picked":"Bludgeon","floor":33},{"not_picked":["Cleave","Perfected Strike"],"picked":"Dropkick","floor":35},{"not_picked":["Corruption","Clash"],"picked":"Shrug It Off+1","floor":37},{"not_picked":["Thunderclap","Perfected Strike","Wild Strike"],"picked":"SKIP","floor":41},{"not_picked":["Flex","Clash","Fire Breathing"],"picked":"SKIP","floor":42},{"not_picked":["Iron Wave","Headbutt+1"],"picked":"Heavy Blade+1","floor":44},{"not_picked":["Sentinel+1","Flex"],"picked":"Clothesline+1","floor":46}],"player_experience":3506209,"relics_obtained":[{"floor":6,"key":"Anchor"},{"floor":8,"key":"Girya"},{"floor":9,"key":"Lantern"},{"floor":13,"key":"Odd Mushroom"},{"floor":20,"key":"Nunchaku"},{"floor":20,"key":"Sundial"},{"floor":24,"key":"Centennial Puzzle"},{"floor":26,"key":"Juzu Bracelet"},{"floor":27,"key":"Shuriken"},{"floor":29,"key":"Letter Opener"},{"floor":39,"key":"Torii"},{"floor":41,"key":"Bag of Preparation"},{"floor":43,"key":"Potion Belt"},{"floor":46,"key":"Omamori"}],"event_choices":[{"cards_removed":["Regret"],"damage_healed":0,"gold_gain":0,"player_choice":"Forget","damage_taken":0,"max_hp_gain":0,"max_hp_loss":0,"event_name":"Living Wall","floor":5,"gold_loss":0},{"damage_healed":0,"gold_gain":0,"player_choice":"Fought Mushrooms","damage_taken":0,"max_hp_gain":0,"max_hp_loss":0,"event_name":"Mushrooms","floor":13,"gold_loss":0},{"damage_healed":0,"gold_gain":0,"player_choice":"Ignored","damage_taken":0,"max_hp_gain":0,"max_hp_loss":0,"event_name":"Vampires","floor":19,"gold_loss":0},{"damage_healed":0,"gold_gain":0,"player_choice":"Fight","damage_taken":0,"max_hp_gain":0,"max_hp_loss":0,"event_name":"Colosseum","floor":20,"gold_loss":0},{"damage_healed":0,"gold_gain":0,"player_choice":"Fought Nobs","damage_taken":0,"max_hp_gain":0,"max_hp_loss":0,"event_name":"Colosseum","floor":20,"gold_loss":0},{"damage_healed":0,"gold_gain":0,"player_choice":"Paid","damage_taken":0,"relics_obtained":["Red Mask"],"max_hp_gain":0,"max_hp_loss":0,"event_name":"Tomb of Lord Red Mask","floor":38,"gold_loss":77},{"damage_healed":0,"gold_gain":0,"player_choice":"Fight","damage_taken":0,"max_hp_gain":0,"max_hp_loss":0,"event_name":"Mysterious Sphere","floor":39,"gold_loss":0},{"damage_healed":0,"gold_gain":0,"player_choice":"Max HP","damage_taken":0,"max_hp_gain":0,"max_hp_loss":4,"event_name":"Winding Halls","floor":48,"gold_loss":0}],"is_beta":false,"boss_relics":[{"not_picked":["Velvet Choker","Lizard Tail"],"picked":"Sozu"},{"not_picked":["Runic Dome","Black Star"],"picked":"Tiny House"}],"items_purged_floors":[21,36],"is_endless":false,"potions_floor_spawned":[8,10,13,14,16,20,20,24,30,41,44,46],"killed_by":"Time Eater","ascension_level":20}