{"gold_per_floor":[213,231,6,6,6,6,40,40,40,74,74],"floor_reached":11,"playtime":458,"items_purged":[],"score":79,"play_id":"82fbdd01-2c92-43fc-b268-4d9544db70c2","local_time":"20190614105534","is_ascension_mode":false,"campfire_choices":[{"data":"Neutralize","floor":6,"key":"SMITH"},{"floor":8,"key":"REST"}],"neow_cost":"NONE","seed_source_timestamp":124947762605311,"circlet_count":0,"master_deck":["Defend_G","Defend_G","Defend_G","Defend_G","Defend_G","Strike_G","Strike_G","Strike_G","Strike_G","Strike_G","Survivor","Neutralize+1","Bane","Sucker Punch+1","Footwork+1","Acrobatics+1","Dodge and Roll+1"],"relics":["Ring of the Snake","Juzu Bracelet","Toxic Egg 2","Singing Bowl","Pen Nib"],"potions_floor_usage":[],"damage_taken":[{"damage":6,"enemies":"Small Slimes","floor":1,"turns":4},{"damage":0,"enemies":"2 Louse","floor":2,"turns":3},{"damage":26,"enemies":"3 Sentries","floor":7,"turns":11},{"damage":33,"enemies":"Lagavulin","floor":10,"turns":9},{"damage":17,"enemies":"3 Sentries","floor":11,"turns":10}],"seed_played":"-7857790510714076560","potions_obtained":[],"is_trial":false,"path_per_floor":["M","M","$","?","$","R","E","R","T","E","?"],"character_chosen":"THE_SILENT","items_purchased":["Footwork","Juzu Bracelet"],"campfire_rested":1,"item_purchase_floors":[3,3],"current_hp_per_floor":[64,64,64,50,50,50,24,45,45,12,0],"gold":74,"neow_bonus":"HUNDRED_GOLD","is_prod":false,"is_daily":false,"chose_seed":false,"campfire_upgraded":1,"win_rate":0,"timestamp":1560524134,"path_taken":["M","M","$","?","$","R","E","R","T","E","?"],"build_version":"2019-01-23","purchased_purges":0,"victory":false,"max_hp_per_floor":[70,70,70,70,70,70,70,70,70,70,70],"card_choices":[{"not_picked":["Acrobatics","Prepared"],"picked":"Bane","floor":1},{"not_picked":["Predator","Tactician"],"picked":"Sucker Punch","floor":2},{"not_picked":["Heel Hook","Dagger Throw"],"picked":"Acrobatics","floor":7},{"not_picked":["All Out Attack","A Thousand Cuts"],"picked":"Dodge and Roll+1","floor":10}],"player_experience":3748476,"relics_obtained":[{"floor":7,"key":"Toxic Egg 2"},{"floor":9,"key":"Singing Bowl"},{"floor":10,"key":"Pen Nib"}],"event_choices":[{"damage_healed":0,"gold_gain":0,"player_choice":"Entered Light","damage_taken":14,"max_hp_gain":0,"max_hp_loss":0,"event_name":"Shining Light","floor":4,"gold_loss":0,"cards_upgraded":["Footwork","Sucker Punch"]},{"damage_healed":0,"gold_gain":0,"player_choice":"Searched \u00272\u0027 times","damage_taken":0,"max_hp_gain":0,"max_hp_loss":0,"event_name":"Dead Adventurer","floor":11,"gold_loss":0}],"is_beta":false,"boss_relics":[],"items_purged_floors":[],"is_endless":false,"potions_floor_spawned":[],"killed_by":"3 Sentries","ascension_level":0}