{"gold_per_floor":[112,132,142,142,142,142,173,173,173,192,192,192,223,247,247,375,375,396,396,415,415,188,188,211,211,211,211,231,249,71,84,84,84],"floor_reached":33,"playtime":1521,"items_purged":["Strike_R","Strike_R"],"score":321,"play_id":"8c44905e-73d3-4533-bd9f-0fa9339081ac","local_time":"20190721012909","is_ascension_mode":true,"campfire_choices":[{"data":"Heavy Blade","floor":6,"key":"SMITH"},{"floor":8,"key":"REST"},{"floor":12,"key":"REST"},{"floor":15,"key":"REST"},{"data":"Barricade","floor":23,"key":"SMITH"},{"floor":25,"key":"REST"},{"floor":27,"key":"REST"},{"floor":32,"key":"REST"}],"neow_cost":"NONE","seed_source_timestamp":278712864650406,"circlet_count":0,"master_deck":["Strike_R","Strike_R","Defend_R","Defend_R","Defend_R","Defend_R","Bash","Heavy Blade+1","Cleave","Battle Trance","Barricade+1","J.A.X.","Flame Barrier","Entrench","Demon Form"],"relics":["Black Blood","Vajra","Golden Idol","Oddly Smooth Stone","Bag of Marbles","Dodecahedron","Bottled Lightning","Bottled Flame","Red Skull","Matryoshka"],"potions_floor_usage":[16,20,28,28,31,31],"damage_taken":[{"damage":6,"enemies":"Cultist","floor":1,"turns":3},{"damage":12,"enemies":"Jaw Worm","floor":2,"turns":2},{"damage":0,"enemies":"2 Louse","floor":3,"turns":2},{"damage":20,"enemies":"Gremlin Nob","floor":7,"turns":4},{"damage":0,"enemies":"Exordium Wildlife","floor":10,"turns":2},{"damage":48,"enemies":"3 Sentries","floor":13,"turns":7},{"damage":17,"enemies":"Exordium Thugs","floor":14,"turns":2},{"damage":18,"enemies":"Slime Boss","floor":16,"turns":5},{"damage":12,"enemies":"Chosen","floor":18,"turns":3},{"damage":23,"enemies":"Shell Parasite","floor":20,"turns":3},{"damage":53,"enemies":"Shelled Parasite and Fungi","floor":24,"turns":4},{"damage":54,"enemies":"Centurion and Healer","floor":28,"turns":4},{"damage":15,"enemies":"Cultist and Chosen","floor":29,"turns":4},{"damage":18,"enemies":"Chosen and Byrds","floor":31,"turns":6},{"damage":42,"enemies":"Champ","floor":33,"turns":11}],"seed_played":"-3693216207697968427","potions_obtained":[{"floor":1,"key":"SpeedPotion"},{"floor":2,"key":"LiquidBronze"},{"floor":13,"key":"Strength Potion"},{"floor":24,"key":"Dexterity Potion"},{"floor":29,"key":"GamblersBrew"},{"floor":31,"key":"Fire Potion"}],"is_trial":false,"path_per_floor":["M","M","M","?","T","R","E","R","T","M","?","R","E","M","R","B",null,"M","?","M","T","$","R","M","R","T","R","M","M","$","M","R","B"],"character_chosen":"IRONCLAD","items_purchased":["Red Skull","Regen Potion"],"campfire_rested":6,"item_purchase_floors":[22,30],"current_hp_per_floor":[80,74,80,60,60,60,46,70,70,76,69,80,38,27,51,39,70,68,68,55,55,55,55,12,36,36,60,16,11,11,18,42,0],"gold":84,"neow_bonus":"RANDOM_COMMON_RELIC","is_prod":false,"is_daily":false,"chose_seed":false,"campfire_upgraded":2,"win_rate":0,"timestamp":1563697749,"path_taken":["M","?","M","?","?","R","E","R","T","?","?","R","E","M","R","BOSS","M","?","M","?","?","R","M","R","T","R","?","M","$","M","R","BOSS"],"build_version":"2019-07-05","purchased_purges":2,"victory":false,"max_hp_per_floor":[80,80,80,80,80,80,80,80,80,80,80,80,80,80,80,80,80,80,80,80,80,80,80,80,80,80,80,80,80,80,80,80,80],"card_choices":[{"not_picked":["Hemokinesis","Power Through","Clash"],"picked":"SKIP","floor":1},{"not_picked":["Blood for Blood","Uppercut"],"picked":"Heavy Blade","floor":2},{"not_picked":["Warcry","Feel No Pain"],"picked":"Cleave","floor":3},{"not_picked":["Headbutt","Thunderclap"],"picked":"Battle Trance","floor":7},{"not_picked":["Iron Wave","Clash","Shockwave"],"picked":"SKIP","floor":10},{"not_picked":["Bludgeon","Infernal Blade","Perfected Strike"],"picked":"SKIP","floor":13},{"not_picked":["Twin Strike","Evolve","Cleave"],"picked":"SKIP","floor":14},{"not_picked":["Dark Embrace","Exhume"],"picked":"Barricade","floor":16},{"not_picked":["Heavy Blade+1","Perfected Strike+1","Pommel Strike"],"picked":"SKIP","floor":18},{"not_picked":["Clothesline","Headbutt+1","Anger"],"picked":"SKIP","floor":20},{"not_picked":["Metallicize","Sword Boomerang","Thunderclap+1"],"picked":"SKIP","floor":24},{"not_picked":["Battle Trance","Sword Boomerang+1"],"picked":"Flame Barrier","floor":28},{"not_picked":["Power Through","Heavy Blade+1"],"picked":"Entrench","floor":29},{"not_picked":["Clothesline+1","Battle Trance"],"picked":"Demon Form","floor":31}],"player_experience":68442,"relics_obtained":[{"floor":5,"key":"Oddly Smooth Stone"},{"floor":7,"key":"Bag of Marbles"},{"floor":9,"key":"Dodecahedron"},{"floor":13,"key":"Bottled Lightning"},{"floor":21,"key":"Bottled Flame"},{"floor":26,"key":"Matryoshka"}],"event_choices":[{"damage_healed":0,"gold_gain":0,"player_choice":"Take Damage","damage_taken":20,"relics_obtained":["Golden Idol"],"max_hp_gain":0,"max_hp_loss":0,"event_name":"Golden Idol","floor":4,"gold_loss":0},{"cards_removed":["Strike_R"],"damage_healed":0,"gold_gain":0,"player_choice":"Card Removal","damage_taken":7,"max_hp_gain":0,"max_hp_loss":0,"event_name":"Golden Wing","floor":11,"gold_loss":0},{"damage_healed":0,"gold_gain":0,"player_choice":"Obtain J.A.X.","damage_taken":0,"max_hp_gain":0,"max_hp_loss":0,"event_name":"Drug Dealer","floor":19,"gold_loss":0,"cards_obtained":["J.A.X."]}],"is_beta":false,"boss_relics":[{"not_picked":["Cursed Key","Fusion Hammer"],"picked":"Black Blood"}],"items_purged_floors":[22,30],"is_endless":false,"potions_floor_spawned":[1,2,13,24,29,31],"killed_by":"Champ","ascension_level":5}