{"path_per_floor":["M","M","M","?","?","R","M","M","T","$","$","M","?","M","R","B",null,"M","?","?","M"],"character_chosen":"THE_SILENT","items_purchased":["Pantograph","Dexterity Potion"],"gold_per_floor":[364,376,396,396,396,396,415,428,428,43,43,66,166,184,184,310,310,326,326,326,339],"floor_reached":22,"campfire_rested":0,"playtime":2160,"current_hp_per_floor":[70,67,67,65,52,52,64,63,63,63,63,63,63,63,63,33,65,14,14,14,10],"items_purged":["Decay"],"gold":339,"score":178,"play_id":"cd6f0419-b902-4f75-a06d-a35ada2db549","is_prod":false,"is_daily":false,"is_ascension_mode":false,"campfire_upgraded":1,"path_taken":["M","M","M","?","?","R","M","M","T","?","$","M","?","M","R","BOSS","M","?","?","M","M"],"build_version":"2018-02-15-PROD1","purchased_purges":1,"victory":false,"master_deck":["Defend_G","Defend_G","Defend_G","Defend_G","Defend_G","Strike_G","Strike_G","Strike_G","Strike_G+1","Strike_G","Survivor","Neutralize+1","Backstab+1","After Image+1","Backflip","Dagger Throw","Acrobatics","Quick Slash+1"],"max_hp_per_floor":[70,70,70,65,65,65,65,65,65,65,65,65,65,65,65,65,65,65,65,65,65],"relics":["Ring of the Snake","Golden Idol","Shovel","Pantograph","Juzu Bracelet","White Beast Statue"],"card_choices":[{"not_picked":["Deadly Poison","Finisher"],"picked":"Backstab"},{"not_picked":["Poisoned Stab","Outmaneuver"],"picked":"After Image"},{"not_picked":["Accuracy","Dodge and Roll"],"picked":"Backflip"},{"not_picked":["PiercingWail","Tools of the Trade"],"picked":"Dagger Throw"},{"not_picked":["Setup","Bane"],"picked":"Acrobatics"},{"not_picked":["Skewer","Concentrate"],"picked":"Quick Slash"}],"player_experience":793667,"potions_floor_usage":[7,14,16,16,22,22],"damage_taken":[{"damage":0,"enemies":"Jaw Worm","floor":1,"turns":6},{"damage":3,"enemies":"2 Louse","floor":2,"turns":3},{"damage":0,"enemies":"Small Slimes","floor":3,"turns":3},{"damage":1,"enemies":"Exordium Thugs","floor":7,"turns":8},{"damage":1,"enemies":"Blue Slaver","floor":8,"turns":3},{"damage":0,"enemies":"3 Louse","floor":12,"turns":4},{"damage":0,"enemies":"Gremlin Gang","floor":14,"turns":4},{"damage":32,"enemies":"Slime Boss","floor":16,"turns":26},{"damage":51,"enemies":"Chosen","floor":18,"turns":10},{"damage":4,"enemies":"Shell Parasite","floor":21,"turns":15},{"damage":16,"enemies":"3 Cultists","floor":22,"turns":5}],"event_choices":[{"event_name":"Golden Idol","player_choice":"Lose Max HP","floor":4,"damage_taken":0},{"event_name":"Shining Light","player_choice":"Entered Light","floor":5,"damage_taken":0},{"event_name":"Golden Shrine","player_choice":"Pray","floor":13,"damage_taken":0},{"event_name":"Drug Dealer","player_choice":"Ignored","floor":19,"damage_taken":0},{"event_name":"Upgrade Shrine","player_choice":"Upgraded","floor":20,"damage_taken":0}],"boss_relics":[{"not_picked":["Philosopher\u0027s Stone","Black Star"],"picked":"White Beast Statue"}],"potions_floor_spawned":[3,7,8,18,21],"seed_played":"-2750835036922539341","killed_by":"3 Cultists","ascension_level":0,"is_trial":false}