{"gold_per_floor":[115,52,72,88,106,134,134,161,161,161,191,191],"floor_reached":12,"playtime":975,"items_purged":[],"score":176,"play_id":"1b2fb44d-32f5-48ca-bf20-81284d12406e","local_time":"20190429225017","is_ascension_mode":true,"campfire_choices":[{"floor":7,"key":"REST"},{"floor":10,"key":"REST"}],"neow_cost":"NONE","seed_source_timestamp":1740481584757744,"circlet_count":0,"master_deck":["AscendersBane","Strike_R","Strike_R","Strike_R","Strike_R","Strike_R","Defend_R","Defend_R","Defend_R","Defend_R","Bash","Sword Boomerang","Shrug It Off","Intimidate","Hemokinesis"],"relics":["Burning Blood","Singing Bowl","Mummified Hand","Kunai","Bottled Lightning"],"potions_floor_usage":[0,5,6,6],"damage_taken":[{"damage":15,"enemies":"Small Slimes","floor":1,"turns":3},{"damage":2,"enemies":"Cultist","floor":3,"turns":4},{"damage":4,"enemies":"2 Louse","floor":4,"turns":3},{"damage":8,"enemies":"Large Slime","floor":5,"turns":5},{"damage":37,"enemies":"Lagavulin","floor":6,"turns":7},{"damage":54,"enemies":"3 Sentries","floor":8,"turns":12},{"damage":62,"enemies":"Lagavulin","floor":12,"turns":7}],"seed_played":"6377682473784616308","potions_obtained":[{"floor":0,"key":"Strength Potion"},{"floor":0,"key":"Fruit Juice"},{"floor":0,"key":"Regen Potion"},{"floor":3,"key":"Fire Potion"},{"floor":5,"key":"GamblersBrew"}],"is_trial":false,"path_per_floor":["M","?","M","M","M","E","R","E","T","R","?","E"],"character_chosen":"IRONCLAD","items_purchased":[],"campfire_rested":2,"item_purchase_floors":[],"current_hp_per_floor":[64,64,68,72,70,41,66,18,18,43,43,0],"gold":191,"neow_bonus":"THREE_SMALL_POTIONS","is_prod":false,"is_daily":false,"chose_seed":false,"campfire_upgraded":0,"win_rate":0,"timestamp":1556592617,"path_taken":["M","?","M","?","?","E","R","E","T","R","?","E"],"build_version":"2019-01-23","purchased_purges":0,"victory":false,"max_hp_per_floor":[80,80,80,82,82,84,84,84,84,84,84,84],"card_choices":[{"not_picked":["Shrug It Off","Twin Strike"],"picked":"Sword Boomerang","floor":1},{"not_picked":["Thunderclap","Rage"],"picked":"Shrug It Off","floor":3},{"not_picked":["Twin Strike","Iron Wave","Clash"],"picked":"Singing Bowl","floor":4},{"not_picked":["Blood for Blood","Twin Strike"],"picked":"Intimidate","floor":5},{"not_picked":["Heavy Blade","Warcry","Cleave"],"picked":"Singing Bowl","floor":6},{"not_picked":["Perfected Strike","Armaments"],"picked":"Hemokinesis","floor":8}],"player_experience":3524549,"relics_obtained":[{"floor":6,"key":"Mummified Hand"},{"floor":8,"key":"Kunai"},{"floor":9,"key":"Bottled Lightning"}],"event_choices":[{"damage_healed":0,"gold_gain":0,"player_choice":"Paid Gold","damage_taken":0,"relics_obtained":["Singing Bowl"],"max_hp_gain":0,"max_hp_loss":0,"event_name":"WeMeetAgain","floor":2,"gold_loss":63},{"damage_healed":0,"gold_gain":30,"player_choice":"Searched \u00271\u0027 times","damage_taken":0,"max_hp_gain":0,"max_hp_loss":0,"event_name":"Dead Adventurer","floor":11,"gold_loss":0}],"is_beta":false,"boss_relics":[],"items_purged_floors":[],"is_endless":false,"potions_floor_spawned":[3,5],"killed_by":"Lagavulin","ascension_level":20}