{"gold_per_floor":[112,16,31,41,54,54,69,69,69,100,175,190,204,204],"floor_reached":14,"playtime":437,"items_purged":[],"score":188,"play_id":"9a1f2901-b517-4f19-a44d-82a4bd25d08c","local_time":"20190507160122","is_ascension_mode":true,"campfire_choices":[{"floor":6,"key":"REST"},{"floor":8,"key":"REST"}],"neow_cost":"NONE","seed_source_timestamp":2407684144422279,"circlet_count":0,"master_deck":["AscendersBane","Strike_B","Strike_B","Strike_B","Strike_B","Defend_B","Defend_B","Defend_B","Defend_B","Zap","Dualcast","Consume","Coolheaded","Rip and Tear","Go for the Eyes","FTL","Hello World","Leap","Doom and Gloom","Go for the Eyes","Conserve Battery"],"relics":["Sozu","Sundial","Matryoshka"],"potions_floor_usage":[],"damage_taken":[{"damage":1,"enemies":"Cultist","floor":1,"turns":4},{"damage":0,"enemies":"Small Slimes","floor":3,"turns":4},{"damage":3,"enemies":"2 Louse","floor":4,"turns":3},{"damage":40,"enemies":"Gremlin Gang","floor":5,"turns":6},{"damage":8,"enemies":"Blue Slaver","floor":7,"turns":2},{"damage":2,"enemies":"Lagavulin","floor":10,"turns":7},{"damage":21,"enemies":"Exordium Thugs","floor":12,"turns":4},{"damage":3,"enemies":"Looter","floor":13,"turns":3},{"damage":28,"enemies":"Gremlin Nob","floor":14,"turns":3}],"seed_played":"-3753152473610460348","potions_obtained":[],"is_trial":false,"path_per_floor":["M","$","M","M","M","R","M","R","T","E","?","M","M","E"],"character_chosen":"DEFECT","items_purchased":["Coolheaded","Rip and Tear"],"campfire_rested":2,"item_purchase_floors":[2,2],"current_hp_per_floor":[63,63,63,60,20,41,33,54,54,52,41,20,17,0],"gold":204,"neow_bonus":"BOSS_RELIC","is_prod":false,"is_daily":false,"chose_seed":false,"campfire_upgraded":0,"win_rate":0,"timestamp":1557259282,"path_taken":["M","?","M","M","?","R","M","R","T","E","?","M","M","E"],"build_version":"2019-01-23","purchased_purges":0,"victory":false,"max_hp_per_floor":[71,71,71,71,71,71,71,71,71,71,71,71,71,71],"card_choices":[{"not_picked":["Stack","Redo"],"picked":"Consume","floor":1},{"not_picked":["Turbo","Leap"],"picked":"Go for the Eyes","floor":3},{"not_picked":["Reboot","Cold Snap"],"picked":"FTL","floor":4},{"not_picked":["Compile Driver","Turbo"],"picked":"Hello World","floor":5},{"not_picked":["Steam","Sweeping Beam"],"picked":"Leap","floor":7},{"not_picked":["Sweeping Beam","Double Energy"],"picked":"Doom and Gloom","floor":10},{"not_picked":["Static Discharge","Rebound"],"picked":"Go for the Eyes","floor":12},{"not_picked":["Storm","Cold Snap"],"picked":"Conserve Battery","floor":13}],"player_experience":3622032,"relics_obtained":[{"floor":9,"key":"Sundial"},{"floor":10,"key":"Matryoshka"}],"event_choices":[{"damage_healed":0,"gold_gain":75,"player_choice":"Gather Gold","damage_taken":11,"max_hp_gain":0,"max_hp_loss":0,"event_name":"World of Goop","floor":11,"gold_loss":0}],"is_beta":false,"boss_relics":[],"items_purged_floors":[],"is_endless":false,"potions_floor_spawned":[5,10,12],"killed_by":"Gremlin Nob","ascension_level":20}