{"gold_per_floor":[18,18,31,43,43,63,63,128,128,128,128,7,19,45,45,147,147,159,159,139,39,56,85,85,147,173,173,22,50,68,102,102,200,200,216,226,45,45,56,84,99,99,99,112,123,137,0,0,0,0,0,0,0,26,26],"floor_reached":56,"playtime":3270,"items_purged":["Strike_B","Strike_B"],"score":1363,"play_id":"5126d31b-7691-40bc-a02c-86dd8eb691bd","local_time":"20181125144849","is_ascension_mode":true,"campfire_choices":[{"data":"Zap","floor":7,"key":"SMITH"},{"data":"Loop","floor":10,"key":"SMITH"},{"data":"Defragment","floor":15,"key":"SMITH"},{"floor":24,"key":"REST"},{"floor":27,"key":"REST"},{"data":"1","floor":32,"key":"LIFT"},{"data":"2","floor":42,"key":"LIFT"},{"floor":49,"key":"RECALL"},{"data":"3","floor":52,"key":"LIFT"}],"neow_cost":"NO_GOLD","seed_source_timestamp":1006013483524807,"circlet_count":0,"master_deck":["Defend_B","Defend_B","Zap+1","Dualcast","Genetic Algorithm+1","Loop","Coolheaded","Doom and Gloom","Loop+1","Rebound","Defragment+1","Melter+1","Buffer","Skim+1","Steam Power+1","Tempest","Conserve Battery+1","Ball Lightning+1","Ball Lightning","Double Energy","Aggregate+1","Echo Form","Force Field+1","Chill+1","FTL+1","Leap+1","Stack+1","Hologram+1","Finesse+1","Leap+1","Glacier+1","Conserve Battery+1","Hologram+1","Cold Snap+1","Deep Breath+1","Stack+1","Rip and Tear+1"],"relics":["Cracked Core","Sundial","Emotion Chip","Dodecahedron","Matryoshka","Fusion Hammer","Girya","Tiny Chest","Potion Belt","Whetstone","War Paint","Cables","Toxic Egg 2","Astrolabe","Vajra","Bag of Preparation","Question Card","Bronze Scales"],"potions_floor_usage":[16,20,23,23,25,29,31,50,55,55,55],"damage_taken":[{"damage":0,"enemies":"Cultist","floor":1,"turns":4},{"damage":1,"enemies":"2 Louse","floor":3,"turns":4},{"damage":11,"enemies":"Jaw Worm","floor":4,"turns":2},{"damage":9,"enemies":"2 Fungi Beasts","floor":6,"turns":4},{"damage":17,"enemies":"Lagavulin Event","floor":8,"turns":5},{"damage":0,"enemies":"Exordium Wildlife","floor":13,"turns":4},{"damage":3,"enemies":"Lagavulin","floor":14,"turns":6},{"damage":20,"enemies":"The Guardian","floor":16,"turns":6},{"damage":6,"enemies":"Spheric Guardian","floor":18,"turns":4},{"damage":8,"enemies":"2 Thieves","floor":20,"turns":4},{"damage":8,"enemies":"Cultist and Chosen","floor":22,"turns":6},{"damage":30,"enemies":"Gremlin Leader","floor":23,"turns":9},{"damage":21,"enemies":"Book of Stabbing","floor":25,"turns":5},{"damage":0,"enemies":"Gremlin Leader","floor":29,"turns":5},{"damage":0,"enemies":"Snecko","floor":30,"turns":4},{"damage":10,"enemies":"Book of Stabbing","floor":31,"turns":5},{"damage":22,"enemies":"Collector","floor":33,"turns":7},{"damage":2,"enemies":"3 Shapes","floor":35,"turns":4},{"damage":8,"enemies":"Orb Walker","floor":36,"turns":2},{"damage":0,"enemies":"Maw","floor":39,"turns":7},{"damage":9,"enemies":"Giant Head","floor":40,"turns":7},{"damage":16,"enemies":"Sphere and 2 Shapes","floor":41,"turns":5},{"damage":0,"enemies":"4 Shapes","floor":44,"turns":3},{"damage":8,"enemies":"Jaw Worm Horde","floor":45,"turns":4},{"damage":4,"enemies":"3 Darklings","floor":46,"turns":4},{"damage":6,"enemies":"Donu and Deca","floor":50,"turns":12},{"damage":5,"enemies":"Shield and Spear","floor":54,"turns":9},{"damage":64,"enemies":"The Heart","floor":55,"turns":9}],"seed_played":"502175237020176776","potions_obtained":[{"floor":1,"key":"SkillPotion"},{"floor":8,"key":"SneckoOil"},{"floor":13,"key":"PowerPotion"},{"floor":16,"key":"SpeedPotion"},{"floor":22,"key":"SkillPotion"},{"floor":25,"key":"Energy Potion"},{"floor":30,"key":"Dexterity Potion"},{"floor":33,"key":"Dexterity Potion"},{"floor":36,"key":"Block Potion"},{"floor":41,"key":"Regen Potion"},{"floor":45,"key":"Block Potion"}],"is_trial":false,"path_per_floor":["M","T","M","M","?","M","R","?","T","R","T","$","M","E","R","B",null,"M","?","M","$","M","E","R","E","T","R","$","E","M","E","R","B",null,"M","M","$","?","M","E","M","R","T","M","M","M","$","?","R","B",null,"R","$","E","B",null],"character_chosen":"DEFECT","items_purchased":["Rebound","War Paint","Stack+1","Hologram+1","Finesse+1","Deep Breath+1","Stack+1"],"campfire_rested":2,"item_purchase_floors":[12,28,37,37,37,47,47],"current_hp_per_floor":[89,89,88,77,77,68,68,51,51,51,51,51,51,48,48,28,89,83,66,58,58,50,20,48,27,27,55,55,55,55,45,45,23,94,92,84,84,84,84,75,59,59,59,59,51,47,47,82,82,76,82,82,82,77,28],"gold":26,"neow_bonus":"TWENTY_PERCENT_HP_BONUS","is_prod":false,"is_daily":false,"chose_seed":false,"campfire_upgraded":3,"win_rate":0,"timestamp":1543175329,"path_taken":["M","?","?","M","?","M","R","?","T","R","?","$","M","E","R","BOSS","M","?","M","$","M","E","R","E","T","R","$","E","M","E","R","BOSS","M","M","$","?","M","E","M","R","T","M","?","?","$","?","R","BOSS","R","$","E","BOSS"],"build_version":"2018-11-15","purchased_purges":2,"victory":true,"max_hp_per_floor":[89,89,89,89,89,89,89,89,89,89,89,89,89,89,89,89,89,89,94,94,94,94,94,94,94,94,94,94,94,94,94,94,94,94,94,94,94,94,94,94,94,94,94,94,94,94,94,82,82,82,82,82,82,82,82],"card_choices":[{"not_picked":["Steam","Stack"],"picked":"Genetic Algorithm","floor":1},{"not_picked":["Go for the Eyes","Undo"],"picked":"Loop","floor":3},{"not_picked":["Hello World","Heatsinks"],"picked":"Coolheaded","floor":4},{"not_picked":["Go for the Eyes","Leap"],"picked":"Doom and Gloom","floor":6},{"not_picked":["Reboot","Barrage"],"picked":"Loop","floor":8},{"not_picked":["Leap","Reprogram"],"picked":"Defragment","floor":13},{"not_picked":["Darkness","Reprogram"],"picked":"Melter","floor":14},{"not_picked":["Multi-Cast","Amplify"],"picked":"Buffer","floor":16},{"not_picked":["Streamline","Darkness"],"picked":"Skim+1","floor":18},{"not_picked":["Beam Cell","Heatsinks"],"picked":"Steam Power+1","floor":20},{"not_picked":["Aggregate","Gash+1"],"picked":"Tempest","floor":22},{"not_picked":["Static Discharge","Undo"],"picked":"Conserve Battery","floor":23},{"not_picked":["Redo","Streamline"],"picked":"Ball Lightning","floor":25},{"not_picked":["Redo","Turbo"],"picked":"Ball Lightning","floor":29},{"not_picked":["Reinforced Body","Rebound"],"picked":"Double Energy","floor":30},{"not_picked":["Loop+1","Creative AI"],"picked":"Aggregate+1","floor":31},{"not_picked":["Thunder Strike","Multi-Cast+1"],"picked":"Echo Form","floor":33},{"not_picked":["Storm","Turbo+1"],"picked":"Leap+1","floor":35},{"not_picked":["Force Field+1","Gash","Rebound"],"picked":"SKIP","floor":36},{"not_picked":["Go for the Eyes","Ball Lightning"],"picked":"Leap+1","floor":39},{"not_picked":["Steam Power+1","Chaos+1"],"picked":"Glacier+1","floor":40},{"not_picked":["Cold Snap","Ball Lightning+1","Scrape"],"picked":"SKIP","floor":41},{"not_picked":["Leap+1","Go for the Eyes+1","Ball Lightning+1"],"picked":"Conserve Battery+1","floor":44},{"not_picked":["Stack+1","Core Surge","Streamline"],"picked":"Hologram+1","floor":45},{"not_picked":["Leap+1","Hologram+1","Sweeping Beam"],"picked":"Cold Snap+1","floor":46},{"not_picked":["Ball Lightning","Go for the Eyes+1","Auto Shields+1"],"picked":"Rip and Tear+1","floor":54}],"player_experience":2494390,"relics_obtained":[{"floor":2,"key":"Sundial"},{"floor":8,"key":"Emotion Chip"},{"floor":11,"key":"Dodecahedron"},{"floor":14,"key":"Matryoshka"},{"floor":23,"key":"Girya"},{"floor":25,"key":"Tiny Chest"},{"floor":26,"key":"Potion Belt"},{"floor":26,"key":"Whetstone"},{"floor":29,"key":"Cables"},{"floor":31,"key":"Toxic Egg 2"},{"floor":40,"key":"Vajra"},{"floor":43,"key":"Bag of Preparation"},{"floor":43,"key":"Question Card"},{"floor":54,"key":"Bronze Scales"}],"event_choices":[{"damage_healed":0,"gold_gain":0,"player_choice":"Leave","damage_taken":0,"max_hp_gain":0,"max_hp_loss":0,"event_name":"The Cleric","floor":5,"gold_loss":0},{"damage_healed":0,"gold_gain":0,"player_choice":"Searched \u00272\u0027 times","damage_taken":0,"max_hp_gain":0,"max_hp_loss":0,"event_name":"Dead Adventurer","floor":8,"gold_loss":0},{"damage_healed":0,"gold_gain":0,"player_choice":"Shed Blood","damage_taken":22,"max_hp_gain":5,"max_hp_loss":0,"event_name":"Forgotten Altar","floor":19,"gold_loss":0},{"cards_removed":["Defend_B"],"damage_healed":0,"gold_gain":0,"player_choice":"Purged","damage_taken":0,"max_hp_gain":0,"max_hp_loss":0,"event_name":"Purifier","floor":38,"gold_loss":0},{"damage_healed":82,"gold_gain":0,"player_choice":"Heal","damage_taken":0,"max_hp_gain":0,"max_hp_loss":12,"event_name":"The Moai Head","floor":48,"gold_loss":0}],"is_beta":false,"boss_relics":[{"not_picked":["Orrery","Runic Dome"],"picked":"Fusion Hammer"},{"not_picked":["Tiny House","Velvet Choker"],"picked":"Astrolabe"}],"items_purged_floors":[12,21],"is_endless":false,"potions_floor_spawned":[1,8,13,16,22,25,30,33,36,41,45],"ascension_level":1}