{"gold_per_floor":[114,129,8,8,23,53,68,68,68,83,113,84,114,129,129,229,229,244,259,274,274,274],"floor_reached":22,"playtime":1332,"items_purged":[],"score":283,"play_id":"81d47226-63e6-420f-a09d-960f73d70ec2","local_time":"20190614104739","daily_mods":["Insanity","Blue Cards","Binary"],"is_ascension_mode":false,"campfire_choices":[{"floor":8,"key":"REST"},{"data":"Noxious Fumes","floor":15,"key":"SMITH"}],"neow_cost":"","seed_source_timestamp":0,"circlet_count":0,"master_deck":["Noxious Fumes+1","Deflect","Hologram","Cold Snap","Turbo","Eviscerate","Slice","Leap","Endless Agony","Skewer","Genetic Algorithm","Outmaneuver","Deadly Poison","Bane","Gash","Poisoned Stab","Leap","Gash","Backflip","Beam Cell","Well Laid Plans","Underhanded Strike","Deflect","Melter","Consume","Slice","Dodge and Roll+1","Compile Driver","Outmaneuver+1","Darkness","Riddle With Holes","Dagger Spray","Redo","Prepared","Flying Knee","PiercingWail","Sucker Punch","Predator","Finisher","Skewer","Accuracy","Sweeping Beam","Poisoned Stab","Stack","Consume","Hello World","Consume","Recycle","Expertise","Riddle With Holes","PiercingWail","White Noise","Coolheaded","Conserve Battery","Bullet Time","A Thousand Cuts","Bane+1","Gash+1"],"special_seed":18061,"relics":["Ring of the Snake","Omamori","Potion Belt","Darkstone Periapt","Dodecahedron","Black Star"],"potions_floor_usage":[11,11,18,20,20,22],"damage_taken":[{"damage":11,"enemies":"Jaw Worm","floor":1,"turns":2},{"damage":0,"enemies":"Small Slimes","floor":2,"turns":2},{"damage":0,"enemies":"2 Louse","floor":5,"turns":3},{"damage":8,"enemies":"3 Sentries","floor":6,"turns":4},{"damage":0,"enemies":"Large Slime","floor":7,"turns":5},{"damage":0,"enemies":"Lots of Slimes","floor":10,"turns":2},{"damage":7,"enemies":"Gremlin Nob","floor":11,"turns":3},{"damage":0,"enemies":"Lagavulin","floor":13,"turns":4},{"damage":7,"enemies":"2 Fungi Beasts","floor":14,"turns":4},{"damage":10,"enemies":"Hexaghost","floor":16,"turns":9},{"damage":0,"enemies":"Chosen","floor":18,"turns":4},{"damage":10,"enemies":"Spheric Guardian","floor":19,"turns":3},{"damage":14,"enemies":"3 Cultists","floor":20,"turns":6},{"damage":89,"enemies":"Masked Bandits","floor":22,"turns":5}],"seed_played":"-7662607748894199459","potions_obtained":[{"floor":1,"key":"Ancient Potion"},{"floor":5,"key":"Weak Potion"},{"floor":10,"key":"Ancient Potion"},{"floor":11,"key":"GhostInAJar"},{"floor":18,"key":"Dexterity Potion"},{"floor":19,"key":"Regen Potion"}],"is_trial":false,"path_per_floor":["M","M","$","?","M","E","M","R","T","M","E","?","E","M","R","B",null,"M","M","M","?","?"],"character_chosen":"THE_SILENT","items_purchased":["White Noise","Strength Potion"],"campfire_rested":1,"item_purchase_floors":[3,3],"current_hp_per_floor":[59,59,59,45,45,37,37,58,58,58,51,51,51,44,44,34,70,70,60,46,69,0],"gold":274,"neow_bonus":"","is_prod":false,"is_daily":true,"chose_seed":false,"campfire_upgraded":1,"win_rate":0,"timestamp":1560523659,"path_taken":["M","M","$","?","M","E","M","R","T","M","E","?","E","M","R","BOSS","M","M","M","?","?"],"build_version":"2019-01-23","purchased_purges":0,"victory":false,"max_hp_per_floor":[70,70,70,70,70,70,70,70,70,70,70,70,70,70,70,70,70,70,70,70,70,70],"card_choices":[{"not_picked":["Go for the Eyes"],"picked":"PiercingWail","floor":1},{"not_picked":["Steam","Finisher"],"picked":"SKIP","floor":2},{"not_picked":["Concentrate","Thunder Strike"],"picked":"SKIP","floor":5},{"not_picked":["Compile Driver","Streamline"],"picked":"SKIP","floor":6},{"not_picked":["Cloak And Dagger"],"picked":"Coolheaded","floor":7},{"not_picked":["Force Field"],"picked":"Conserve Battery","floor":10},{"not_picked":["Rebound","Defragment"],"picked":"SKIP","floor":11},{"not_picked":["Outmaneuver"],"picked":"Bullet Time","floor":13},{"not_picked":["Redo","Deflect"],"picked":"SKIP","floor":14},{"not_picked":["Doppelganger"],"picked":"A Thousand Cuts","floor":16},{"not_picked":["Melter","Quick Slash"],"picked":"SKIP","floor":18},{"not_picked":["Conserve Battery"],"picked":"Bane+1","floor":19},{"not_picked":["Turbo"],"picked":"Gash+1","floor":20}],"player_experience":3747144,"relics_obtained":[{"floor":6,"key":"Omamori"},{"floor":9,"key":"Potion Belt"},{"floor":11,"key":"Darkstone Periapt"},{"floor":13,"key":"Dodecahedron"}],"event_choices":[{"damage_healed":0,"gold_gain":0,"player_choice":"Entered Light","damage_taken":14,"max_hp_gain":0,"max_hp_loss":0,"event_name":"Shining Light","floor":4,"gold_loss":0,"cards_upgraded":["Dodge and Roll","Outmaneuver"]},{"damage_healed":0,"gold_gain":0,"player_choice":"Left Gold","damage_taken":0,"max_hp_gain":0,"max_hp_loss":0,"event_name":"World of Goop","floor":12,"gold_loss":29},{"damage_healed":23,"gold_gain":0,"player_choice":"Heal","damage_taken":0,"max_hp_gain":0,"max_hp_loss":0,"event_name":"The Library","floor":21,"gold_loss":0},{"damage_healed":0,"gold_gain":0,"player_choice":"Fought Bandits","damage_taken":0,"max_hp_gain":0,"max_hp_loss":0,"event_name":"Masked Bandits","floor":22,"gold_loss":0}],"is_beta":false,"boss_relics":[{"not_picked":["HoveringKite","Philosopher\u0027s Stone"],"picked":"Black Star"}],"items_purged_floors":[],"is_endless":false,"potions_floor_spawned":[1,5,6,10,11,18,19],"killed_by":"Masked Bandits","ascension_level":0}