{"path_per_floor":["M","M","$","M","M","E","M","?","T","M","M","E","M","$","R","B",null,"M","$","M","?","?","E","R","E","T","R","M","?","?","E","R","B",null,"M","$","?","M","?","R","E","M","T","E","M","M","?","?","R","B"],"character_chosen":"THE_SILENT","items_purchased":["Kunai","Mind Blast","Deep Breath","Bandage Up","Backflip","Well Laid Plans"],"gold_per_floor":[367,379,23,37,47,74,87,37,60,44,58,83,101,0,0,98,98,110,6,18,18,18,51,51,81,104,104,115,115,30,62,62,160,160,174,2,48,60,0,0,25,41,68,96,108,126,126,126,126,126],"floor_reached":51,"campfire_rested":6,"playtime":19303,"current_hp_per_floor":[63,63,63,62,62,45,45,45,45,43,43,28,28,28,46,25,63,59,59,63,54,54,16,36,20,20,40,37,37,37,28,48,52,68,58,58,39,37,37,57,39,43,50,38,27,43,33,33,55,17],"items_purged":["Defend_G"],"gold":126,"play_id":"5d1155b3-8829-4a32-ad33-0f32bb49925f","is_prod":false,"is_daily":false,"campfire_rituals":0,"campfire_upgraded":0,"is_hardmode":false,"path_taken":["M","?","$","M","?","E","M","?","T","M","M","E","M","$","R","BOSS","M","$","M","?","?","E","R","E","T","R","M","?","?","E","R","BOSS","M","$","?","?","?","R","E","?","T","E","M","M","?","?","R","BOSS"],"build_version":"2018-01-18-PROD4","purchased_purges":1,"victory":true,"master_deck":["Defend_G","Defend_G","Strike_G","Strike_G","Survivor","Neutralize","Blur","Mind Blast","Masterful Stab","PiercingWail","Cloak And Dagger","Prepared","Accuracy","Deep Breath","Acrobatics","Skewer","Slice","Tools of the Trade","Cloak And Dagger","Bandage Up","Blur","Prepared","Acrobatics","Riddle With Holes","Caltrops","Footwork","Blur","A Thousand Cuts","Deflect","Backflip","Well Laid Plans","Tools of the Trade","Underhanded Strike","Distraction","Backflip","Outmaneuver","Deadly Poison","Footwork","Tactician","Madness","Madness","Backflip"],"max_hp_per_floor":[63,63,63,63,63,63,63,63,63,63,63,63,63,63,63,63,63,63,63,63,68,68,68,68,68,68,68,68,68,68,68,68,68,68,68,68,68,68,68,68,68,68,75,75,75,75,75,75,75,75],"relics":["Ring of the Snake","Kunai","Vajra","Dream Catcher","Oddly Smooth Stone","Astrolabe","Mercury Hourglass","Molten Egg","Bag of Preparation","Happy Flower","Meat on the Bone","Black Star","Gambling Chip","Red Mask","Bag of Marbles","Snake Skull","Strawberry","Lantern","Bronze Scales"],"campfire_meditates":0,"card_choices":[{"not_picked":["Blade Dance","Escape Plan"],"picked":"Blur"},{"not_picked":["PiercingWail","Eviscerate"],"picked":"Masterful Stab"},{"not_picked":["Deadly Poison","Outmaneuver"],"picked":"PiercingWail"},{"not_picked":["Quick Slash","Dagger Spray"],"picked":"Cloak And Dagger"},{"not_picked":["Dagger Spray","PiercingWail"],"picked":"Prepared"},{"not_picked":["Cloak And Dagger","Blade Dance"],"picked":"Accuracy"},{"not_picked":["Reflex","Terror"],"picked":"Acrobatics"},{"not_picked":["Flechettes","Dodge and Roll"],"picked":"Cloak And Dagger"},{"not_picked":["Flechettes","Outmaneuver"],"picked":"Blur"},{"not_picked":["Leg Sweep","Riddle With Holes"],"picked":"Prepared"},{"not_picked":["Catalyst","Cloak And Dagger"],"picked":"Acrobatics"},{"not_picked":["Flechettes","Cloak And Dagger"],"picked":"Riddle With Holes"},{"not_picked":["Slice","Acrobatics"],"picked":"Caltrops"},{"not_picked":["Masterful Stab","Dash"],"picked":"Flying Knee"},{"not_picked":["Distraction","Finisher"],"picked":"Footwork"},{"not_picked":["Escape Plan","Sucker Punch"],"picked":"Blur"},{"not_picked":["Doppelganger","Die Die Die"],"picked":"A Thousand Cuts"},{"not_picked":["Quick Slash","Cloak And Dagger"],"picked":"Deflect"},{"not_picked":["Underhanded Strike","Deflect"],"picked":"Tools of the Trade"},{"not_picked":["Quick Slash","Cloak And Dagger"],"picked":"Underhanded Strike"},{"not_picked":["PiercingWail","Dagger Spray"],"picked":"Distraction"},{"not_picked":["Heel Hook","Quick Slash"],"picked":"Backflip"},{"not_picked":["Deadly Poison","Skewer"],"picked":"Outmaneuver"},{"not_picked":["Skewer","Outmaneuver"],"picked":"Deadly Poison"},{"not_picked":["Crippling Poison","Calculated Gamble"],"picked":"Footwork"},{"not_picked":["Leg Sweep","Deflect"],"picked":"Tactician"},{"not_picked":["Deadly Poison","Quick Slash"],"picked":"Backflip"}],"player_experience":111505,"potions_floor_usage":[6,6,12,12,16,16,25,37,50,50,50],"damage_taken":[{"damage":0,"enemies":"Blue Slaver","floor":1,"turns":6},{"damage":0,"enemies":"2 Louse","floor":2,"turns":4},{"damage":1,"enemies":"Jaw Worm","floor":4,"turns":5},{"damage":0,"enemies":"2 Fungi Beasts","floor":5,"turns":4},{"damage":17,"enemies":"3 Sentries","floor":6,"turns":11},{"damage":0,"enemies":"3 Louse","floor":7,"turns":3},{"damage":2,"enemies":"Exordium Thugs","floor":10,"turns":4},{"damage":0,"enemies":"Large Slime","floor":11,"turns":6},{"damage":27,"enemies":"Gremlin Nob","floor":12,"turns":5},{"damage":0,"enemies":"3 Louse","floor":13,"turns":2},{"damage":21,"enemies":"Hexaghost","floor":16,"turns":15},{"damage":4,"enemies":"3 Byrds","floor":18,"turns":6},{"damage":0,"enemies":"2 Thieves","floor":20,"turns":4},{"damage":42,"enemies":"Slavers","floor":23,"turns":9},{"damage":20,"enemies":"Book of Stabbing","floor":25,"turns":6},{"damage":7,"enemies":"Centurion and Healer","floor":28,"turns":5},{"damage":13,"enemies":"Slavers","floor":31,"turns":4},{"damage":0,"enemies":"Collector","floor":33,"turns":15},{"damage":10,"enemies":"3 Darklings","floor":35,"turns":5},{"damage":23,"enemies":"Mysterious Sphere","floor":37,"turns":5},{"damage":6,"enemies":"Orb Walker","floor":38,"turns":4},{"damage":34,"enemies":"Giant Head","floor":41,"turns":11},{"damage":0,"enemies":"3 Darklings","floor":42,"turns":4},{"damage":28,"enemies":"Nemesis","floor":44,"turns":6},{"damage":23,"enemies":"4 Shapes","floor":45,"turns":5},{"damage":0,"enemies":"Maw","floor":46,"turns":7},{"damage":54,"enemies":"Donu and Deca","floor":50,"turns":10}],"event_choices":[{"event_name":"The Cleric","player_choice":"Card Removal","floor":8,"damage_taken":0},{"event_name":"Forgotten Altar","player_choice":"Shed Blood","floor":21,"damage_taken":0},{"event_name":"Beggar","player_choice":"Ignored","floor":22,"damage_taken":0},{"event_name":"Back to Basics","player_choice":"Elegance","floor":29,"damage_taken":0},{"event_name":"Addict","player_choice":"Obtained Relic","floor":30,"damage_taken":0},{"event_name":"Mysterious Sphere","player_choice":"Fight","floor":37,"damage_taken":0},{"event_name":"Tomb of Lord Red Mask","player_choice":"Paid","floor":39,"damage_taken":0},{"event_name":"Winding Halls","player_choice":"Embrace Madness","floor":47,"damage_taken":0}],"boss_relics":[{"not_picked":["White Beast Statue","Snecko Eye"],"picked":"Astrolabe"},{"not_picked":["Calling Bell","Tiny House"],"picked":"Black Star"}],"potions_floor_spawned":[1,4,6,7,12,13,20,31,35,42,46],"seed_played":"-3998541486378901676","is_trial":false}