{"gold_per_floor":[115,127,137,70,87,37,37,37,61,61,61,90,90,113,113,216,216,216,216,216,216,216,216,216,216,216,216,216,21,21,21,21,21,21,21,21,21,21,21,21,21,21,21,21,21,21,21,0,0,0],"floor_reached":51,"playtime":3434,"items_purged":["Strike_G"],"score":742,"play_id":"81a77f27-a522-465c-91f1-4d89e3d80a5e","local_time":"20190711101935","is_ascension_mode":false,"campfire_choices":[{"data":"Glass Knife","floor":8,"key":"SMITH"},{"data":"Neutralize","floor":11,"key":"SMITH"},{"data":"Well Laid Plans","floor":13,"key":"SMITH"},{"data":"Burst","floor":15,"key":"SMITH"},{"data":"Phantasmal Killer","floor":23,"key":"SMITH"},{"data":"Skewer","floor":25,"key":"SMITH"},{"data":"Malaise","floor":27,"key":"SMITH"},{"floor":32,"key":"REST"},{"data":"Footwork","floor":40,"key":"SMITH"},{"data":"Outmaneuver","floor":42,"key":"SMITH"},{"data":"Night Terror","floor":44,"key":"SMITH"},{"floor":46,"key":"REST"},{"floor":49,"key":"REST"}],"neow_cost":"NONE","seed_source_timestamp":32854959391036,"circlet_count":0,"master_deck":["Strike_G","Strike_G","Strike_G","Defend_G","Defend_G","Defend_G","Defend_G","Defend_G","Survivor","Neutralize+1","Dagger Throw","Backflip","Quick Slash","Glass Knife+1","Sucker Punch","Well Laid Plans+1","Burst+1","Malaise+1","Reflex+1","Phantasmal Killer+1","Necronomicurse","Skewer+1","Footwork+1","Outmaneuver+1","Terror+1","Night Terror+1","Tactician+1","Backstab+1","Underhanded Strike+1","Prepared+1"],"relics":["Ring of the Snake","Boot","Torii","Bag of Preparation","Pocketwatch","Odd Mushroom","Ectoplasm","Necronomicon","Molten Egg 2","Omamori","Bag of Marbles","Cursed Key","Letter Opener","Red Mask"],"potions_floor_usage":[16,16,19,33,38,50,50],"damage_taken":[{"damage":0,"enemies":"Cultist","floor":1,"turns":4},{"damage":0,"enemies":"Small Slimes","floor":2,"turns":3},{"damage":0,"enemies":"Jaw Worm","floor":3,"turns":4},{"damage":0,"enemies":"Looter","floor":5,"turns":3},{"damage":11,"enemies":"3 Sentries","floor":12,"turns":6},{"damage":2,"enemies":"The Mushroom Lair","floor":14,"turns":4},{"damage":5,"enemies":"Hexaghost","floor":16,"turns":12},{"damage":2,"enemies":"Shell Parasite","floor":18,"turns":4},{"damage":1,"enemies":"3 Byrds","floor":19,"turns":4},{"damage":0,"enemies":"Snecko","floor":20,"turns":5},{"damage":1,"enemies":"Centurion and Healer","floor":22,"turns":7},{"damage":7,"enemies":"3 Cultists","floor":24,"turns":6},{"damage":0,"enemies":"Snake Plant","floor":30,"turns":3},{"damage":14,"enemies":"Gremlin Leader","floor":31,"turns":7},{"damage":31,"enemies":"Automaton","floor":33,"turns":9},{"damage":6,"enemies":"Orb Walker","floor":35,"turns":4},{"damage":8,"enemies":"3 Darklings","floor":36,"turns":4},{"damage":18,"enemies":"4 Shapes","floor":38,"turns":9},{"damage":0,"enemies":"Spire Growth","floor":41,"turns":2},{"damage":13,"enemies":"Transient","floor":45,"turns":5},{"damage":1,"enemies":"3 Darklings","floor":47,"turns":4},{"damage":41,"enemies":"Time Eater","floor":50,"turns":7}],"seed_played":"-6084709011582320711","potions_obtained":[{"floor":2,"key":"EssenceOfSteel"},{"floor":5,"key":"PowerPotion"},{"floor":12,"key":"Strength Potion"},{"floor":16,"key":"Energy Potion"},{"floor":18,"key":"EssenceOfSteel"},{"floor":20,"key":"SkillPotion"},{"floor":22,"key":"Poison Potion"},{"floor":30,"key":"GamblersBrew"},{"floor":35,"key":"PowerPotion"},{"floor":36,"key":"Fruit Juice"}],"is_trial":false,"path_per_floor":["M","M","M","$","M","?","T","R","T","?","R","E","R","?","R","B",null,"M","M","M","?","M","R","M","R","T","R","T","$","M","E","R","B",null,"M","M","?","M","$","R","M","R","T","R","M","R","M","?","R","B",null],"character_chosen":"THE_SILENT","items_purchased":["Glass Knife","Footwork","Outmaneuver"],"campfire_rested":3,"item_purchase_floors":[4,29,29],"current_hp_per_floor":[70,70,70,70,70,70,70,70,70,75,75,64,64,62,62,57,75,73,72,72,56,55,55,48,48,48,48,48,48,48,34,56,25,75,69,61,61,48,48,48,48,48,48,48,35,59,58,58,80,39],"gold":0,"neow_bonus":"RANDOM_COMMON_RELIC","is_prod":false,"is_daily":false,"chose_seed":false,"campfire_upgraded":10,"win_rate":0,"timestamp":1562854775,"path_taken":["M","?","M","?","M","?","?","R","T","?","R","E","R","?","R","BOSS","M","M","M","?","M","R","M","R","T","R","?","$","M","E","R","BOSS","M","M","?","M","$","R","M","R","T","R","M","R","?","?","R","BOSS"],"build_version":"2019-07-05","purchased_purges":1,"victory":true,"max_hp_per_floor":[70,70,70,70,70,70,70,70,70,75,75,75,75,75,75,75,75,75,75,75,75,75,75,75,75,75,75,75,75,75,75,75,75,75,75,75,75,80,80,80,80,80,80,80,80,80,80,80,80,80],"card_choices":[{"not_picked":["Deflect","Poisoned Stab"],"picked":"Dagger Throw","floor":1},{"not_picked":["Deflect","PiercingWail"],"picked":"Backflip","floor":2},{"not_picked":["Underhanded Strike","Setup"],"picked":"Quick Slash","floor":3},{"not_picked":["Prepared","Endless Agony"],"picked":"Sucker Punch","floor":5},{"not_picked":["Leg Sweep","Escape Plan"],"picked":"Well Laid Plans","floor":12},{"not_picked":["Bane","Predator"],"picked":"Burst","floor":14},{"not_picked":["Wraith Form v2","Corpse Explosion"],"picked":"Malaise","floor":16},{"not_picked":["Dagger Spray","Dagger Throw"],"picked":"Reflex+1","floor":18},{"not_picked":["Deadly Poison","Acrobatics","Flying Knee"],"picked":"SKIP","floor":19},{"not_picked":["Expertise+1","Outmaneuver+1"],"picked":"Phantasmal Killer","floor":20},{"not_picked":["Slice","Concentrate"],"picked":"Skewer","floor":22},{"not_picked":["All Out Attack","Flying Knee","Cloak And Dagger"],"picked":"SKIP","floor":24},{"not_picked":["Dagger Throw+1","Choke+1"],"picked":"Terror+1","floor":30},{"not_picked":["Bane+1","Deflect","Blade Dance+1"],"picked":"SKIP","floor":31},{"not_picked":["Grand Finale+1","Glass Knife+1"],"picked":"Night Terror","floor":33},{"not_picked":["Caltrops+1","PiercingWail"],"picked":"Tactician+1","floor":35},{"not_picked":["Acrobatics","Crippling Poison","Dagger Spray+1"],"picked":"SKIP","floor":36},{"not_picked":["Deadly Poison","Setup"],"picked":"Backstab+1","floor":38},{"not_picked":["Prepared+1","Flying Knee+1"],"picked":"Underhanded Strike+1","floor":41},{"not_picked":["Underhanded Strike+1","Finisher+1"],"picked":"Prepared+1","floor":45},{"not_picked":["Concentrate","Poisoned Stab+1","Acrobatics+1"],"picked":"SKIP","floor":47}],"player_experience":3928905,"relics_obtained":[{"floor":7,"key":"Torii"},{"floor":9,"key":"Bag of Preparation"},{"floor":12,"key":"Pocketwatch"},{"floor":14,"key":"Odd Mushroom"},{"floor":21,"key":"Necronomicon"},{"floor":26,"key":"Molten Egg 2"},{"floor":28,"key":"Omamori"},{"floor":31,"key":"Bag of Marbles"},{"floor":43,"key":"Letter Opener"}],"event_choices":[{"cards_removed":["Strike_G"],"damage_healed":0,"gold_gain":0,"player_choice":"Card Removal","damage_taken":0,"max_hp_gain":0,"max_hp_loss":0,"event_name":"The Cleric","floor":6,"gold_loss":50},{"damage_healed":0,"gold_gain":0,"player_choice":"Donut","damage_taken":0,"max_hp_gain":5,"max_hp_loss":0,"event_name":"Big Fish","floor":10,"gold_loss":0},{"damage_healed":0,"gold_gain":0,"player_choice":"Fought Mushrooms","damage_taken":0,"max_hp_gain":0,"max_hp_loss":0,"event_name":"Mushrooms","floor":14,"gold_loss":0},{"damage_healed":0,"gold_gain":0,"player_choice":"Obtained Book","damage_taken":16,"max_hp_gain":0,"max_hp_loss":0,"event_name":"Cursed Tome","floor":21,"gold_loss":0},{"damage_healed":0,"gold_gain":0,"player_choice":"Ignored","damage_taken":0,"max_hp_gain":0,"max_hp_loss":0,"event_name":"SecretPortal","floor":37,"gold_loss":0},{"damage_healed":0,"gold_gain":0,"player_choice":"Paid","damage_taken":0,"relics_obtained":["Red Mask"],"max_hp_gain":0,"max_hp_loss":0,"event_name":"Tomb of Lord Red Mask","floor":48,"gold_loss":21}],"is_beta":false,"boss_relics":[{"not_picked":["Eternal Feather","Runic Dome"],"picked":"Ectoplasm"},{"not_picked":["Lizard Tail","Empty Cage"],"picked":"Cursed Key"}],"items_purged_floors":[29],"is_endless":false,"potions_floor_spawned":[2,5,12,16,18,20,22,30,35,36],"ascension_level":0}