{"gold_per_floor":[216,18,18,31,31,31,48,48,48,48,67,79,79,113,113,209,209,229,240,11,22,22,22,35,35,35,35,48,67,94,105,105,207,207,227,245,258,258,275,275,307,90,90,90,40,40,55,65,65,65],"floor_reached":51,"playtime":4363,"items_purged":["Strike_G","Strike_G"],"score":651,"play_id":"062d0ff7-02ef-4905-8127-588c5b638cc0","local_time":"20190627195605","is_ascension_mode":false,"campfire_choices":[{"data":"Neutralize","floor":6,"key":"SMITH"},{"data":"Underhanded Strike","floor":8,"key":"SMITH"},{"data":"Survivor","floor":10,"key":"SMITH"},{"data":"Footwork","floor":15,"key":"SMITH"},{"data":"Night Terror","floor":23,"key":"SMITH"},{"floor":25,"key":"REST"},{"floor":32,"key":"REST"},{"data":"Tactician","floor":40,"key":"SMITH"},{"data":"Venomology","floor":44,"key":"SMITH"},{"floor":49,"key":"REST"}],"neow_cost":"NONE","seed_source_timestamp":1276668167428579,"circlet_count":0,"master_deck":["Defend_G","Defend_G","Defend_G","Defend_G","Defend_G","Survivor+1","Neutralize+1","PiercingWail","Underhanded Strike+1","Quick Slash","Footwork+1","Night Terror+1","Cloak And Dagger+1","Deadly Poison+1","Footwork+1","Dodge and Roll","Venomology+1","Dodge and Roll+1","Blur","Leg Sweep+1","Bullet Time","Dash+1","Tactician+1","Bouncing Flask+1","Backflip"],"relics":["Ring of the Snake","TwistedFunnel","Smiling Mask","Vajra","Question Card","Bottled Tornado","Empty Cage","DollysMirror","Singing Bowl","Kunai","Runic Pyramid","Bag of Marbles","Art of War","Blue Candle"],"potions_floor_usage":[14,16,29,31,33,33,33,33,33,33,33,37,37,39,39,41,41,41,48,50,50,50,50,50,50,50],"damage_taken":[{"damage":0,"enemies":"Cultist","floor":1,"turns":4},{"damage":0,"enemies":"Small Slimes","floor":4,"turns":2},{"damage":0,"enemies":"Jaw Worm","floor":7,"turns":3},{"damage":0,"enemies":"Blue Slaver","floor":11,"turns":5},{"damage":0,"enemies":"Exordium Thugs","floor":12,"turns":4},{"damage":9,"enemies":"3 Sentries","floor":14,"turns":12},{"damage":13,"enemies":"Hexaghost","floor":16,"turns":15},{"damage":0,"enemies":"Chosen","floor":18,"turns":6},{"damage":0,"enemies":"3 Byrds","floor":19,"turns":8},{"damage":28,"enemies":"Cultist and Chosen","floor":21,"turns":10},{"damage":6,"enemies":"Snecko","floor":24,"turns":5},{"damage":3,"enemies":"Shelled Parasite and Fungi","floor":28,"turns":6},{"damage":13,"enemies":"Sentry and Sphere","floor":29,"turns":8},{"damage":9,"enemies":"Slavers","floor":30,"turns":9},{"damage":11,"enemies":"Snake Plant","floor":31,"turns":7},{"damage":26,"enemies":"Automaton","floor":33,"turns":21},{"damage":4,"enemies":"3 Darklings","floor":35,"turns":6},{"damage":4,"enemies":"Orb Walker","floor":36,"turns":5},{"damage":7,"enemies":"Jaw Worm Horde","floor":37,"turns":9},{"damage":6,"enemies":"Sphere and 2 Shapes","floor":39,"turns":8},{"damage":15,"enemies":"Giant Head","floor":41,"turns":10},{"damage":0,"enemies":"Transient","floor":47,"turns":5},{"damage":0,"enemies":"3 Darklings","floor":48,"turns":7},{"damage":2,"enemies":"Donu and Deca","floor":50,"turns":12}],"seed_played":"3797059376570380178","potions_obtained":[{"floor":1,"key":"Fire Potion"},{"floor":12,"key":"Block Potion"},{"floor":14,"key":"EssenceOfSteel"},{"floor":18,"key":"SteroidPotion"},{"floor":28,"key":"Ancient Potion"},{"floor":35,"key":"SpeedPotion"},{"floor":41,"key":"Poison Potion"},{"floor":47,"key":"Poison Potion"}],"is_trial":false,"path_per_floor":["M","$","?","M","$","R","M","R","T","R","M","M","?","E","R","B",null,"M","M","$","M","?","R","M","R","T","?","M","M","E","M","R","B",null,"M","M","M","?","M","R","E","$","T","R","$","?","M","M","R","B",null],"character_chosen":"THE_SILENT","items_purchased":["TwistedFunnel","DollysMirror","Dodge and Roll","Art of War","Backflip"],"campfire_rested":3,"item_purchase_floors":[2,20,20,42,42],"current_hp_per_floor":[70,70,52,52,52,52,52,52,52,52,52,52,52,43,43,30,70,70,70,70,42,42,42,36,57,57,57,56,43,34,23,44,18,72,68,66,59,59,68,68,55,55,55,55,55,55,57,59,80,78],"gold":65,"neow_bonus":"HUNDRED_GOLD","is_prod":false,"is_daily":false,"chose_seed":false,"campfire_upgraded":7,"win_rate":0,"timestamp":1561679765,"path_taken":["M","$","?","M","$","R","M","R","T","R","M","M","?","E","R","BOSS","M","M","$","M","?","R","M","R","T","?","M","M","E","?","R","BOSS","M","M","M","?","M","R","E","$","T","R","$","?","?","M","R","BOSS"],"build_version":"2019-01-23","purchased_purges":2,"victory":true,"max_hp_per_floor":[70,70,70,70,70,70,70,70,70,70,70,70,70,70,70,70,70,70,70,70,70,70,70,70,70,70,70,72,72,72,72,72,72,72,72,74,74,74,74,74,76,76,76,76,76,76,78,80,80,80],"card_choices":[{"not_picked":["Outmaneuver","Deflect","Acrobatics"],"picked":"SKIP","floor":1},{"not_picked":["All Out Attack","Outmaneuver"],"picked":"PiercingWail","floor":4},{"not_picked":["Reflex","Choke"],"picked":"Underhanded Strike","floor":7},{"not_picked":["Deadly Poison","PiercingWail"],"picked":"Quick Slash","floor":11},{"not_picked":["Sucker Punch","Prepared"],"picked":"Footwork","floor":12},{"not_picked":["Choke","Outmaneuver","Concentrate"],"picked":"Unload","floor":14},{"not_picked":["Phantasmal Killer","Tools of the Trade","Doppelganger"],"picked":"Night Terror","floor":16},{"not_picked":["Caltrops","Deadly Poison","Quick Slash"],"picked":"Cloak And Dagger+1","floor":18},{"not_picked":["Slice","Outmaneuver","Riddle With Holes+1"],"picked":"Deadly Poison+1","floor":19},{"not_picked":["Prepared","Deadly Poison","Underhanded Strike"],"picked":"Venomology","floor":21},{"not_picked":["Riddle With Holes","Quick Slash","Accuracy","Dagger Throw"],"picked":"SKIP","floor":24},{"not_picked":["Deflect","Flying Knee","Storm of Steel","Acrobatics"],"picked":"Singing Bowl","floor":28},{"not_picked":["Terror","Poisoned Stab","Deflect"],"picked":"Dodge and Roll+1","floor":29},{"not_picked":["Night Terror","Slice","Bouncing Flask"],"picked":"Blur","floor":30},{"not_picked":["Bane","Acrobatics","Bouncing Flask"],"picked":"Leg Sweep+1","floor":31},{"not_picked":["A Thousand Cuts","Unload","Grand Finale"],"picked":"Bullet Time","floor":33},{"not_picked":["Dagger Throw","Sucker Punch","All Out Attack"],"picked":"Dash+1","floor":35},{"not_picked":["Quick Slash+1","Outmaneuver","Acrobatics+1","Dagger Throw+1"],"picked":"Singing Bowl","floor":36},{"not_picked":["Well Laid Plans+1","Backflip","Bane"],"picked":"Tactician","floor":37},{"not_picked":["Riddle With Holes+1","Adrenaline","Blade Dance+1"],"picked":"Bouncing Flask+1","floor":39},{"not_picked":["Bane+1","Deflect","Prepared","Choke"],"picked":"Singing Bowl","floor":41},{"not_picked":["Die Die Die","Underhanded Strike","Bane","Dagger Spray"],"picked":"Singing Bowl","floor":47},{"not_picked":["Deadly Poison","Acrobatics+1","Slice+1","Deflect+1"],"picked":"Singing Bowl","floor":48}],"player_experience":3845880,"relics_obtained":[{"floor":9,"key":"Vajra"},{"floor":14,"key":"Bottled Tornado"},{"floor":26,"key":"Singing Bowl"},{"floor":30,"key":"Kunai"},{"floor":41,"key":"Bag of Marbles"},{"floor":43,"key":"Blue Candle"}],"event_choices":[{"damage_healed":0,"gold_gain":0,"player_choice":"Success","damage_taken":18,"relics_obtained":["Smiling Mask"],"max_hp_gain":0,"max_hp_loss":0,"event_name":"Scrap Ooze","floor":3,"gold_loss":0},{"damage_healed":0,"gold_gain":0,"player_choice":"Searched \u00272\u0027 times","damage_taken":0,"relics_obtained":["Question Card"],"max_hp_gain":0,"max_hp_loss":0,"event_name":"Dead Adventurer","floor":13,"gold_loss":0},{"damage_healed":0,"gold_gain":0,"player_choice":"Ignored","damage_taken":0,"max_hp_gain":0,"max_hp_loss":0,"event_name":"Vampires","floor":22,"gold_loss":0},{"cards_removed":["Strike_G"],"damage_healed":0,"gold_gain":0,"player_choice":"Purged","damage_taken":0,"max_hp_gain":0,"max_hp_loss":0,"event_name":"Purifier","floor":27,"gold_loss":0},{"damage_healed":0,"gold_gain":0,"player_choice":"Ignored","damage_taken":0,"max_hp_gain":0,"max_hp_loss":0,"event_name":"Tomb of Lord Red Mask","floor":38,"gold_loss":0},{"cards_removed":["Unload"],"damage_healed":0,"gold_gain":0,"player_choice":"Removed Attack","damage_taken":0,"max_hp_gain":0,"max_hp_loss":0,"event_name":"Falling","floor":46,"gold_loss":0}],"is_beta":false,"boss_relics":[{"not_picked":["Fusion Hammer","Calling Bell"],"picked":"Empty Cage"},{"not_picked":["WristBlade","Cursed Key"],"picked":"Runic Pyramid"}],"items_purged_floors":[42,45],"is_endless":false,"potions_floor_spawned":[1,12,14,18,28,29,30,35,41,47,48],"ascension_level":0}