{"gold_per_floor":[109,25,35,53,63,98,98,173,252,278,278,294,319,334,334,432,432,422,439,458,478,58,83,95,107,193,205,217],"floor_reached":28,"playtime":3056,"items_purged":[],"score":310,"play_id":"f538f81d-4870-4694-975d-b8944c7b0338","local_time":"20190720163346","is_ascension_mode":false,"campfire_choices":[{"floor":11,"key":"REST"},{"floor":15,"key":"REST"},{"data":"After Image","floor":27,"key":"SMITH"}],"neow_cost":"TEN_PERCENT_HP_LOSS","seed_source_timestamp":794275891351471,"circlet_count":0,"master_deck":["Strike_G","Strike_G","Strike_G","Strike_G","Strike_G","Defend_G","Defend_G","Defend_G","Defend_G","Defend_G","Survivor","Neutralize","After Image+1","Acrobatics","Dodge and Roll","Backflip","Dash","Infinite Blades","Deadly Poison","Deadly Poison","Blade Dance","Quick Slash","Adrenaline","Quick Slash","Flechettes","Reflex+1","Deadly Poison","Skewer","Noxious Fumes","Footwork+1","RitualDagger","Ghostly","Ghostly","Ghostly","Ghostly","Ghostly"],"relics":["Ring of the Snake","Incense Burner","Omamori","FossilizedHelix","Matryoshka","Pen Nib","Orichalcum","HoveringKite","Happy Flower","Bag of Preparation","MawBank","Boot","Pantograph"],"potions_floor_usage":[6,10,10,13,16,23,23,28,28],"damage_taken":[{"damage":0,"enemies":"Cultist","floor":1,"turns":4},{"damage":3,"enemies":"Small Slimes","floor":3,"turns":5},{"damage":2,"enemies":"Jaw Worm","floor":4,"turns":5},{"damage":3,"enemies":"Exordium Wildlife","floor":5,"turns":3},{"damage":25,"enemies":"Lagavulin","floor":6,"turns":12},{"damage":2,"enemies":"Gremlin Nob","floor":10,"turns":5},{"damage":3,"enemies":"Large Slime","floor":12,"turns":6},{"damage":9,"enemies":"3 Sentries","floor":13,"turns":10},{"damage":0,"enemies":"2 Fungi Beasts","floor":14,"turns":3},{"damage":15,"enemies":"Slime Boss","floor":16,"turns":10},{"damage":0,"enemies":"2 Thieves","floor":18,"turns":4},{"damage":10,"enemies":"Spheric Guardian","floor":19,"turns":6},{"damage":11,"enemies":"Centurion and Healer","floor":20,"turns":7},{"damage":16,"enemies":"Snecko","floor":21,"turns":6},{"damage":10,"enemies":"Book of Stabbing","floor":23,"turns":5},{"damage":44,"enemies":"Chosen and Byrds","floor":28,"turns":4}],"seed_played":"-2642475984947615918","potions_obtained":[{"floor":4,"key":"EssenceOfSteel"},{"floor":5,"key":"AttackPotion"},{"floor":6,"key":"Fire Potion"},{"floor":12,"key":"Regen Potion"},{"floor":13,"key":"SkillPotion"},{"floor":16,"key":"EssenceOfSteel"},{"floor":18,"key":"SteroidPotion"},{"floor":21,"key":"SpeedPotion"},{"floor":23,"key":"Regen Potion"}],"is_trial":false,"path_per_floor":["M","?","M","M","M","E","?","?","T","E","R","M","E","M","R","B",null,"M","M","M","M","$","E","?","?","T","R","M"],"character_chosen":"THE_SILENT","items_purchased":["Happy Flower","Bag of Preparation","Skewer","Noxious Fumes"],"campfire_rested":2,"item_purchase_floors":[22,22,22,22],"current_hp_per_floor":[63,63,60,58,55,30,18,7,7,5,23,20,26,26,44,29,63,63,53,42,26,26,16,10,10,10,10,0],"gold":217,"neow_bonus":"THREE_RARE_CARDS","is_prod":false,"is_daily":false,"chose_seed":false,"campfire_upgraded":1,"win_rate":0.0,"timestamp":1563658426,"path_taken":["M","?","M","?","?","E","?","?","T","E","R","?","E","M","R","BOSS","M","M","M","M","$","E","?","?","T","R","M"],"build_version":"2019-07-17","purchased_purges":0,"victory":false,"max_hp_per_floor":[63,63,63,63,63,63,63,63,63,63,63,63,63,63,63,63,63,63,63,63,63,63,63,63,31,31,31,31],"card_choices":[{"not_picked":["Wraith Form v2","Phantasmal Killer"],"picked":"After Image","floor":0},{"not_picked":["Prepared","Quick Slash"],"picked":"Acrobatics","floor":1},{"not_picked":["Acrobatics","Dash"],"picked":"Dodge and Roll","floor":3},{"not_picked":["Backstab","Tactician"],"picked":"Backflip","floor":4},{"not_picked":["Dagger Spray","Sucker Punch"],"picked":"Dash","floor":5},{"not_picked":["Underhanded Strike","Finisher"],"picked":"Infinite Blades","floor":6},{"not_picked":["Predator","Dagger Throw"],"picked":"Deadly Poison","floor":10},{"not_picked":["Deflect","Dagger Spray"],"picked":"Deadly Poison","floor":12},{"not_picked":["Quick Slash","Prepared"],"picked":"Blade Dance","floor":13},{"not_picked":["Predator","Underhanded Strike"],"picked":"Quick Slash","floor":14},{"not_picked":["Wraith Form v2","Glass Knife"],"picked":"Adrenaline","floor":16},{"not_picked":["Dagger Spray","Flying Knee"],"picked":"Quick Slash","floor":18},{"not_picked":["Die Die Die","Flying Knee"],"picked":"Flechettes","floor":19},{"not_picked":["Sucker Punch+1","Predator+1"],"picked":"Reflex+1","floor":20},{"not_picked":["Endless Agony","Underhanded Strike+1"],"picked":"Deadly Poison","floor":21},{"not_picked":["Skewer","Blur"],"picked":"Footwork+1","floor":23}],"player_experience":30233,"relics_obtained":[{"floor":6,"key":"Omamori"},{"floor":9,"key":"Matryoshka"},{"floor":10,"key":"Pen Nib"},{"floor":13,"key":"Orichalcum"},{"floor":23,"key":"MawBank"},{"floor":26,"key":"Boot"},{"floor":26,"key":"Pantograph"}],"event_choices":[{"damage_healed":0,"gold_gain":0,"player_choice":"Paid Gold","damage_taken":0,"relics_obtained":["Incense Burner"],"max_hp_gain":0,"max_hp_loss":0,"event_name":"WeMeetAgain","floor":2,"gold_loss":84},{"damage_healed":0,"gold_gain":0,"player_choice":"Success","damage_taken":12,"relics_obtained":["FossilizedHelix"],"max_hp_gain":0,"max_hp_loss":0,"event_name":"Scrap Ooze","floor":7,"gold_loss":0},{"damage_healed":0,"gold_gain":75,"player_choice":"Gather Gold","damage_taken":11,"max_hp_gain":0,"max_hp_loss":0,"event_name":"World of Goop","floor":8,"gold_loss":0},{"damage_healed":0,"gold_gain":0,"player_choice":"Joined the Cult","damage_taken":6,"max_hp_gain":0,"max_hp_loss":0,"event_name":"Nest","floor":24,"gold_loss":0,"cards_obtained":["RitualDagger"]},{"damage_healed":0,"gold_gain":0,"player_choice":"Became a Ghost","damage_taken":0,"max_hp_gain":0,"max_hp_loss":32,"event_name":"Ghosts","floor":25,"gold_loss":0,"cards_obtained":["Ghostly","Ghostly","Ghostly","Ghostly","Ghostly"]}],"is_beta":false,"boss_relics":[{"not_picked":["Black Star","Ectoplasm"],"picked":"HoveringKite"}],"items_purged_floors":[],"is_endless":false,"potions_floor_spawned":[4,5,6,12,13,16,18,21,23],"killed_by":"Chosen and Byrds","ascension_level":0}