{"gold_per_floor":[118,131,281,24,24,56,56,84,84,104,104,131,131,166,166,239,239,259,63,78,110,110,110,121,121,121,121,141,176,176,276,276,276],"floor_reached":33,"playtime":1878,"items_purged":["Doubt","Strike_R"],"score":678,"play_id":"cbe5ac1e-dd3c-48d2-81cc-59c5bb8efb28","local_time":"20190424115343","is_ascension_mode":true,"campfire_choices":[{"data":"Inflame","floor":7,"key":"SMITH"},{"data":"Spot Weakness","floor":11,"key":"SMITH"},{"data":"Heavy Blade","floor":15,"key":"SMITH"},{"data":"Flame Barrier","floor":23,"key":"SMITH"},{"data":"Shrug It Off","floor":25,"key":"SMITH"},{"floor":27,"key":"REST"},{"data":"Dual Wield","floor":30,"key":"SMITH"},{"floor":32,"key":"REST"}],"neow_cost":"NONE","seed_source_timestamp":1268184068088847,"circlet_count":0,"master_deck":["AscendersBane","Strike_R+1","Strike_R+1","Strike_R+1","Strike_R+1","Defend_R+1","Defend_R+1","Defend_R+1","Defend_R+1","Bash","Cleave","Fiend Fire","Inflame+1","Dual Wield+1","Spot Weakness+1","Shrug It Off+1","Offering","Heavy Blade+1","Exhume","Headbutt","Sword Boomerang","Burning Pact","Flame Barrier+1","True Grit+1","Uppercut+1"],"relics":["Burning Blood","Vajra","Shuriken","Oddly Smooth Stone","Bronze Scales","PreservedInsect","Strawberry","Cursed Key","Red Mask","Frozen Egg 2","Magic Flower","Paper Frog"],"potions_floor_usage":[6,6,10,16,33],"damage_taken":[{"damage":16,"enemies":"Jaw Worm","floor":1,"turns":6},{"damage":0,"enemies":"Small Slimes","floor":2,"turns":2},{"damage":0,"enemies":"Gremlin Nob","floor":6,"turns":3},{"damage":30,"enemies":"3 Sentries","floor":8,"turns":6},{"damage":8,"enemies":"2 Louse","floor":10,"turns":2},{"damage":8,"enemies":"Gremlin Nob","floor":12,"turns":3},{"damage":14,"enemies":"3 Sentries","floor":14,"turns":4},{"damage":12,"enemies":"Hexaghost","floor":16,"turns":7},{"damage":27,"enemies":"Shell Parasite","floor":18,"turns":2},{"damage":6,"enemies":"3 Byrds","floor":20,"turns":3},{"damage":10,"enemies":"Masked Bandits","floor":21,"turns":3},{"damage":7,"enemies":"Shelled Parasite and Fungi","floor":24,"turns":3},{"damage":6,"enemies":"Centurion and Healer","floor":28,"turns":4},{"damage":9,"enemies":"Gremlin Leader","floor":29,"turns":3},{"damage":30,"enemies":"Colosseum Slavers","floor":31,"turns":4},{"damage":11,"enemies":"Colosseum Nobs","floor":31,"turns":2},{"damage":63,"enemies":"Champ","floor":33,"turns":7}],"seed_played":"2954430928217255351","potions_obtained":[{"floor":2,"key":"AttackPotion"},{"floor":8,"key":"Poison Potion"},{"floor":14,"key":"SkillPotion"},{"floor":29,"key":"PowerPotion"}],"is_trial":false,"path_per_floor":["M","M","?","$","?","E","R","E","T","M","R","E","?","E","R","B",null,"M","$","M","?","?","R","M","R","T","R","M","E","R","?","R","B"],"character_chosen":"IRONCLAD","items_purchased":["Inflame","Block Potion","Dual Wield","Sword Boomerang","Burning Pact"],"campfire_rested":2,"item_purchase_floors":[4,4,4,19,19],"current_hp_per_floor":[58,64,64,64,64,70,70,46,46,44,44,42,42,41,41,35,70,49,49,49,45,45,45,44,44,44,68,68,65,65,36,60,0],"gold":276,"neow_bonus":"RANDOM_COMMON_RELIC","is_prod":false,"is_daily":false,"chose_seed":false,"campfire_upgraded":6,"win_rate":0,"timestamp":1556121223,"path_taken":["M","M","?","$","?","E","R","E","T","M","R","E","?","E","R","BOSS","M","$","M","?","?","R","M","R","T","R","M","E","R","?","R","BOSS"],"build_version":"2019-01-23","purchased_purges":2,"victory":false,"max_hp_per_floor":[75,75,75,75,75,75,75,75,75,75,75,75,75,82,82,82,82,82,82,82,82,82,82,82,82,82,82,82,82,82,82,82,82],"card_choices":[{"not_picked":["True Grit","Body Slam"],"picked":"Cleave","floor":1},{"not_picked":["True Grit","Cleave"],"picked":"Fiend Fire","floor":2},{"not_picked":["True Grit","Thunderclap","Pommel Strike"],"picked":"SKIP","floor":6},{"not_picked":["Headbutt","Battle Trance"],"picked":"Spot Weakness","floor":8},{"not_picked":["Evolve","Burning Pact"],"picked":"Shrug It Off","floor":10},{"not_picked":["Inflame","Headbutt"],"picked":"Offering","floor":12},{"not_picked":["Warcry","Clash"],"picked":"Heavy Blade","floor":14},{"not_picked":["Brutality","Bludgeon"],"picked":"Exhume","floor":16},{"not_picked":["Rupture","Shrug It Off"],"picked":"Headbutt","floor":18},{"not_picked":["True Grit","Thunderclap","Clash"],"picked":"SKIP","floor":20},{"not_picked":["Evolve","Perfected Strike"],"picked":"Flame Barrier","floor":21},{"not_picked":["Armaments","Metallicize"],"picked":"True Grit+1","floor":24},{"not_picked":["Heavy Blade","Armaments"],"picked":"Uppercut+1","floor":28},{"not_picked":["Perfected Strike","Pommel Strike","Juggernaut"],"picked":"SKIP","floor":29}],"player_experience":3489601,"relics_obtained":[{"floor":6,"key":"Shuriken"},{"floor":8,"key":"Oddly Smooth Stone"},{"floor":9,"key":"Bronze Scales"},{"floor":12,"key":"PreservedInsect"},{"floor":14,"key":"Strawberry"},{"floor":21,"key":"Red Mask"},{"floor":29,"key":"Frozen Egg 2"},{"floor":31,"key":"Magic Flower"},{"floor":31,"key":"Paper Frog"}],"event_choices":[{"damage_healed":0,"gold_gain":150,"player_choice":"AGREE","damage_taken":0,"max_hp_gain":0,"max_hp_loss":0,"event_name":"Liars Game","floor":3,"gold_loss":0,"cards_obtained":["Doubt"]},{"damage_healed":0,"gold_gain":0,"player_choice":"Leave","damage_taken":0,"max_hp_gain":0,"max_hp_loss":0,"event_name":"The Cleric","floor":5,"gold_loss":0},{"damage_healed":0,"gold_gain":0,"player_choice":"Ignored","damage_taken":0,"max_hp_gain":0,"max_hp_loss":0,"event_name":"Shining Light","floor":13,"gold_loss":0},{"damage_healed":0,"gold_gain":0,"player_choice":"Fought Bandits","damage_taken":0,"max_hp_gain":0,"max_hp_loss":0,"event_name":"Masked Bandits","floor":21,"gold_loss":0},{"damage_healed":0,"gold_gain":0,"player_choice":"Simplicity","damage_taken":0,"max_hp_gain":0,"max_hp_loss":0,"event_name":"Back to Basics","floor":22,"gold_loss":0,"cards_upgraded":["Strike_R","Strike_R","Strike_R","Strike_R","Defend_R","Defend_R","Defend_R","Defend_R"]},{"damage_healed":0,"gold_gain":0,"player_choice":"Fight","damage_taken":0,"max_hp_gain":0,"max_hp_loss":0,"event_name":"Colosseum","floor":31,"gold_loss":0},{"damage_healed":0,"gold_gain":0,"player_choice":"Fought Nobs","damage_taken":0,"max_hp_gain":0,"max_hp_loss":0,"event_name":"Colosseum","floor":31,"gold_loss":0}],"is_beta":false,"boss_relics":[{"not_picked":["Eternal Feather","Black Star"],"picked":"Cursed Key"}],"items_purged_floors":[4,19],"is_endless":false,"potions_floor_spawned":[2,8,14,29,31],"killed_by":"Champ","ascension_level":20}