{"gold_per_floor":[118,118,33,47,47,47,63,98,98,98,8,35,35,66,66,66],"floor_reached":16,"playtime":503,"items_purged":[],"score":232,"play_id":"8bbcbf14-1e09-4467-8881-84e1ef626d40","local_time":"20190509085535","is_ascension_mode":true,"campfire_choices":[{"data":"Static Discharge","floor":6,"key":"SMITH"},{"floor":10,"key":"REST"},{"floor":15,"key":"REST"}],"neow_cost":"NONE","seed_source_timestamp":2554873173231865,"circlet_count":0,"master_deck":["AscendersBane","Strike_B","Strike_B","Strike_B","Strike_B","Defend_B","Defend_B","Defend_B","Defend_B","Zap","Dualcast","Static Discharge+1","Conserve Battery","Glacier","Loop","Self Repair","Sweeping Beam","Parasite","Hyperbeam"],"relics":["Cracked Core","Ornamental Fan","Bottled Tornado","Mercury Hourglass","Question Card","Omamori"],"potions_floor_usage":[16],"damage_taken":[{"damage":6,"enemies":"2 Louse","floor":1,"turns":2},{"damage":4,"enemies":"Jaw Worm","floor":4,"turns":3},{"damage":1,"enemies":"Cultist","floor":7,"turns":4},{"damage":49,"enemies":"Gremlin Nob","floor":8,"turns":5},{"damage":18,"enemies":"3 Sentries","floor":12,"turns":4},{"damage":47,"enemies":"Gremlin Nob","floor":14,"turns":5},{"damage":39,"enemies":"Slime Boss","floor":16,"turns":6}],"seed_played":"-7215330124601027806","potions_obtained":[{"floor":8,"key":"SmokeBomb"},{"floor":14,"key":"FearPotion"}],"is_trial":false,"path_per_floor":["M","?","$","M","?","R","M","E","T","R","$","E","?","E","R","B"],"character_chosen":"DEFECT","items_purchased":["Static Discharge","Self Repair"],"campfire_rested":2,"item_purchase_floors":[3,11],"current_hp_per_floor":[65,70,70,66,66,66,65,16,16,40,40,29,49,9,33,0],"gold":66,"neow_bonus":"TEN_PERCENT_HP_BONUS","is_prod":false,"is_daily":false,"chose_seed":false,"campfire_upgraded":1,"win_rate":0,"timestamp":1557406535,"path_taken":["M","?","$","M","?","R","?","E","T","R","?","E","?","E","R","BOSS"],"build_version":"2019-01-23","purchased_purges":0,"victory":false,"max_hp_per_floor":[78,83,83,83,83,83,83,83,83,83,83,83,83,83,83,83],"card_choices":[{"not_picked":["Barrage","Hologram"],"picked":"Cold Snap","floor":1},{"not_picked":["Streamline","Static Discharge"],"picked":"Conserve Battery","floor":4},{"not_picked":["Cold Snap","Sunder"],"picked":"Glacier","floor":7},{"not_picked":["Tempest","Rebound"],"picked":"Loop","floor":8},{"not_picked":["Self Repair","Fusion"],"picked":"Sweeping Beam","floor":12},{"not_picked":["Stack","Leap","Coolheaded"],"picked":"Hyperbeam","floor":14}],"player_experience":3637749,"relics_obtained":[{"floor":8,"key":"Bottled Tornado"},{"floor":9,"key":"Mercury Hourglass"},{"floor":12,"key":"Question Card"},{"floor":14,"key":"Omamori"}],"event_choices":[{"damage_healed":0,"gold_gain":0,"player_choice":"Donut","damage_taken":0,"max_hp_gain":5,"max_hp_loss":0,"event_name":"Big Fish","floor":2,"gold_loss":0},{"cards_removed":["Cold Snap"],"damage_healed":0,"gold_gain":0,"player_choice":"Gave Card","damage_taken":0,"relics_obtained":["Ornamental Fan"],"max_hp_gain":0,"max_hp_loss":0,"event_name":"WeMeetAgain","floor":5,"gold_loss":0},{"damage_healed":20,"gold_gain":0,"player_choice":"Healed and dodged fight","damage_taken":0,"max_hp_gain":0,"max_hp_loss":0,"event_name":"Mushrooms","floor":13,"gold_loss":0,"cards_obtained":["Parasite"]}],"is_beta":false,"boss_relics":[],"items_purged_floors":[],"is_endless":false,"potions_floor_spawned":[8,14],"killed_by":"Slime Boss","ascension_level":20}