{"gold_per_floor":[209,284,294,294,306,333,347,347,426,426,456,40,56,73,73,169,169,179,197,197,217,217,217,232,247,247,3,3,18,45,0,0,0],"floor_reached":33,"playtime":1406,"items_purged":["Strike_R","Strike_R"],"score":380,"play_id":"c01b7ef7-f120-43bf-a359-f3b92ab98335","local_time":"20181201162732","is_ascension_mode":true,"campfire_choices":[{"floor":8,"key":"REST"},{"floor":10,"key":"REST"},{"data":"Entrench","floor":15,"key":"SMITH"},{"floor":23,"key":"REST"},{"floor":32,"key":"REST"}],"neow_cost":"NONE","seed_source_timestamp":1532967509247569,"circlet_count":0,"master_deck":["Strike_R","Strike_R","Strike_R","Defend_R+1","Defend_R+1","Defend_R","Defend_R","Bash","Rampage","Entrench+1","Body Slam","Rampage","Whirlwind","Immolate","Shockwave","Spot Weakness","Metallicize","True Grit+1","Shrug It Off+1","Limit Break","Heavy Blade+1"],"relics":["Burning Blood","Unceasing Top","War Paint","Paper Frog","Bag of Marbles","Singing Bowl","Fusion Hammer","Bottled Lightning","Darkstone Periapt"],"potions_floor_usage":[6,6,11,13,21],"damage_taken":[{"damage":3,"enemies":"Small Slimes","floor":1,"turns":4},{"damage":7,"enemies":"2 Louse","floor":3,"turns":3},{"damage":9,"enemies":"Jaw Worm","floor":5,"turns":4},{"damage":53,"enemies":"Lagavulin","floor":6,"turns":7},{"damage":9,"enemies":"Looter","floor":7,"turns":3},{"damage":16,"enemies":"Gremlin Nob","floor":11,"turns":3},{"damage":5,"enemies":"Lots of Slimes","floor":13,"turns":2},{"damage":0,"enemies":"Large Slime","floor":14,"turns":4},{"damage":44,"enemies":"The Guardian","floor":16,"turns":10},{"damage":23,"enemies":"Shell Parasite","floor":18,"turns":4},{"damage":0,"enemies":"Chosen","floor":19,"turns":4},{"damage":19,"enemies":"Shelled Parasite and Fungi","floor":21,"turns":5},{"damage":20,"enemies":"Colosseum Slavers","floor":22,"turns":3},{"damage":28,"enemies":"Snake Plant","floor":24,"turns":3},{"damage":0,"enemies":"3 Cultists","floor":25,"turns":3},{"damage":39,"enemies":"Snecko","floor":29,"turns":7},{"damage":0,"enemies":"Gremlin Leader","floor":30,"turns":5},{"damage":59,"enemies":"Champ","floor":33,"turns":10}],"seed_played":"3529231840901022691","potions_obtained":[{"floor":3,"key":"Poison Potion"},{"floor":5,"key":"PowerPotion"},{"floor":7,"key":"SteroidPotion"},{"floor":19,"key":"AttackPotion"}],"is_trial":false,"path_per_floor":["M","?","M","?","M","E","M","R","T","R","E","$","M","M","R","B",null,"M","M","?","M","?","R","M","M","T","$","?","M","E","?","R","B"],"character_chosen":"IRONCLAD","items_purchased":["Singing Bowl","Shockwave","PowerPotion","Limit Break"],"campfire_rested":4,"item_purchase_floors":[12,12,12,27],"current_hp_per_floor":[80,69,68,61,58,11,8,32,32,56,46,46,49,55,55,19,68,51,57,57,46,32,57,35,43,43,43,43,10,18,18,45,0],"gold":0,"neow_bonus":"HUNDRED_GOLD","is_prod":false,"is_daily":false,"chose_seed":false,"campfire_upgraded":1,"win_rate":0,"timestamp":1543699652,"path_taken":["M","?","M","?","M","E","M","R","T","R","E","$","M","M","R","BOSS","M","M","?","M","?","R","M","?","T","$","?","?","E","?","R","BOSS"],"build_version":"2018-11-15","purchased_purges":2,"victory":false,"max_hp_per_floor":[80,80,80,80,80,80,80,80,80,80,80,80,82,82,82,84,84,84,84,84,86,86,86,86,88,88,88,88,88,90,90,90,90],"card_choices":[{"not_picked":["Havoc","Flex"],"picked":"Rampage","floor":1},{"not_picked":["Pommel Strike","Uppercut"],"picked":"Entrench","floor":3},{"not_picked":["Twin Strike","Combust"],"picked":"Body Slam","floor":5},{"not_picked":["Wild Strike","Rage"],"picked":"Rampage","floor":6},{"not_picked":["Headbutt","Wild Strike"],"picked":"Whirlwind","floor":7},{"not_picked":["Clothesline","Perfected Strike"],"picked":"Immolate","floor":11},{"not_picked":["Body Slam","Warcry","Shockwave"],"picked":"Singing Bowl","floor":13},{"not_picked":["Blood for Blood","Perfected Strike"],"picked":"Spot Weakness","floor":14},{"not_picked":["Offering","Brutality","Immolate"],"picked":"Singing Bowl","floor":16},{"not_picked":["Clothesline","Sword Boomerang"],"picked":"Metallicize","floor":18},{"not_picked":["Body Slam","Clothesline"],"picked":"True Grit","floor":19},{"not_picked":["Pummel","Iron Wave","Warcry+1"],"picked":"Singing Bowl","floor":21},{"not_picked":["Battle Trance","Burning Pact"],"picked":"Shrug It Off+1","floor":24},{"not_picked":["Cleave","Sentinel","Shockwave"],"picked":"Singing Bowl","floor":25},{"not_picked":["Twin Strike","Searing Blow"],"picked":"Heavy Blade+1","floor":29},{"not_picked":["Wild Strike","Body Slam","Metallicize"],"picked":"Singing Bowl","floor":30}],"player_experience":2604484,"relics_obtained":[{"floor":6,"key":"War Paint"},{"floor":9,"key":"Paper Frog"},{"floor":11,"key":"Bag of Marbles"},{"floor":26,"key":"Bottled Lightning"},{"floor":30,"key":"Darkstone Periapt"}],"event_choices":[{"damage_healed":0,"gold_gain":75,"player_choice":"Gather Gold","damage_taken":11,"max_hp_gain":0,"max_hp_loss":0,"event_name":"World of Goop","floor":2,"gold_loss":0},{"damage_healed":0,"gold_gain":0,"player_choice":"Success","damage_taken":7,"relics_obtained":["Unceasing Top"],"max_hp_gain":0,"max_hp_loss":0,"event_name":"Scrap Ooze","floor":4,"gold_loss":0},{"damage_healed":0,"gold_gain":0,"player_choice":"Ignored","damage_taken":0,"max_hp_gain":0,"max_hp_loss":0,"event_name":"Ghosts","floor":20,"gold_loss":0},{"damage_healed":0,"gold_gain":0,"player_choice":"Fight","damage_taken":0,"max_hp_gain":0,"max_hp_loss":0,"event_name":"Colosseum","floor":22,"gold_loss":0},{"damage_healed":0,"gold_gain":0,"player_choice":"Fled From Nobs","damage_taken":0,"max_hp_gain":0,"max_hp_loss":0,"event_name":"Colosseum","floor":22,"gold_loss":0},{"damage_healed":0,"gold_gain":0,"player_choice":"Upgraded","damage_taken":0,"max_hp_gain":0,"max_hp_loss":0,"event_name":"Upgrade Shrine","floor":28,"gold_loss":0,"cards_upgraded":["True Grit"]},{"damage_healed":0,"gold_gain":0,"player_choice":"Paid Fearfully","damage_taken":0,"max_hp_gain":0,"max_hp_loss":0,"event_name":"Masked Bandits","floor":31,"gold_loss":45}],"is_beta":false,"boss_relics":[{"not_picked":["White Beast Statue","Pandora\u0027s Box"],"picked":"Fusion Hammer"}],"items_purged_floors":[12,27],"is_endless":false,"potions_floor_spawned":[3,5,7,19,22],"killed_by":"Champ","ascension_level":5}