{"gold_per_floor":[110,51,51,51,51,83,83,8,32,32,52,83,100,13,13,84,114,134,148,148],"floor_reached":20,"playtime":833,"items_purged":["Regret"],"score":400,"play_id":"48e3773c-6c5b-4b2b-835b-92887cdd79c9","local_time":"20190702190018","is_ascension_mode":true,"campfire_choices":[{"data":"Neutralize","floor":7,"key":"SMITH"},{"floor":15,"key":"REST"}],"neow_cost":"NONE","seed_source_timestamp":0,"circlet_count":0,"master_deck":["AscendersBane","Strike_G","Strike_G","Strike_G","Strike_G","Strike_G","Defend_G","Defend_G","Defend_G","Defend_G","Defend_G","Survivor","Neutralize+1","Noxious Fumes","Dagger Spray","Accuracy","Acrobatics","After Image","Blade Dance","Accuracy","Envenom","Clumsy","Pain","Doubt","Deflect","Deflect"],"special_seed":0,"relics":["Ring of the Snake","NeowsBlessing","Oddly Smooth Stone","StoneCalendar","Orichalcum","Gremlin Horn","Lantern","Calling Bell","Tiny Chest","Letter Opener","FossilizedHelix"],"potions_floor_usage":[12,16,18,19],"damage_taken":[{"damage":0.0,"enemies":"Small Slimes","floor":1.0,"turns":1.0},{"damage":0,"enemies":"Gremlin Nob","floor":6,"turns":1},{"damage":0,"enemies":"2 Louse","floor":11,"turns":2},{"damage":25,"enemies":"Lagavulin","floor":12,"turns":7},{"damage":6,"enemies":"Jaw Worm","floor":13,"turns":5},{"damage":31,"enemies":"The Guardian","floor":16,"turns":11},{"damage":20,"enemies":"Shell Parasite","floor":18,"turns":7},{"damage":14,"enemies":"Chosen","floor":19,"turns":7},{"damage":21,"enemies":"Masked Bandits","floor":20,"turns":2}],"seed_played":"5082245174289596579","potions_obtained":[{"floor":1.0,"key":"SteroidPotion"},{"floor":12,"key":"PowerPotion"},{"floor":16,"key":"AttackPotion"},{"floor":18,"key":"GamblersBrew"}],"is_trial":false,"path_per_floor":["M","$","?","?","?","E","R","$","T","T","M","E","M","$","R","B",null,"M","M","?"],"character_chosen":"THE_SILENT","items_purchased":["Dagger Spray","Blade Dance","Accuracy"],"campfire_rested":1,"item_purchase_floors":[2,14,14],"current_hp_per_floor":[59,59,59,59,59,59,59,59,59,59,59,34,28,28,47,16,54,34,20,0],"gold":148,"neow_bonus":"THREE_ENEMY_KILL","is_prod":false,"is_daily":false,"chose_seed":false,"campfire_upgraded":1,"win_rate":0,"timestamp":1562115618,"path_taken":["M","$","?","?","?","E","R","$","T","?","M","E","?","?","R","BOSS","M","M","?"],"build_version":"2019-06-30","purchased_purges":1,"victory":false,"max_hp_per_floor":[66,66,66,66,66,66,66,66,66,66,66,66,66,66,66,66,66,66,66,66],"card_choices":[{"not_picked":["Prepared","Flying Knee"],"picked":"Noxious Fumes","floor":1.0},{"not_picked":["Skewer","Dagger Spray"],"picked":"Accuracy","floor":6},{"not_picked":["Bouncing Flask","Skewer"],"picked":"Acrobatics","floor":11},{"not_picked":["Dodge and Roll","Outmaneuver"],"picked":"After Image","floor":12},{"not_picked":["Outmaneuver","Dagger Spray","All Out Attack"],"picked":"SKIP","floor":13},{"not_picked":["Venomology","Grand Finale"],"picked":"Envenom","floor":16},{"not_picked":["Slice","Underhanded Strike"],"picked":"Deflect","floor":18},{"not_picked":["Endless Agony","Riddle With Holes"],"picked":"Deflect","floor":19}],"player_experience":1124361,"relics_obtained":[{"floor":6,"key":"StoneCalendar"},{"floor":9,"key":"Orichalcum"},{"floor":10,"key":"Gremlin Horn"},{"floor":12,"key":"Lantern"},{"floor":17,"key":"Tiny Chest"},{"floor":17,"key":"Letter Opener"},{"floor":17,"key":"FossilizedHelix"}],"event_choices":[{"damage_healed":0.0,"max_hp_gain":0.0,"max_hp_loss":0.0,"gold_gain":0.0,"event_name":"Big Fish","player_choice":"Box","floor":3.0,"gold_loss":0.0,"damage_taken":0.0,"relics_obtained":["Oddly Smooth Stone"],"cards_obtained":["Regret"]},{"damage_healed":0.0,"max_hp_gain":0.0,"max_hp_loss":0.0,"gold_gain":0.0,"event_name":"The Cleric","player_choice":"Leave","floor":4.0,"gold_loss":0.0,"damage_taken":0.0},{"damage_healed":0,"gold_gain":0,"player_choice":"Ignored","damage_taken":0,"max_hp_gain":0,"max_hp_loss":0,"event_name":"Shining Light","floor":5,"gold_loss":0},{"damage_healed":0,"gold_gain":0,"player_choice":"Fought Bandits","damage_taken":0,"max_hp_gain":0,"max_hp_loss":0,"event_name":"Masked Bandits","floor":20,"gold_loss":0}],"is_beta":true,"boss_relics":[{"not_picked":["Runic Dome","Fusion Hammer"],"picked":"Calling Bell"}],"items_purged_floors":[8],"is_endless":false,"potions_floor_spawned":[1,12,16,18],"killed_by":"Masked Bandits","ascension_level":19}