{"gold_per_floor":[117,127,127,127,63,63,92,105,160,177,211,211,231,266,266,342,342,353,94,111,111,111,144,144,157,157,177,197,147,164,182,182,256,256,275,290,309,13,13,13,42,42,69,69,69,84,84,102,102,102],"floor_reached":50,"playtime":3636,"items_purged":["Strike_R"],"score":1203,"play_id":"3c08a105-6ce2-4b94-b361-0a82d5556643","local_time":"20190508230311","is_ascension_mode":true,"campfire_choices":[{"data":"Bash","floor":6,"key":"SMITH"},{"data":"Heavy Blade","floor":15,"key":"SMITH"},{"data":"J.A.X.","floor":24,"key":"SMITH"},{"floor":32,"key":"REST"},{"floor":40,"key":"REST"},{"floor":42,"key":"REST"},{"floor":45,"key":"REST"},{"data":"Shockwave","floor":47,"key":"SMITH"},{"floor":49,"key":"REST"}],"neow_cost":"NONE","seed_source_timestamp":2516195051307731,"circlet_count":0,"master_deck":["AscendersBane","Bash+1","Inflame","Anger","Feed","Shrug It Off","Heavy Blade+1","Battle Trance+1","Shockwave+1","Metallicize","Feed","Headbutt+1","Disarm","Purity","J.A.X.+1","Burning Pact","Ghostly Armor","Disarm+1","Juggernaut","True Grit","Perfected Strike","Demon Form","Pommel Strike","Fiend Fire","Rupture","Berserk","Infernal Blade","Armaments+1","Clothesline+1","Rampage","Purity","Blind","Anger+1","Evolve+1","Impervious"],"relics":["Burning Blood","Strawberry","Orichalcum","Art of War","Dream Catcher","PreservedInsect","Champion Belt","Sozu","Bronze Scales","Centennial Puzzle","War Paint","Pandora\u0027s Box","Frozen Eye","Happy Flower","Boot"],"potions_floor_usage":[7,11,14,16,18],"damage_taken":[{"damage":3,"enemies":"2 Louse","floor":1,"turns":4},{"damage":1,"enemies":"Small Slimes","floor":2,"turns":4},{"damage":24,"enemies":"Lagavulin","floor":7,"turns":6},{"damage":2,"enemies":"Cultist","floor":8,"turns":4},{"damage":14,"enemies":"3 Louse","floor":10,"turns":5},{"damage":13,"enemies":"3 Sentries","floor":11,"turns":6},{"damage":11,"enemies":"Blue Slaver","floor":13,"turns":4},{"damage":0,"enemies":"Lagavulin","floor":14,"turns":3},{"damage":20,"enemies":"Slime Boss","floor":16,"turns":11},{"damage":4,"enemies":"3 Byrds","floor":18,"turns":6},{"damage":19,"enemies":"Spheric Guardian","floor":20,"turns":5},{"damage":34,"enemies":"Slavers","floor":23,"turns":4},{"damage":9,"enemies":"Centurion and Healer","floor":25,"turns":5},{"damage":20,"enemies":"Snake Plant","floor":27,"turns":3},{"damage":2,"enemies":"Snecko","floor":28,"turns":6},{"damage":3,"enemies":"Chosen and Byrds","floor":30,"turns":5},{"damage":22,"enemies":"Shelled Parasite and Fungi","floor":31,"turns":5},{"damage":41,"enemies":"Champ","floor":33,"turns":9},{"damage":12,"enemies":"3 Shapes","floor":35,"turns":8},{"damage":12,"enemies":"3 Darklings","floor":36,"turns":7},{"damage":52,"enemies":"Spire Growth","floor":37,"turns":4},{"damage":35,"enemies":"Giant Head","floor":41,"turns":6},{"damage":3,"enemies":"Maw","floor":46,"turns":8},{"damage":39,"enemies":"3 Darklings","floor":48,"turns":5},{"damage":152,"enemies":"Awakened One","floor":50,"turns":11}],"seed_played":"2705672738909617627","potions_obtained":[{"floor":1,"key":"Swift Potion"},{"floor":8,"key":"Swift Potion"},{"floor":11,"key":"Fire Potion"},{"floor":14,"key":"PowerPotion"},{"floor":16,"key":"Block Potion"}],"is_trial":false,"path_per_floor":["M","M","?","?","?","R","E","M","T","M","E","?","M","E","R","B",null,"M","$","M","?","?","E","R","M","T","M","M","?","M","M","R","B",null,"M","M","M","$","?","R","E","R","T","$","R","M","R","M","R","B"],"character_chosen":"IRONCLAD","items_purchased":["Disarm","Purity","Frozen Eye","Rampage"],"campfire_rested":5,"item_purchase_floors":[19,19,38,38],"current_hp_per_floor":[78,82,82,63,63,63,45,52,52,47,43,43,41,47,47,33,84,92,92,82,82,82,60,60,63,63,49,56,56,59,49,88,53,112,112,106,63,63,53,95,66,108,108,108,140,144,144,111,144,0],"gold":102,"neow_bonus":"TEN_PERCENT_HP_BONUS","is_prod":false,"is_daily":false,"chose_seed":false,"campfire_upgraded":4,"win_rate":0,"timestamp":1557370991,"path_taken":["M","M","?","?","?","R","E","?","T","M","E","?","M","E","R","BOSS","M","$","M","?","?","E","R","M","T","M","?","?","M","M","R","BOSS","M","?","M","$","?","R","E","R","T","$","R","M","R","M","R","BOSS"],"build_version":"2019-01-23","purchased_purges":1,"victory":false,"max_hp_per_floor":[82,82,82,89,89,89,89,92,92,95,98,98,101,101,101,101,101,107,107,110,110,110,116,116,122,122,122,125,125,125,131,131,131,131,137,137,140,140,140,140,140,140,140,140,140,144,144,144,144,144],"card_choices":[{"not_picked":["Pommel Strike","Clothesline"],"picked":"Inflame","floor":1},{"not_picked":["Flex","Armaments"],"picked":"Anger","floor":2},{"not_picked":["Entrench","Twin Strike"],"picked":"Feed","floor":7},{"not_picked":["Clothesline","Flex"],"picked":"Shrug It Off","floor":8},{"not_picked":["Clash","Fire Breathing"],"picked":"Heavy Blade","floor":10},{"not_picked":["Warcry","Hemokinesis"],"picked":"Battle Trance","floor":11},{"not_picked":["Havoc","Perfected Strike"],"picked":"Shockwave","floor":13},{"not_picked":["Thunderclap","Rage"],"picked":"Metallicize","floor":14},{"not_picked":["Bludgeon","Double Tap"],"picked":"Feed","floor":16},{"not_picked":["Searing Blow","Wild Strike+1"],"picked":"Headbutt+1","floor":18},{"not_picked":["Entrench","Evolve","Anger"],"picked":"SKIP","floor":20},{"not_picked":["Flex","Hemokinesis","Anger"],"picked":"SKIP","floor":23},{"not_picked":["Twin Strike","Sword Boomerang","Feed"],"picked":"SKIP","floor":25},{"not_picked":["Pommel Strike","Flex"],"picked":"Burning Pact","floor":27},{"not_picked":["Warcry","Rage"],"picked":"Ghostly Armor","floor":28},{"not_picked":["Rage","Heavy Blade"],"picked":"Disarm+1","floor":30},{"not_picked":["Uppercut","Iron Wave","Body Slam"],"picked":"SKIP","floor":31},{"not_picked":["Bludgeon","Brutality"],"picked":"Juggernaut","floor":33},{"not_picked":["Perfected Strike","Thunderclap+1","Warcry"],"picked":"SKIP","floor":35},{"not_picked":["Body Slam","Warcry"],"picked":"Armaments+1","floor":36},{"not_picked":["Ghostly Armor","Flex"],"picked":"Clothesline+1","floor":37},{"not_picked":["Flash of Steel","Jack Of All Trades"],"picked":"Purity","floor":39},{"not_picked":["Mayhem","Metamorphosis"],"picked":"Blind","floor":39},{"not_picked":["Body Slam","Thunderclap"],"picked":"Anger+1","floor":40},{"not_picked":["Sword Boomerang","Sever Soul"],"picked":"Evolve+1","floor":41},{"not_picked":["Second Wind","Intimidate"],"picked":"Impervious","floor":45},{"not_picked":["Clothesline","Cleave","Shrug It Off"],"picked":"SKIP","floor":46},{"not_picked":["Combust","Perfected Strike","Armaments+1"],"picked":"SKIP","floor":48}],"player_experience":3630774,"relics_obtained":[{"floor":7,"key":"Art of War"},{"floor":9,"key":"Dream Catcher"},{"floor":11,"key":"PreservedInsect"},{"floor":14,"key":"Champion Belt"},{"floor":22,"key":"Bronze Scales"},{"floor":23,"key":"Centennial Puzzle"},{"floor":26,"key":"War Paint"},{"floor":41,"key":"Happy Flower"},{"floor":43,"key":"Boot"}],"event_choices":[{"damage_healed":0,"gold_gain":0,"player_choice":"Ignored","damage_taken":0,"max_hp_gain":0,"max_hp_loss":0,"event_name":"Liars Game","floor":3,"gold_loss":0},{"damage_healed":0,"gold_gain":0,"player_choice":"Success","damage_taken":26,"relics_obtained":["Strawberry"],"max_hp_gain":0,"max_hp_loss":0,"event_name":"Scrap Ooze","floor":4,"gold_loss":0},{"damage_healed":0,"gold_gain":0,"player_choice":"Paid Gold","damage_taken":0,"relics_obtained":["Orichalcum"],"max_hp_gain":0,"max_hp_loss":0,"event_name":"WeMeetAgain","floor":5,"gold_loss":64},{"damage_healed":0,"gold_gain":0,"player_choice":"Ignored","damage_taken":0,"max_hp_gain":0,"max_hp_loss":0,"event_name":"Shining Light","floor":12,"gold_loss":0},{"damage_healed":0,"gold_gain":0,"player_choice":"Obtain J.A.X.","damage_taken":0,"max_hp_gain":0,"max_hp_loss":0,"event_name":"Drug Dealer","floor":21,"gold_loss":0,"cards_obtained":["J.A.X."]},{"damage_healed":0,"gold_gain":0,"player_choice":"Relic","damage_taken":0,"max_hp_gain":0,"max_hp_loss":0,"event_name":"Wheel of Change","floor":22,"gold_loss":0},{"damage_healed":0,"gold_gain":0,"player_choice":"Bet on Murderer","damage_taken":0,"max_hp_gain":0,"max_hp_loss":0,"event_name":"The Joust","floor":29,"gold_loss":50},{"damage_healed":0,"gold_gain":0,"player_choice":"Memory 3","damage_taken":10,"max_hp_gain":0,"max_hp_loss":0,"event_name":"SensoryStone","floor":39,"gold_loss":0}],"is_beta":false,"boss_relics":[{"not_picked":["Coffee Dripper","Lizard Tail"],"picked":"Sozu"},{"not_picked":["Eternal Feather","Runic Cube"],"picked":"Pandora\u0027s Box"}],"items_purged_floors":[19],"is_endless":false,"potions_floor_spawned":[1,8,11,14,16,20,25,33,35,41,48],"killed_by":"Awakened One","ascension_level":20}