{"gold_per_floor":[119,119,69,43,61,61,78,378,423,458,473,433,451,463,463,558,558,558,558,558,558,558,558,558,558,558,558,34,34,34,34,34,34,34,34,34,34,34,34,34,34,34,34,34,34,34,34,0,0,0],"floor_reached":50,"playtime":4749,"items_purged":[],"score":462,"play_id":"f8ae7aa2-36dd-4780-8567-855b9067bf60","local_time":"20181116123740","is_ascension_mode":false,"campfire_choices":[{"data":"Bash","floor":6,"key":"SMITH"},{"data":"True Grit","floor":15,"key":"SMITH"},{"data":"Armaments","floor":23,"key":"SMITH"},{"data":"Offering","floor":25,"key":"SMITH"},{"data":"Spot Weakness","floor":27,"key":"SMITH"},{"data":"Mayhem","floor":29,"key":"SMITH"},{"data":"Burning Pact","floor":32,"key":"SMITH"},{"data":"Barricade","floor":40,"key":"SMITH"},{"data":"Body Slam","floor":42,"key":"SMITH"},{"data":"Double Tap","floor":49,"key":"SMITH"}],"neow_cost":"NONE","seed_source_timestamp":219826798956828,"circlet_count":0,"master_deck":["Strike_R","Strike_R","Strike_R","Defend_R+1","Defend_R","Defend_R+1","Defend_R","Bash+1","Immolate","Thunderclap","Headbutt","Flex","True Grit+1","Reaper","Armaments+1","Feel No Pain","Burning Pact+1","Offering+1","Warcry","True Grit+1","Spot Weakness+1","Mayhem+1","Rampage","Warcry+1","Barricade+1","Reaper","Warcry+1","Body Slam+1","Double Tap+1","Entrench+1"],"relics":["Burning Blood","Old Coin","Pen Nib","Bag of Marbles","Ectoplasm","Orichalcum","Ancient Tea Set","Bottled Tornado","Coffee Dripper","Matryoshka","PreservedInsect","Oddly Smooth Stone","Red Mask"],"potions_floor_usage":[10,12,16,16,20,24,31,33,33,50],"damage_taken":[{"damage":0,"enemies":"Small Slimes","floor":1,"turns":2},{"damage":3,"enemies":"Jaw Worm","floor":5,"turns":3},{"damage":0,"enemies":"Cultist","floor":7,"turns":2},{"damage":13,"enemies":"3 Sentries","floor":10,"turns":5},{"damage":0,"enemies":"Gremlin Gang","floor":11,"turns":2},{"damage":0,"enemies":"3 Louse","floor":13,"turns":1},{"damage":14,"enemies":"Exordium Thugs","floor":14,"turns":5},{"damage":26,"enemies":"The Guardian","floor":16,"turns":13},{"damage":6,"enemies":"Chosen","floor":18,"turns":3},{"damage":12,"enemies":"Spheric Guardian","floor":20,"turns":4},{"damage":0,"enemies":"3 Cultists","floor":21,"turns":2},{"damage":7,"enemies":"Gremlin Leader","floor":24,"turns":7},{"damage":6,"enemies":"Centurion and Healer","floor":30,"turns":4},{"damage":21,"enemies":"Snake Plant","floor":31,"turns":4},{"damage":67,"enemies":"Automaton","floor":33,"turns":9},{"damage":0,"enemies":"3 Shapes","floor":35,"turns":1},{"damage":12,"enemies":"3 Darklings","floor":37,"turns":3},{"damage":23,"enemies":"Maw","floor":41,"turns":8},{"damage":10,"enemies":"Jaw Worm Horde","floor":46,"turns":4},{"damage":18,"enemies":"Transient","floor":47,"turns":5},{"damage":95,"enemies":"Time Eater","floor":50,"turns":6}],"seed_played":"6149336943070855028","potions_obtained":[{"floor":5,"key":"Energy Potion"},{"floor":11,"key":"PowerPotion"},{"floor":12,"key":"Fruit Juice"},{"floor":12,"key":"SpeedPotion"},{"floor":12,"key":"SteroidPotion"},{"floor":16,"key":"EssenceOfSteel"},{"floor":19,"key":"Weak Potion"},{"floor":20,"key":"Regen Potion"},{"floor":21,"key":"Block Potion"},{"floor":31,"key":"Ancient Potion"},{"floor":35,"key":"BloodPotion"}],"is_trial":false,"path_per_floor":["M","?","?","$","M","R","M","?","T","E","M","?","M","M","R","B",null,"M","?","M","M","?","R","E","R","T","R","$","R","M","M","R","B",null,"M","?","M","T","$","R","M","R","T","$","?","M","M","?","R","B"],"character_chosen":"IRONCLAD","items_purchased":["Headbutt","Mayhem","Rampage","Bottled Tornado"],"campfire_rested":0,"item_purchase_floors":[4,28,28,28],"current_hp_per_floor":[80,64,64,64,67,67,73,73,73,66,80,85,85,77,77,63,85,85,85,79,85,85,85,85,85,85,85,85,85,85,76,76,32,85,85,85,85,85,85,85,85,85,85,85,85,85,73,73,73,0],"gold":0,"neow_bonus":"ONE_RANDOM_RARE_CARD","is_prod":false,"is_daily":false,"chose_seed":false,"campfire_upgraded":10,"win_rate":0,"timestamp":1542389860,"path_taken":["M","?","?","$","M","R","M","?","T","E","M","?","M","M","R","BOSS","M","?","?","M","?","R","E","R","T","R","$","R","M","M","R","BOSS","M","?","?","?","$","R","M","R","T","$","?","M","?","?","R","BOSS"],"build_version":"2018-11-15","purchased_purges":0,"victory":false,"max_hp_per_floor":[80,80,80,80,80,80,80,80,80,80,80,85,85,85,85,85,85,85,85,85,85,85,85,85,85,85,85,85,85,85,85,85,85,85,85,85,85,85,85,85,85,85,85,85,85,85,85,85,85,85],"card_choices":[{"not_picked":["Heavy Blade","Sentinel"],"picked":"Thunderclap","floor":1},{"not_picked":["Warcry","Rupture"],"picked":"Flex","floor":5},{"not_picked":["Inflame","Flame Barrier"],"picked":"True Grit","floor":7},{"not_picked":["Pommel Strike","Inflame"],"picked":"Reaper","floor":10},{"not_picked":["Clash","Carnage"],"picked":"Armaments","floor":11},{"not_picked":["Sever Soul","True Grit"],"picked":"Feel No Pain","floor":13},{"not_picked":["Feel No Pain","Second Wind"],"picked":"Burning Pact","floor":14},{"not_picked":["Double Tap","Limit Break"],"picked":"Offering","floor":16},{"not_picked":["Twin Strike","Wild Strike","Pommel Strike"],"picked":"SKIP","floor":18},{"not_picked":["Havoc","True Grit"],"picked":"Warcry","floor":20},{"not_picked":["Body Slam","Rupture+1"],"picked":"True Grit+1","floor":21},{"not_picked":["Second Wind","Body Slam"],"picked":"Spot Weakness","floor":24},{"not_picked":["Infernal Blade","Warcry","Uppercut"],"picked":"SKIP","floor":30},{"not_picked":["Body Slam","Iron Wave"],"picked":"Warcry+1","floor":31},{"not_picked":["Berserk","Impervious"],"picked":"Barricade","floor":33},{"not_picked":["Sword Boomerang","Pommel Strike","Anger"],"picked":"SKIP","floor":35},{"not_picked":["Havoc+1","Rage+1"],"picked":"Warcry+1","floor":37},{"not_picked":["Heavy Blade","Rupture"],"picked":"Body Slam","floor":41},{"not_picked":["Iron Wave+1","Searing Blow","Corruption+1"],"picked":"SKIP","floor":46},{"not_picked":["Pommel Strike+1","Berserk"],"picked":"Entrench+1","floor":47}],"player_experience":2334087,"relics_obtained":[{"floor":9,"key":"Pen Nib"},{"floor":10,"key":"Bag of Marbles"},{"floor":24,"key":"Orichalcum"},{"floor":26,"key":"Ancient Tea Set"},{"floor":38,"key":"Matryoshka"},{"floor":43,"key":"PreservedInsect"},{"floor":43,"key":"Oddly Smooth Stone"}],"event_choices":[{"damage_healed":0,"gold_gain":0,"player_choice":"Entered Light","damage_taken":16,"max_hp_gain":0,"max_hp_loss":0,"event_name":"Shining Light","floor":2,"gold_loss":0,"cards_upgraded":["Defend_R","Defend_R"]},{"cards_removed":["Strike_R"],"damage_healed":0,"gold_gain":0,"player_choice":"Card Removal","damage_taken":0,"max_hp_gain":0,"max_hp_loss":0,"event_name":"The Cleric","floor":3,"gold_loss":50},{"damage_healed":0,"gold_gain":0,"player_choice":"Searched \u00271\u0027 times","damage_taken":0,"relics_obtained":["Old Coin"],"max_hp_gain":0,"max_hp_loss":0,"event_name":"Dead Adventurer","floor":8,"gold_loss":0},{"damage_healed":0,"gold_gain":0,"player_choice":"Bought 3 Potions","damage_taken":0,"max_hp_gain":0,"max_hp_loss":0,"event_name":"The Woman in Blue","floor":12,"gold_loss":0},{"damage_healed":0,"gold_gain":0,"player_choice":"Got Potions","damage_taken":0,"max_hp_gain":0,"max_hp_loss":0,"event_name":"Lab","floor":19,"gold_loss":0},{"damage_healed":0,"gold_gain":0,"player_choice":"Ignored","damage_taken":0,"max_hp_gain":0,"max_hp_loss":0,"event_name":"N\u0027loth","floor":22,"gold_loss":0},{"damage_healed":0,"gold_gain":0,"player_choice":"Copied","damage_taken":0,"max_hp_gain":0,"max_hp_loss":0,"event_name":"Duplicator","floor":36,"gold_loss":0,"cards_obtained":["Reaper"]},{"damage_healed":0,"gold_gain":0,"cards_transformed":["Strike_R"],"player_choice":"Transformed","damage_taken":0,"max_hp_gain":0,"max_hp_loss":0,"event_name":"Transmorgrifier","floor":45,"gold_loss":0,"cards_obtained":["Double Tap"]},{"damage_healed":0,"gold_gain":0,"player_choice":"Paid","damage_taken":0,"relics_obtained":["Red Mask"],"max_hp_gain":0,"max_hp_loss":0,"event_name":"Tomb of Lord Red Mask","floor":48,"gold_loss":34}],"is_beta":false,"boss_relics":[{"not_picked":["Orrery","Black Star"],"picked":"Ectoplasm"},{"not_picked":["White Beast Statue","Pandora\u0027s Box"],"picked":"Coffee Dripper"}],"items_purged_floors":[],"is_endless":false,"potions_floor_spawned":[5,11,14,16,20,21,31,35],"killed_by":"Time Eater","ascension_level":0}