{"gold_per_floor":[113,113,113,131,18,18,32,32,112,112,133,154,29,53,53,173,236,255,255,270,270,286,286,306,306,376,399,399,418,436,467,467,598,598,619,683,683,702,722,722,722],"floor_reached":41,"playtime":2252,"items_purged":["Strike_B"],"score":509,"play_id":"09054268-ed2b-488e-b016-6402dcae850a","local_time":"20190303224516","is_ascension_mode":true,"campfire_choices":[{"data":"Zap","floor":6,"key":"SMITH"},{"data":"Defragment","floor":8,"key":"SMITH"},{"data":"Sunder","floor":10,"key":"SMITH"},{"floor":15,"key":"REST"},{"floor":23,"key":"REST"},{"floor":25,"key":"REST"},{"floor":32,"key":"REST"},{"floor":40,"key":"REST"}],"neow_cost":"NONE","seed_source_timestamp":515024633893929,"circlet_count":0,"master_deck":["Strike_B","Strike_B","Defend_B","Defend_B+1","Defend_B","Defend_B","Zap+1","Dualcast","Go for the Eyes","Seek","Glacier","Capacitor","Sunder+1","Defragment+1","FTL","Loop","Auto Shields","Core Surge","Conserve Battery","Necronomicurse","Go for the Eyes","Cold Snap+1","Loop+1","Coolheaded","Self Repair","Ball Lightning+1","Machine Learning","Electrodynamics","Cold Snap+1","Conserve Battery+1","Writhe","Go for the Eyes+1"],"relics":["Cracked Core","Regal Pillow","Golden Idol","The Courier","Tiny House","Necronomicon","Question Card","Ice Cream","Velvet Choker","Torii"],"potions_floor_usage":[20,22,31,31,33,36,41],"damage_taken":[{"damage":4,"enemies":"Jaw Worm","floor":1,"turns":3},{"damage":6,"enemies":"Cultist","floor":4,"turns":3},{"damage":4,"enemies":"Small Slimes","floor":7,"turns":2},{"damage":0,"enemies":"3 Louse","floor":11,"turns":2},{"damage":0,"enemies":"Red Slaver","floor":12,"turns":4},{"damage":10,"enemies":"Large Slime","floor":14,"turns":5},{"damage":16,"enemies":"Hexaghost","floor":16,"turns":13},{"damage":2,"enemies":"3 Byrds","floor":18,"turns":5},{"damage":9,"enemies":"Shell Parasite","floor":20,"turns":5},{"damage":2,"enemies":"Centurion and Healer","floor":22,"turns":8},{"damage":37,"enemies":"Snake Plant","floor":24,"turns":3},{"damage":13,"enemies":"Cultist and Chosen","floor":27,"turns":4},{"damage":8,"enemies":"Shelled Parasite and Fungi","floor":29,"turns":7},{"damage":16,"enemies":"Chosen and Byrds","floor":30,"turns":5},{"damage":4,"enemies":"Book of Stabbing","floor":31,"turns":7},{"damage":35,"enemies":"Champ","floor":33,"turns":11},{"damage":0,"enemies":"Orb Walker","floor":35,"turns":2},{"damage":60,"enemies":"2 Orb Walkers","floor":36,"turns":4},{"damage":16,"enemies":"3 Shapes","floor":38,"turns":4},{"damage":2,"enemies":"3 Darklings","floor":39,"turns":5},{"damage":84,"enemies":"Reptomancer","floor":41,"turns":2}],"seed_played":"-2003187622609289645","potions_obtained":[{"floor":7,"key":"Weak Potion"},{"floor":12,"key":"Explosive Potion"},{"floor":17,"key":"Fire Potion"},{"floor":18,"key":"LiquidBronze"},{"floor":22,"key":"Block Potion"},{"floor":27,"key":"Fire Potion"},{"floor":31,"key":"Strength Potion"},{"floor":35,"key":"FocusPotion"}],"is_trial":false,"path_per_floor":["M","?","?","M","$","R","M","R","T","R","M","M","$","M","R","B",null,"M","?","M","?","M","R","M","R","T","M","?","M","M","E","R","B",null,"M","?","?","M","M","R","E"],"character_chosen":"DEFECT","items_purchased":["Capacitor","Sunder","Loop"],"campfire_rested":5,"item_purchase_floors":[5,5,13],"current_hp_per_floor":[71,53,53,47,47,47,43,43,43,43,43,43,43,33,70,54,75,73,57,48,40,38,77,40,79,79,66,66,58,49,45,80,52,73,73,20,40,31,36,75,0],"gold":722,"neow_bonus":"RANDOM_COMMON_RELIC","is_prod":false,"is_daily":false,"chose_seed":false,"campfire_upgraded":3,"win_rate":0,"timestamp":1551671116,"path_taken":["M","?","?","?","?","R","M","R","T","R","M","M","$","M","R","BOSS","M","?","M","?","?","R","M","R","T","M","?","M","M","E","R","BOSS","M","?","?","M","M","R","E"],"build_version":"2019-01-23","purchased_purges":1,"victory":false,"max_hp_per_floor":[75,75,75,75,75,75,75,75,75,75,75,75,75,75,75,75,80,80,80,80,80,80,80,80,80,80,80,80,80,80,80,80,80,80,80,80,80,80,80,80,80],"card_choices":[{"not_picked":["Beam Cell","Ball Lightning"],"picked":"Go for the Eyes","floor":1},{"not_picked":["Coolheaded","Aggregate"],"picked":"Glacier","floor":4},{"not_picked":["Conserve Battery","Static Discharge"],"picked":"Defragment","floor":7},{"not_picked":["Hello World","Redo"],"picked":"FTL","floor":11},{"not_picked":["Tempest","Sweeping Beam","Compile Driver"],"picked":"SKIP","floor":12},{"not_picked":["Stack","Sweeping Beam"],"picked":"Auto Shields","floor":14},{"not_picked":["All For One","Thunder Strike"],"picked":"Core Surge","floor":16},{"not_picked":["Sweeping Beam","Genetic Algorithm"],"picked":"Conserve Battery","floor":18},{"not_picked":["Turbo","Sweeping Beam"],"picked":"Go for the Eyes","floor":20},{"not_picked":["Auto Shields","Melter"],"picked":"Cold Snap+1","floor":22},{"not_picked":["Cold Snap","Fusion"],"picked":"Loop+1","floor":24},{"not_picked":["Gash","Redo","Turbo"],"picked":"Coolheaded","floor":27},{"not_picked":["White Noise","Compile Driver","Skim"],"picked":"Self Repair","floor":29},{"not_picked":["Stack","Double Energy","Doom and Gloom"],"picked":"Ball Lightning+1","floor":30},{"not_picked":["Gash","Aggregate","Hyperbeam"],"picked":"Machine Learning","floor":31},{"not_picked":["All For One","Thunder Strike","Amplify"],"picked":"Electrodynamics","floor":33},{"not_picked":["Redo+1","Beam Cell","Auto Shields"],"picked":"Cold Snap+1","floor":35},{"not_picked":["Sweeping Beam+1","Hologram+1","Stack"],"picked":"Conserve Battery+1","floor":36},{"not_picked":["Compile Driver","Darkness","Steam","Aggregate+1"],"picked":"SKIP","floor":38},{"not_picked":["Recycle","Hologram+1","Turbo+1"],"picked":"Go for the Eyes+1","floor":39}],"player_experience":154582,"relics_obtained":[{"floor":9,"key":"The Courier"},{"floor":19,"key":"Necronomicon"},{"floor":26,"key":"Question Card"},{"floor":31,"key":"Ice Cream"},{"floor":36,"key":"Torii"}],"event_choices":[{"damage_healed":0,"gold_gain":0,"player_choice":"Take Damage","damage_taken":18,"relics_obtained":["Golden Idol"],"max_hp_gain":0,"max_hp_loss":0,"event_name":"Golden Idol","floor":2,"gold_loss":0},{"damage_healed":0,"gold_gain":0,"cards_transformed":["Strike_B"],"player_choice":"Transformed","damage_taken":0,"max_hp_gain":0,"max_hp_loss":0,"event_name":"Transmorgrifier","floor":3,"gold_loss":0,"cards_obtained":["Seek"]},{"damage_healed":0,"gold_gain":0,"player_choice":"Obtained Book","damage_taken":16,"max_hp_gain":0,"max_hp_loss":0,"event_name":"Cursed Tome","floor":19,"gold_loss":0},{"damage_healed":0,"gold_gain":0,"player_choice":"","damage_taken":8,"max_hp_gain":0,"max_hp_loss":0,"event_name":"Knowing Skull","floor":21,"potions_obtained":[],"gold_loss":0,"cards_obtained":[]},{"damage_healed":0,"gold_gain":0,"player_choice":"Ignored","damage_taken":0,"max_hp_gain":0,"max_hp_loss":0,"event_name":"N\u0027loth","floor":28,"gold_loss":0},{"damage_healed":0,"gold_gain":0,"player_choice":"Fight","damage_taken":0,"max_hp_gain":0,"max_hp_loss":0,"event_name":"Mysterious Sphere","floor":36,"gold_loss":0},{"damage_healed":20,"gold_gain":0,"player_choice":"Writhe","damage_taken":0,"max_hp_gain":0,"max_hp_loss":0,"event_name":"Winding Halls","floor":37,"gold_loss":0,"cards_obtained":["Writhe"]}],"is_beta":false,"boss_relics":[{"not_picked":["Eternal Feather","Cursed Key"],"picked":"Tiny House"},{"not_picked":["Astrolabe","Calling Bell"],"picked":"Velvet Choker"}],"items_purged_floors":[13],"is_endless":false,"potions_floor_spawned":[7,12,18,22,27,29,31,35],"killed_by":"Reptomancer","ascension_level":5}