{"gold_per_floor":[369,369,369,419,59,59,94,94,94,105,105,122,122,147,147,147],"floor_reached":16,"playtime":1445,"items_purged":[],"score":207,"play_id":"3500b3fe-745d-4fbc-b7b6-ceb6bf5353d3","local_time":"20181112231018","is_ascension_mode":true,"campfire_choices":[{"floor":6,"key":"REST"},{"floor":8,"key":"REST"},{"data":"Neutralize","floor":11,"key":"SMITH"},{"floor":13,"key":"REST"},{"floor":15,"key":"REST"}],"neow_cost":"CURSE","seed_source_timestamp":708932209810735,"circlet_count":0,"master_deck":["AscendersBane","Defend_G","Defend_G","Defend_G","Defend_G+1","Defend_G","Strike_G","Strike_G","Strike_G","Strike_G+1","Strike_G","Survivor","Neutralize+1","Flying Knee","Poisoned Stab","Dodge and Roll+1","Flying Knee","Dagger Spray","Acrobatics+1","Catalyst+1"],"relics":["Ring of the Snake","Toxic Egg 2","Ice Cream","Blue Candle","Sundial"],"potions_floor_usage":[7,16],"damage_taken":[{"damage":8,"enemies":"Small Slimes","floor":1,"turns":5},{"damage":18,"enemies":"Lagavulin","floor":7,"turns":7},{"damage":0,"enemies":"2 Louse","floor":10,"turns":2},{"damage":0,"enemies":"Cultist","floor":12,"turns":3},{"damage":26,"enemies":"3 Sentries","floor":14,"turns":9},{"damage":60,"enemies":"Slime Boss","floor":16,"turns":5}],"seed_played":"6488186953592338653","potions_obtained":[{"floor":1,"key":"Poison Potion"},{"floor":14,"key":"PowerPotion"}],"is_trial":false,"path_per_floor":["M","?","?","?","$","R","E","R","T","M","R","M","R","E","R","B"],"character_chosen":"THE_SILENT","items_purchased":["Toxic Egg 2","Poisoned Stab","Dodge and Roll+1"],"campfire_rested":4,"item_purchase_floors":[5,5,5],"current_hp_per_floor":[51,51,31,25,25,44,26,45,45,45,45,45,64,38,57,0],"gold":147,"neow_bonus":"TWO_FIFTY_GOLD","is_prod":false,"is_daily":false,"chose_seed":false,"campfire_upgraded":1,"win_rate":0,"timestamp":1542082218,"path_taken":["M","?","?","?","$","R","E","R","T","?","R","M","R","E","R","BOSS"],"build_version":"2018-11-08","purchased_purges":0,"victory":false,"max_hp_per_floor":[66,66,66,66,66,66,66,66,66,66,66,66,66,66,66,66],"card_choices":[{"not_picked":["Well Laid Plans","Slice"],"picked":"Flying Knee","floor":1},{"not_picked":["Heel Hook","Finisher"],"picked":"Flying Knee","floor":7},{"not_picked":["Accuracy","Masterful Stab"],"picked":"Dagger Spray","floor":10},{"not_picked":["Reflex+1","Choke"],"picked":"Acrobatics+1","floor":12},{"not_picked":["Calculated Gamble+1","Tactician+1"],"picked":"Catalyst+1","floor":14}],"player_experience":2247807,"relics_obtained":[{"floor":7,"key":"Ice Cream"},{"floor":9,"key":"Blue Candle"},{"floor":14,"key":"Sundial"}],"event_choices":[{"cards_removed":["Regret"],"damage_healed":0,"gold_gain":0,"player_choice":"Forget","damage_taken":0,"max_hp_gain":0,"max_hp_loss":0,"event_name":"Living Wall","floor":2,"gold_loss":0},{"damage_healed":0,"gold_gain":0,"player_choice":"Entered Light","damage_taken":20,"max_hp_gain":0,"max_hp_loss":0,"event_name":"Shining Light","floor":3,"gold_loss":0,"cards_upgraded":["Strike_G","Defend_G"]},{"damage_healed":0,"gold_gain":50,"player_choice":"Touch","damage_taken":6,"max_hp_gain":0,"max_hp_loss":0,"event_name":"FaceTrader","floor":4,"gold_loss":0}],"is_beta":false,"boss_relics":[],"items_purged_floors":[],"is_endless":false,"potions_floor_spawned":[1,14],"killed_by":"Slime Boss","ascension_level":19}