{"gold_per_floor":[109,20,20,33,50,50,85,85,85,85,105,105,105,129,129,200,200,212,212,224,3,23,23],"floor_reached":23,"playtime":1451,"items_purged":["Strike_G"],"score":378,"play_id":"d881013d-562d-47ad-913e-d6617db1bd35","local_time":"20190424112208","is_ascension_mode":true,"campfire_choices":[{"data":"Storm of Steel","floor":6,"key":"SMITH"},{"data":"Neutralize","floor":8,"key":"SMITH"},{"data":"Well Laid Plans","floor":10,"key":"SMITH"},{"data":"Choke","floor":15,"key":"SMITH"}],"neow_cost":"NONE","seed_source_timestamp":1266715264410052,"circlet_count":0,"master_deck":["AscendersBane","Defend_G","Defend_G","Defend_G","Defend_G","Defend_G","Strike_G","Strike_G","Strike_G","Survivor","Neutralize+1","Storm of Steel+1","Catalyst","Well Laid Plans+1","Backflip","Reflex","Choke+1","Catalyst","After Image","Deadly Poison","Poisoned Stab","Footwork","Deadly Poison","Well Laid Plans"],"relics":["Ring of the Snake","Gremlin Horn","Art of War","Ancient Tea Set","Bag of Preparation","Cursed Key"],"potions_floor_usage":[7,7,23,23],"damage_taken":[{"damage":3,"enemies":"Jaw Worm","floor":1,"turns":5},{"damage":0,"enemies":"Small Slimes","floor":4,"turns":2},{"damage":3,"enemies":"2 Louse","floor":5,"turns":4},{"damage":9,"enemies":"Gremlin Nob","floor":7,"turns":3},{"damage":4,"enemies":"2 Fungi Beasts","floor":11,"turns":3},{"damage":20,"enemies":"The Guardian","floor":16,"turns":10},{"damage":7,"enemies":"2 Thieves","floor":18,"turns":4},{"damage":16,"enemies":"Spheric Guardian","floor":20,"turns":6},{"damage":11,"enemies":"3 Cultists","floor":22,"turns":6},{"damage":33,"enemies":"Gremlin Leader","floor":23,"turns":6}],"seed_played":"2268257227689972861","potions_obtained":[{"floor":4,"key":"FearPotion"},{"floor":5,"key":"Poison Potion"},{"floor":19,"key":"SpeedPotion"},{"floor":19,"key":"Dexterity Potion"},{"floor":20,"key":"GhostInAJar"}],"is_trial":false,"path_per_floor":["M","$","?","M","M","R","E","R","T","R","M","?","?","T","R","B",null,"M","?","M","$","M","E"],"character_chosen":"THE_SILENT","items_purchased":["Well Laid Plans","Footwork","Deadly Poison"],"campfire_rested":0,"item_purchase_floors":[2,21,21],"current_hp_per_floor":[56,56,51,51,48,48,39,39,39,39,35,35,40,40,40,20,58,51,51,35,35,24,0],"gold":23,"neow_bonus":"ONE_RANDOM_RARE_CARD","is_prod":false,"is_daily":false,"chose_seed":false,"campfire_upgraded":4,"win_rate":0,"timestamp":1556119328,"path_taken":["M","$","?","M","M","R","E","R","T","R","M","?","?","?","R","BOSS","M","?","M","$","?","E"],"build_version":"2019-01-23","purchased_purges":1,"victory":false,"max_hp_per_floor":[66,66,66,66,66,66,66,66,66,66,66,66,71,71,71,71,71,71,71,71,71,71,71],"card_choices":[{"not_picked":["Outmaneuver","Riddle With Holes"],"picked":"Catalyst","floor":1},{"not_picked":["Blade Dance","Underhanded Strike"],"picked":"Backflip","floor":4},{"not_picked":["Dagger Throw","Prepared"],"picked":"Reflex","floor":5},{"not_picked":["Heel Hook","Predator","Storm of Steel"],"picked":"SKIP","floor":7},{"not_picked":["Bane","Prepared"],"picked":"Choke","floor":11},{"not_picked":["Malaise","Unload"],"picked":"After Image","floor":16},{"not_picked":["Bane","Prepared"],"picked":"Deadly Poison","floor":18},{"not_picked":["Backstab","Deflect"],"picked":"Poisoned Stab","floor":20},{"not_picked":["Poisoned Stab","Dagger Throw"],"picked":"Well Laid Plans","floor":22}],"player_experience":3488150,"relics_obtained":[{"floor":7,"key":"Art of War"},{"floor":9,"key":"Ancient Tea Set"},{"floor":14,"key":"Bag of Preparation"}],"event_choices":[{"damage_healed":0,"gold_gain":0,"player_choice":"Success","damage_taken":5,"relics_obtained":["Gremlin Horn"],"max_hp_gain":0,"max_hp_loss":0,"event_name":"Scrap Ooze","floor":3,"gold_loss":0},{"damage_healed":0,"gold_gain":0,"cards_transformed":["Strike_G"],"player_choice":"Change","damage_taken":0,"max_hp_gain":0,"max_hp_loss":0,"event_name":"Living Wall","floor":12,"gold_loss":0,"cards_obtained":["Catalyst"]},{"damage_healed":0,"gold_gain":0,"player_choice":"Donut","damage_taken":0,"max_hp_gain":5,"max_hp_loss":0,"event_name":"Big Fish","floor":13,"gold_loss":0},{"damage_healed":0,"gold_gain":0,"player_choice":"Got Potions","damage_taken":0,"max_hp_gain":0,"max_hp_loss":0,"event_name":"Lab","floor":19,"gold_loss":0}],"is_beta":false,"boss_relics":[{"not_picked":["Velvet Choker","Runic Dome"],"picked":"Cursed Key"}],"items_purged_floors":[21],"is_endless":false,"potions_floor_spawned":[4,5,20],"killed_by":"Gremlin Leader","ascension_level":20}