{"gold_per_floor":[114,39,54,69,69,84,84,99,99,129,144,144,174,189,189,289,289,304,304,304,319,121,121,136,136,136,236,266,281,311,311,311,411,411,426,441,46,61,85,115,127,169,481,493,505,517,629,656,668,680],"floor_reached":51,"playtime":55067,"items_purged":["Blade Dance","Headbutt"],"score":805,"play_id":"61ce1b3c-b7f3-43bb-a54a-02e771b66b4a","local_time":"20181209151724","daily_mods":["Draft","Red Cards","Night Terrors"],"is_ascension_mode":false,"campfire_choices":[{"data":"Neutralize","floor":7,"key":"SMITH"},{"data":"Burning Pact","floor":12,"key":"SMITH"},{"data":"Armaments","floor":15,"key":"SMITH"},{"data":"After Image","floor":23,"key":"SMITH"},{"data":"Uppercut","floor":25,"key":"SMITH"},{"data":"Spot Weakness","floor":32,"key":"SMITH"},{"data":"Dark Embrace","floor":41,"key":"SMITH"},{"data":"Evolve","floor":46,"key":"SMITH"},{"data":"Whirlwind","floor":49,"key":"SMITH"}],"neow_cost":"","seed_source_timestamp":0,"circlet_count":0,"master_deck":["Dodge and Roll","Armaments+1","Uppercut+1","Burning Pact+1","Deadly Poison","Shockwave","Spot Weakness+1","Headbutt","Whirlwind+1","Evolve+1","Masterful Stab","Backflip","Shrug It Off","Neutralize+1","Dash","After Image+1","Sentinel+1","Havoc+1","Escape Plan+1","Die Die Die","PiercingWail+1","PiercingWail+1","Setup+1","Malaise+1","Terror+1","J.A.X.+1","Dark Embrace+1","Metallicize+1","Havoc+1","True Grit+1","Limit Break+1","Seeing Red+1","Fire Breathing+1","Flame Barrier+1"],"special_seed":17874,"relics":["Ring of the Snake","Toxic Egg 2","Bird Faced Urn","Blood Vial","Snecko Eye","Juzu Bracelet","Bottled Flame","Incense Burner","Bottled Tornado","Unceasing Top","Centennial Puzzle","Philosopher\u0027s Stone","Kunai","Thread and Needle","MawBank","Gremlin Horn","Old Coin","Prayer Wheel"],"potions_floor_usage":[8,16,27,27,39,40,48,50,50],"damage_taken":[{"damage":0,"enemies":"Cultist","floor":1,"turns":3},{"damage":0,"enemies":"Jaw Worm","floor":3,"turns":3},{"damage":2,"enemies":"Small Slimes","floor":4,"turns":3},{"damage":0,"enemies":"Gremlin Gang","floor":6,"turns":3},{"damage":3,"enemies":"Large Slime","floor":8,"turns":4},{"damage":9,"enemies":"Lagavulin","floor":10,"turns":7},{"damage":11,"enemies":"Exordium Wildlife","floor":11,"turns":6},{"damage":7,"enemies":"Gremlin Nob","floor":13,"turns":5},{"damage":0,"enemies":"Looter","floor":14,"turns":3},{"damage":5,"enemies":"Slime Boss","floor":16,"turns":6},{"damage":6,"enemies":"Spheric Guardian","floor":18,"turns":5},{"damage":0,"enemies":"3 Byrds","floor":21,"turns":2},{"damage":1,"enemies":"Shelled Parasite and Fungi","floor":24,"turns":5},{"damage":0,"enemies":"Colosseum Slavers","floor":27,"turns":3},{"damage":0,"enemies":"Colosseum Nobs","floor":27,"turns":5},{"damage":11,"enemies":"Gremlin Leader","floor":28,"turns":6},{"damage":0,"enemies":"Snake Plant","floor":29,"turns":3},{"damage":0,"enemies":"Book of Stabbing","floor":30,"turns":6},{"damage":3,"enemies":"Collector","floor":33,"turns":10},{"damage":4,"enemies":"3 Darklings","floor":35,"turns":5},{"damage":0,"enemies":"Orb Walker","floor":36,"turns":3},{"damage":4,"enemies":"Maw","floor":38,"turns":7},{"damage":1,"enemies":"2 Orb Walkers","floor":39,"turns":3},{"damage":9,"enemies":"Giant Head","floor":40,"turns":10},{"damage":8,"enemies":"Reptomancer","floor":42,"turns":13},{"damage":3,"enemies":"Mind Bloom Boss Battle","floor":47,"turns":5},{"damage":1,"enemies":"3 Darklings","floor":48,"turns":2},{"damage":16,"enemies":"Donu and Deca","floor":50,"turns":9}],"seed_played":"-3807787308880061937","potions_obtained":[{"floor":3,"key":"SkillPotion"},{"floor":4,"key":"EssenceOfSteel"},{"floor":6,"key":"Fire Potion"},{"floor":13,"key":"Swift Potion"},{"floor":14,"key":"Block Potion"},{"floor":28,"key":"Block Potion"},{"floor":29,"key":"FearPotion"},{"floor":33,"key":"SteroidPotion"},{"floor":35,"key":"Fire Potion"},{"floor":42,"key":"Fire Potion"},{"floor":47,"key":"GhostInAJar"}],"is_trial":false,"path_per_floor":["M","$","M","M","?","M","R","M","T","E","M","R","E","M","R","B",null,"M","?","?","M","$","R","M","R","T","?","E","M","E","?","R","B",null,"M","M","$","M","?","E","R","E","T","?","?","R","?","M","R","B",null],"character_chosen":"THE_SILENT","items_purchased":["PiercingWail+1","Juzu Bracelet","Kunai","Havoc+1"],"campfire_rested":0,"item_purchase_floors":[22,22,37,37],"current_hp_per_floor":[70,70,70,68,68,68,68,65,65,56,47,47,44,48,48,49,70,64,64,64,66,66,66,70,70,70,70,61,67,70,70,70,67,70,66,70,70,67,69,61,61,62,62,62,62,62,63,65,65,54],"gold":692,"neow_bonus":"","is_prod":false,"is_daily":true,"chose_seed":false,"campfire_upgraded":9,"win_rate":0,"timestamp":1544386644,"path_taken":["M","$","M","M","?","M","R","M","T","E","M","R","E","?","R","BOSS","M","?","?","M","$","R","M","R","T","?","E","M","E","?","R","BOSS","M","M","$","M","?","E","R","E","T","?","?","R","?","M","R","BOSS"],"build_version":"2018-12-06","purchased_purges":2,"victory":true,"max_hp_per_floor":[70,70,70,70,70,70,70,70,70,70,70,70,70,70,70,70,70,70,70,70,70,70,70,70,70,70,70,70,70,70,70,70,70,70,70,70,70,70,70,70,70,70,70,66,66,66,66,66,66,66],"card_choices":[{"not_picked":["Dagger Throw","Reckless Charge"],"picked":"Headbutt","floor":0},{"not_picked":["Outmaneuver","Dagger Throw"],"picked":"Dodge and Roll","floor":0},{"not_picked":["Choke","Well Laid Plans"],"picked":"Armaments","floor":0},{"not_picked":["Predator","Clash"],"picked":"Uppercut","floor":0},{"not_picked":["Underhanded Strike","Clash"],"picked":"Blade Dance","floor":0},{"not_picked":["Ghostly Armor","Havoc"],"picked":"Burning Pact","floor":0},{"not_picked":["Prepared","Armaments"],"picked":"Deadly Poison","floor":0},{"not_picked":["Deflect","Cleave"],"picked":"Shockwave","floor":0},{"not_picked":["Sentinel","Body Slam"],"picked":"Spot Weakness","floor":0},{"not_picked":["Flex","Clash"],"picked":"Headbutt","floor":0},{"not_picked":["Deflect","Sever Soul"],"picked":"Whirlwind","floor":0},{"not_picked":["Slice","Armaments"],"picked":"Evolve","floor":0},{"not_picked":["Outmaneuver","Blood for Blood"],"picked":"Masterful Stab","floor":0},{"not_picked":["Heavy Blade","Armaments"],"picked":"Outmaneuver","floor":0},{"not_picked":["Poisoned Stab","Body Slam"],"picked":"Backflip","floor":0},{"not_picked":["Flex","Second Wind"],"picked":"Shrug It Off","floor":1},{"not_picked":["Combust","Flex","Quick Slash"],"picked":"SKIP","floor":3},{"not_picked":["Fire Breathing","Underhanded Strike","Flex"],"picked":"SKIP","floor":4},{"not_picked":["Deflect","Ghostly Armor"],"picked":"Dash","floor":6},{"not_picked":["Carnage","Flying Knee","Clash"],"picked":"SKIP","floor":8},{"not_picked":["Blur+1","Body Slam"],"picked":"After Image","floor":10},{"not_picked":["Crippling Poison+1","Shockwave+1"],"picked":"Sentinel+1","floor":11},{"not_picked":["Slice","Perfected Strike"],"picked":"Havoc+1","floor":13},{"not_picked":["Outmaneuver+1","Evolve"],"picked":"Escape Plan+1","floor":14},{"not_picked":["Tools of the Trade","Immolate"],"picked":"Die Die Die","floor":16},{"not_picked":["Outmaneuver+1","Sucker Punch","Wild Strike+1"],"picked":"SKIP","floor":18},{"not_picked":["Calculated Gamble+1","Heavy Blade"],"picked":"PiercingWail+1","floor":21},{"not_picked":["Outmaneuver+1","Inflame","Dagger Throw"],"picked":"SKIP","floor":24},{"not_picked":["Pummel","Bane"],"picked":"Setup+1","floor":27},{"not_picked":["Backflip+1","Dodge and Roll+1"],"picked":"Malaise+1","floor":28},{"not_picked":["Corruption","Body Slam","Warcry+1"],"picked":"SKIP","floor":29},{"not_picked":["Infernal Blade+1","Eviscerate"],"picked":"Terror+1","floor":30},{"not_picked":["Berserk","Feed"],"picked":"Dark Embrace","floor":33},{"not_picked":["Uppercut","Cleave+1"],"picked":"Metallicize+1","floor":35},{"not_picked":["Quick Slash","Anger","Uppercut"],"picked":"SKIP","floor":36},{"not_picked":["Twin Strike","Spot Weakness+1","Armaments+1"],"picked":"SKIP","floor":38},{"not_picked":["Dagger Throw+1","Blade Dance+1"],"picked":"True Grit+1","floor":39},{"not_picked":["Acrobatics+1","Calculated Gamble+1"],"picked":"Limit Break+1","floor":40},{"not_picked":["Dodge and Roll+1","Prepared+1"],"picked":"Seeing Red+1","floor":42},{"not_picked":["Catalyst+1","Carnage"],"picked":"Fire Breathing+1","floor":48},{"not_picked":["Heel Hook+1","Dagger Throw"],"picked":"Flame Barrier+1","floor":48}],"player_experience":2730945,"relics_obtained":[{"floor":9,"key":"Toxic Egg 2"},{"floor":10,"key":"Bird Faced Urn"},{"floor":13,"key":"Blood Vial"},{"floor":26,"key":"Bottled Flame"},{"floor":27,"key":"Incense Burner"},{"floor":27,"key":"Bottled Tornado"},{"floor":28,"key":"Unceasing Top"},{"floor":30,"key":"Centennial Puzzle"},{"floor":39,"key":"Thread and Needle"},{"floor":40,"key":"MawBank"},{"floor":42,"key":"Gremlin Horn"},{"floor":43,"key":"Old Coin"},{"floor":47,"key":"Prayer Wheel"}],"event_choices":[{"damage_healed":0,"gold_gain":0,"player_choice":"1 cards matched","damage_taken":0,"max_hp_gain":0,"max_hp_loss":0,"event_name":"Match and Keep!","floor":5,"gold_loss":0,"cards_obtained":["Neutralize"]},{"damage_healed":0,"gold_gain":0,"player_choice":"Ignored","damage_taken":0,"max_hp_gain":0,"max_hp_loss":0,"event_name":"Vampires","floor":19,"gold_loss":0},{"cards_removed":["Outmaneuver"],"damage_healed":0,"gold_gain":0,"player_choice":"Purged","damage_taken":0,"max_hp_gain":0,"max_hp_loss":0,"event_name":"Purifier","floor":20,"gold_loss":0},{"damage_healed":0,"gold_gain":0,"player_choice":"Fight","damage_taken":0,"max_hp_gain":0,"max_hp_loss":0,"event_name":"Colosseum","floor":27,"gold_loss":0},{"damage_healed":0,"gold_gain":0,"player_choice":"Fought Nobs","damage_taken":0,"max_hp_gain":0,"max_hp_loss":0,"event_name":"Colosseum","floor":27,"gold_loss":0},{"damage_healed":0,"gold_gain":0,"player_choice":"Obtain J.A.X.","damage_taken":0,"max_hp_gain":0,"max_hp_loss":0,"event_name":"Drug Dealer","floor":31,"gold_loss":0,"cards_obtained":["J.A.X."]},{"damage_healed":0,"gold_gain":0,"player_choice":"Fight","damage_taken":0,"max_hp_gain":0,"max_hp_loss":0,"event_name":"Mysterious Sphere","floor":39,"gold_loss":0},{"damage_healed":0,"gold_gain":0,"player_choice":"Max HP","damage_taken":0,"max_hp_gain":0,"max_hp_loss":4,"event_name":"Winding Halls","floor":44,"gold_loss":0},{"damage_healed":0,"gold_gain":0,"player_choice":"Ignored","damage_taken":0,"max_hp_gain":0,"max_hp_loss":0,"event_name":"Tomb of Lord Red Mask","floor":45,"gold_loss":0},{"damage_healed":0,"gold_gain":0,"player_choice":"Fight","damage_taken":0,"max_hp_gain":0,"max_hp_loss":0,"event_name":"MindBloom","floor":47,"gold_loss":0}],"is_beta":false,"boss_relics":[{"not_picked":["Astrolabe","WristBlade"],"picked":"Snecko Eye"},{"not_picked":["Lizard Tail","Ring of the Serpent"],"picked":"Philosopher\u0027s Stone"}],"items_purged_floors":[2,37],"is_endless":false,"potions_floor_spawned":[3,4,6,13,14,27,28,29,33,35,38,42,47],"ascension_level":0}