{"gold_per_floor":[110,110,125,135,155,182,182,200,200,217,217,217,217,57,57,148,148,168,168,186,227,247,247,114,150,219,219,219,219,238,238,238,331,331,350,572,572,259,274,274,298,312,312,333,357,357,357,370,370,370],"floor_reached":51,"playtime":3943,"items_purged":[],"score":1238,"play_id":"1dbb7b0a-fc17-430a-b253-d85db5318fe7","local_time":"20190512052407","is_ascension_mode":true,"campfire_choices":[{"floor":7.0,"key":"REST"},{"data":"Venomology","floor":11.0,"key":"SMITH"},{"floor":15.0,"key":"REST"},{"floor":23.0,"key":"REST"},{"floor":27.0,"key":"REST"},{"data":"After Image","floor":29.0,"key":"SMITH"},{"data":"Burst","floor":32.0,"key":"SMITH"},{"floor":40.0,"key":"DIG"},{"floor":49.0,"key":"DIG"}],"neow_cost":"NONE","seed_source_timestamp":0,"circlet_count":0,"master_deck":["AscendersBane","Defend_G+1","Defend_G+1","Defend_G+1","Defend_G+1","Strike_G+1","Strike_G+1","Strike_G+1","Survivor","Neutralize","Deadly Poison","Neutralize","Dodge and Roll","Deadly Poison","Leg Sweep","Blur","Venomology+1","Burst+1","Well Laid Plans+1","Adrenaline","Adrenaline+1","Flechettes+1","Expertise+1","Backflip+1","Slice","Slice","Caltrops","After Image+1","Flying Knee+1","Corpse Explosion","Blur","Expertise","Footwork","Terror+1","Doubt"],"special_seed":0,"relics":["Ring of the Snake","Shuriken","Mango","Shovel","Golden Idol","Astrolabe","Red Mask","Tingsha","Gremlin Horn","HoveringKite","TwistedFunnel","Nunchaku","Bag of Preparation","Letter Opener","The Specimen"],"potions_floor_usage":[50,50,50],"damage_taken":[{"damage":4.0,"enemies":"2 Louse","floor":1.0,"turns":4.0},{"damage":0.0,"enemies":"Cultist","floor":3.0,"turns":5.0},{"damage":4.0,"enemies":"Jaw Worm","floor":4.0,"turns":5.0},{"damage":0.0,"enemies":"Blue Slaver","floor":5.0,"turns":5.0},{"damage":41.0,"enemies":"Gremlin Nob","floor":6.0,"turns":5.0},{"damage":10.0,"enemies":"Exordium Thugs","floor":8.0,"turns":5.0},{"damage":2.0,"enemies":"2 Fungi Beasts","floor":10.0,"turns":4.0},{"damage":18.0,"enemies":"The Guardian","floor":16.0,"turns":12.0},{"damage":10.0,"enemies":"3 Byrds","floor":18.0,"turns":6.0},{"damage":22.0,"enemies":"Chosen","floor":20.0,"turns":4.0},{"damage":29.0,"enemies":"Masked Bandits","floor":21.0,"turns":4.0},{"damage":0.0,"enemies":"Snake Plant","floor":22.0,"turns":4.0},{"damage":9.0,"enemies":"Gremlin Leader","floor":25.0,"turns":6.0},{"damage":0.0,"enemies":"Centurion and Healer","floor":30.0,"turns":4.0},{"damage":20.0,"enemies":"Automaton","floor":33.0,"turns":12.0},{"damage":23.0,"enemies":"3 Darklings","floor":35.0,"turns":3.0},{"damage":2.0,"enemies":"Orb Walker","floor":39.0,"turns":4.0},{"damage":0.0,"enemies":"4 Shapes","floor":42.0,"turns":2.0},{"damage":12.0,"enemies":"Spire Growth","floor":44.0,"turns":4.0},{"damage":18.0,"enemies":"Transient","floor":45.0,"turns":6.0},{"damage":24.0,"enemies":"Jaw Worm Horde","floor":48.0,"turns":3.0},{"damage":44,"enemies":"Donu and Deca","floor":50,"turns":9}],"seed_played":"-6216195389432873204","potions_obtained":[{"floor":4.0,"key":"Fire Potion"},{"floor":16.0,"key":"Swift Potion"},{"floor":25.0,"key":"Block Potion"},{"floor":35.0,"key":"Energy Potion"},{"floor":48.0,"key":"Dexterity Potion"}],"is_trial":false,"path_per_floor":["M","?","M","M","M","E","R","M","T","M","R","?","?","$","R","B",null,"M","?","M","?","M","R","$","E","T","R","?","R","M","?","R","B",null,"M","?","?","$","M","R","T","M","T","M","M","?","?","M","R","B",null],"character_chosen":"THE_SILENT","items_purchased":["Burst","Well Laid Plans","Caltrops","Fire Potion","Expertise","TwistedFunnel"],"campfire_rested":4,"item_purchase_floors":[14,14,24,24,38,38],"current_hp_per_floor":[61,61,61,57,57,16,37,27,41,39,39,39,39,39,62,44,70,60,60,38,9,9,32,32,23,23,46,46,46,46,46,46,26,65,42,42,42,42,40,40,40,40,40,28,10,78,78,54,54,10],"gold":370,"neow_bonus":"TEN_PERCENT_HP_BONUS","is_prod":false,"is_daily":false,"chose_seed":false,"campfire_upgraded":3,"win_rate":0,"timestamp":1557660247,"path_taken":["M","?","M","M","?","E","R","M","T","M","R","?","?","?","R","BOSS","M","?","M","?","M","R","$","E","T","R","?","R","?","?","R","BOSS","M","?","?","$","M","R","?","M","T","M","M","?","?","?","R","BOSS"],"build_version":"2019-05-07","purchased_purges":0,"victory":true,"max_hp_per_floor":[72,72,72,72,72,72,72,72,86,86,86,86,78,78,78,78,78,78,78,78,78,78,78,78,78,78,78,78,78,78,78,78,78,78,78,78,78,78,78,78,78,78,78,78,78,78,78,78,78,78],"card_choices":[{"not_picked":["Slice","Dodge and Roll"],"picked":"Deadly Poison","floor":1.0},{"not_picked":["Underhanded Strike","Masterful Stab"],"picked":"Dodge and Roll","floor":3.0},{"not_picked":["Slice","Cloak And Dagger"],"picked":"Deadly Poison","floor":4.0},{"not_picked":["Terror","Dagger Spray"],"picked":"Leg Sweep","floor":5.0},{"not_picked":["Skewer","Backflip"],"picked":"Bane","floor":6.0},{"not_picked":["Expertise","Dagger Spray"],"picked":"Blur","floor":8.0},{"not_picked":["Slice","Acrobatics"],"picked":"Venomology","floor":10.0},{"not_picked":["Malaise","Doppelganger"],"picked":"Adrenaline","floor":16.0},{"not_picked":["Prepared","Infinite Blades"],"picked":"Backflip+1","floor":18.0},{"not_picked":["Distraction","Concentrate+1"],"picked":"Slice","floor":20.0},{"not_picked":["Underhanded Strike","Leg Sweep"],"picked":"Slice","floor":22.0},{"not_picked":["Distraction","Underhanded Strike+1"],"picked":"After Image","floor":25.0},{"not_picked":["Escape Plan","Underhanded Strike"],"picked":"Flying Knee+1","floor":30.0},{"not_picked":["Grand Finale","Adrenaline"],"picked":"Corpse Explosion","floor":33.0},{"not_picked":["Deflect","Setup+1"],"picked":"Blur","floor":35.0},{"not_picked":["Distraction","Deflect","Quick Slash"],"picked":"SKIP","floor":39.0},{"not_picked":["Bouncing Flask+1","PiercingWail"],"picked":"Footwork","floor":42.0},{"not_picked":["Flying Knee","Sucker Punch+1","Dodge and Roll"],"picked":"SKIP","floor":44.0},{"not_picked":["Crippling Poison","Endless Agony"],"picked":"Terror+1","floor":45.0},{"not_picked":["Prepared","Riddle With Holes","Distraction"],"picked":"SKIP","floor":48.0}],"player_experience":1013537,"relics_obtained":[{"floor":6.0,"key":"Shuriken"},{"floor":9.0,"key":"Mango"},{"floor":21.0,"key":"Red Mask"},{"floor":25.0,"key":"Tingsha"},{"floor":26.0,"key":"Gremlin Horn"},{"floor":40.0,"key":"Nunchaku"},{"floor":41.0,"key":"Bag of Preparation"},{"floor":43.0,"key":"Letter Opener"},{"floor":49.0,"key":"The Specimen"}],"event_choices":[{"damage_healed":0.0,"max_hp_gain":0.0,"max_hp_loss":0.0,"gold_gain":0.0,"event_name":"Match and Keep!","player_choice":"1 cards matched","floor":2.0,"gold_loss":0.0,"damage_taken":0.0,"cards_obtained":["Neutralize"]},{"damage_healed":0.0,"max_hp_gain":0.0,"max_hp_loss":0.0,"gold_gain":0.0,"event_name":"Dead Adventurer","player_choice":"Searched \u00271\u0027 times","floor":12.0,"gold_loss":0.0,"damage_taken":0.0,"relics_obtained":["Shovel"]},{"damage_healed":0.0,"max_hp_gain":0.0,"max_hp_loss":8.0,"gold_gain":0.0,"event_name":"Golden Idol","player_choice":"Lose Max HP","floor":13.0,"gold_loss":0.0,"damage_taken":0.0,"relics_obtained":["Golden Idol"]},{"damage_healed":0.0,"max_hp_gain":0.0,"max_hp_loss":0.0,"gold_gain":0.0,"event_name":"Back to Basics","player_choice":"Simplicity","floor":19.0,"gold_loss":0.0,"damage_taken":0.0,"cards_upgraded":["Defend_G","Defend_G","Defend_G","Defend_G","Strike_G","Strike_G","Strike_G"]},{"damage_healed":0.0,"max_hp_gain":0.0,"max_hp_loss":0.0,"gold_gain":0.0,"event_name":"Masked Bandits","player_choice":"Fought Bandits","floor":21.0,"gold_loss":0.0,"damage_taken":0.0},{"damage_healed":0.0,"max_hp_gain":0.0,"max_hp_loss":0.0,"gold_gain":0.0,"event_name":"Lab","player_choice":"Got Potions","floor":28.0,"gold_loss":0.0,"damage_taken":0.0},{"damage_healed":0.0,"max_hp_gain":0.0,"max_hp_loss":0.0,"gold_gain":0.0,"event_name":"Ghosts","player_choice":"Ignored","floor":31.0,"gold_loss":0.0,"damage_taken":0.0},{"damage_healed":0.0,"max_hp_gain":0.0,"max_hp_loss":0.0,"gold_gain":222.0,"event_name":"Tomb of Lord Red Mask","player_choice":"Wore Mask","floor":36.0,"gold_loss":0.0,"damage_taken":0.0},{"cards_removed":["Bane"],"damage_healed":0.0,"max_hp_gain":0.0,"max_hp_loss":0.0,"gold_gain":0.0,"event_name":"Falling","player_choice":"Removed Attack","floor":37.0,"gold_loss":0.0,"damage_taken":0.0},{"damage_healed":68.0,"max_hp_gain":0.0,"max_hp_loss":0.0,"gold_gain":0.0,"event_name":"MindBloom","player_choice":"Heal","floor":46.0,"gold_loss":0.0,"damage_taken":0.0,"cards_obtained":["Doubt"]},{"damage_healed":0.0,"max_hp_gain":0.0,"max_hp_loss":0.0,"gold_gain":0.0,"event_name":"Upgrade Shrine","player_choice":"Upgraded","floor":47.0,"gold_loss":0.0,"damage_taken":0.0,"cards_upgraded":["Well Laid Plans"]}],"is_beta":true,"boss_relics":[{"not_picked":["Calling Bell","Runic Pyramid"],"picked":"Astrolabe"},{"not_picked":["Velvet Choker","White Beast Statue"],"picked":"HoveringKite"}],"items_purged_floors":[],"is_endless":false,"potions_floor_spawned":[4,16,25,30,35,39,48],"ascension_level":17}