{"gold_per_floor":[109,109,209,226,226,257,257,284,356,356],"floor_reached":10,"playtime":487,"items_purged":[],"score":78,"play_id":"52cd4ff9-574c-4a2b-8b0a-80a095f60b04","local_time":"20190708213325","is_ascension_mode":true,"campfire_choices":[{"floor":7,"key":"REST"}],"neow_cost":"NONE","seed_source_timestamp":9352750677043,"circlet_count":0,"master_deck":["Strike_B","Strike_B","Strike_B","Strike_B","Defend_B","Defend_B","Defend_B","Defend_B","Zap","Hologram","Loop","Undo","Aggregate"],"relics":["Lizard Tail","Regal Pillow","Gambling Chip","Pantograph"],"potions_floor_usage":[],"damage_taken":[{"damage":1,"enemies":"Cultist","floor":1,"turns":3},{"damage":0,"enemies":"Small Slimes","floor":4,"turns":4},{"damage":47,"enemies":"3 Sentries","floor":6,"turns":9},{"damage":51,"enemies":"Gremlin Nob","floor":8,"turns":6},{"damage":0,"enemies":"2 Louse","floor":10,"turns":1}],"seed_played":"-563071419217817015","potions_obtained":[],"is_trial":false,"path_per_floor":["M","?","?","M","?","E","R","E","T","M"],"character_chosen":"DEFECT","items_purchased":[],"campfire_rested":1,"item_purchase_floors":[],"current_hp_per_floor":[74,67,67,67,49,2,39,37,37,37],"gold":356,"neow_bonus":"BOSS_RELIC","is_prod":false,"is_daily":false,"chose_seed":false,"campfire_upgraded":0,"win_rate":0,"timestamp":1562614405,"path_taken":["M","?","?","?","?","E","R","E","T","M"],"build_version":"2019-07-05","purchased_purges":0,"victory":false,"max_hp_per_floor":[75,75,75,75,75,75,75,75,75,75],"card_choices":[{"not_picked":["Redo","Beam Cell"],"picked":"Hologram","floor":1},{"not_picked":["Genetic Algorithm","Hologram"],"picked":"Loop","floor":4},{"not_picked":["Ball Lightning","Double Energy"],"picked":"Undo","floor":6},{"not_picked":["Barrage","Beam Cell"],"picked":"Aggregate","floor":8}],"player_experience":71629,"relics_obtained":[{"floor":6,"key":"Gambling Chip"},{"floor":8,"key":"Pantograph"}],"event_choices":[{"cards_removed":["Dualcast"],"damage_healed":0,"gold_gain":0,"player_choice":"Card Removal","damage_taken":7,"max_hp_gain":0,"max_hp_loss":0,"event_name":"Golden Wing","floor":2,"gold_loss":0},{"damage_healed":0,"gold_gain":100,"player_choice":"Pray","damage_taken":0,"max_hp_gain":0,"max_hp_loss":0,"event_name":"Golden Shrine","floor":3,"gold_loss":0},{"damage_healed":0,"gold_gain":0,"player_choice":"Success","damage_taken":18,"relics_obtained":["Regal Pillow"],"max_hp_gain":0,"max_hp_loss":0,"event_name":"Scrap Ooze","floor":5,"gold_loss":0}],"is_beta":false,"boss_relics":[],"items_purged_floors":[],"is_endless":false,"potions_floor_spawned":[],"killed_by":"2 Louse","ascension_level":1}