{"gold_per_floor":[113,113,129,80,94,94,134,134,134,81,116,137,152,152,152,272,272,290,290,290,303,228,228,243,243,269,269,269,269,184,198,198,327,327,345,470,396,496,516,516,551,98,98,98,112,112,127,150,150,150,150,150,50,81,81],"floor_reached":55,"playtime":3227,"items_purged":["Disarm"],"score":718,"play_id":"ee5664dd-8001-4484-925f-a8d41506c909","local_time":"20190720161150","is_ascension_mode":true,"campfire_choices":[{"data":"Whirlwind","floor":6,"key":"SMITH"},{"floor":15,"key":"REST"},{"data":"Double Tap","floor":23,"key":"SMITH"},{"data":"Shrug It Off","floor":25,"key":"SMITH"},{"floor":28,"key":"RECALL"},{"floor":32,"key":"REST"},{"floor":40,"key":"REST"},{"floor":44,"key":"REST"},{"floor":46,"key":"REST"},{"floor":49,"key":"REST"},{"floor":52,"key":"REST"}],"neow_cost":"NONE","seed_source_timestamp":243568909723470,"circlet_count":0,"master_deck":["Strike_R+1","Strike_R+1","Strike_R+1","Strike_R+1","Strike_R+1","Defend_R+1","Defend_R+1","Defend_R+1","Defend_R+1","Pommel Strike","Pommel Strike","Whirlwind+1","Shrug It Off+1","Headbutt","Thunderclap","Double Tap+1","Flex+1","Flex+1"],"relics":["Burning Blood","NeowsBlessing","Golden Idol","Meat on the Bone","Mummified Hand","Ornamental Fan","Busted Crown","Happy Flower","Paper Frog","Fusion Hammer","FossilizedHelix","Bag of Preparation","Vajra","Mango","Oddly Smooth Stone"],"potions_floor_usage":[7,7,7,7,12,16,33,33,36,48,50,50,55],"damage_taken":[{"damage":0,"enemies":"Jaw Worm","floor":1,"turns":1},{"damage":0,"enemies":"Small Slimes","floor":3,"turns":1},{"damage":0,"enemies":"Cultist","floor":5,"turns":1},{"damage":27,"enemies":"Lagavulin","floor":7,"turns":7},{"damage":29,"enemies":"3 Sentries","floor":11,"turns":5},{"damage":0,"enemies":"Large Slime","floor":12,"turns":4},{"damage":14,"enemies":"Red Slaver","floor":13,"turns":2},{"damage":65,"enemies":"The Guardian","floor":16,"turns":15},{"damage":0,"enemies":"Chosen","floor":18,"turns":3},{"damage":0,"enemies":"Spheric Guardian","floor":21,"turns":3},{"damage":26,"enemies":"Snake Plant","floor":24,"turns":4},{"damage":17,"enemies":"Centurion and Healer","floor":31,"turns":3},{"damage":45,"enemies":"Automaton","floor":33,"turns":10},{"damage":23,"enemies":"3 Darklings","floor":35,"turns":3},{"damage":6,"enemies":"Mind Bloom Boss Battle","floor":36,"turns":5},{"damage":1,"enemies":"3 Shapes","floor":39,"turns":3},{"damage":23,"enemies":"Reptomancer","floor":41,"turns":6},{"damage":0,"enemies":"Spire Growth","floor":45,"turns":3},{"damage":35,"enemies":"Transient","floor":47,"turns":5},{"damage":45,"enemies":"Writhing Mass","floor":48,"turns":6},{"damage":91,"enemies":"Awakened One","floor":50,"turns":13},{"damage":16,"enemies":"Shield and Spear","floor":54,"turns":5},{"damage":86,"enemies":"The Heart","floor":55,"turns":3}],"seed_played":"-5867643723061000163","potions_obtained":[{"floor":3,"key":"EntropicBrew"},{"floor":11,"key":"SteroidPotion"},{"floor":12,"key":"SpeedPotion"},{"floor":13,"key":"LiquidBronze"},{"floor":18,"key":"Swift Potion"},{"floor":35,"key":"PowerPotion"},{"floor":41,"key":"Regen Potion"},{"floor":47,"key":"Dexterity Potion"}],"is_trial":false,"path_per_floor":["M","?","M","$","M","R","E","?","T","$","E","M","M","?","R","B",null,"M","?","?","M","$","R","M","R","T","$","R","?","?","M","R","B",null,"M","?","$","?","M","R","E","$","T","R","M","R","M","M","R","B",null,"R","$","E","B"],"character_chosen":"IRONCLAD","items_purchased":["Pommel Strike","Shrug It Off","Regen Potion","Vajra","Mango","Dexterity Potion","FearPotion"],"campfire_rested":7,"item_purchase_floors":[4,10,37,42,42,53,53],"current_hp_per_floor":[80,60,66,66,72,72,51,35,35,35,24,42,46,46,70,23,80,80,80,80,80,80,80,60,60,60,60,60,60,60,49,73,46,80,63,63,63,63,68,80,63,77,77,94,94,94,65,50,78,20,94,94,94,84,0],"gold":81,"neow_bonus":"THREE_ENEMY_KILL","is_prod":false,"is_daily":false,"chose_seed":false,"campfire_upgraded":3,"win_rate":0,"timestamp":1563664310,"path_taken":["M","?","M","$","M","R","E","?","T","$","E","M","M","?","R","BOSS","M","?","?","?","?","R","M","R","T","$","R","?","?","M","R","BOSS","M","?","$","?","M","R","E","$","T","R","M","R","M","M","R","BOSS","R","$","E","BOSS"],"build_version":"2019-07-05","purchased_purges":1,"victory":false,"max_hp_per_floor":[80,80,80,80,80,80,80,80,80,80,80,80,80,80,80,80,80,80,80,80,80,80,80,80,80,80,80,80,80,80,80,80,80,80,80,80,80,80,80,80,80,94,94,94,94,94,94,94,94,94,94,94,94,94,94],"card_choices":[{"not_picked":["Sword Boomerang","Perfected Strike"],"picked":"Pommel Strike","floor":1},{"not_picked":["Flex","Blood for Blood","Metallicize"],"picked":"SKIP","floor":3},{"not_picked":["Reckless Charge","Perfected Strike"],"picked":"Whirlwind","floor":5},{"not_picked":["Dual Wield","Clash","Entrench"],"picked":"SKIP","floor":7},{"not_picked":["Blood for Blood","Carnage","Flex"],"picked":"SKIP","floor":11},{"not_picked":["Cleave","Juggernaut"],"picked":"Headbutt","floor":12},{"not_picked":["Warcry","Headbutt"],"picked":"Thunderclap","floor":13},{"not_picked":["Limit Break","Immolate"],"picked":"Double Tap","floor":16},{"not_picked":["Perfected Strike+1"],"picked":"SKIP","floor":18},{"not_picked":["Rage"],"picked":"SKIP","floor":21},{"not_picked":["Body Slam"],"picked":"SKIP","floor":24},{"not_picked":["Thunderclap"],"picked":"SKIP","floor":31},{"not_picked":["True Grit+1"],"picked":"SKIP","floor":35},{"not_picked":["Cleave"],"picked":"SKIP","floor":39},{"not_picked":["Evolve"],"picked":"SKIP","floor":41},{"not_picked":["Pummel"],"picked":"SKIP","floor":45},{"not_picked":[],"picked":"Flex+1","floor":47},{"not_picked":["Intimidate+1"],"picked":"SKIP","floor":48},{"not_picked":[],"picked":"Flex+1","floor":54}],"player_experience":50423,"relics_obtained":[{"floor":7,"key":"Meat on the Bone"},{"floor":9,"key":"Mummified Hand"},{"floor":11,"key":"Ornamental Fan"},{"floor":26,"key":"Happy Flower"},{"floor":36,"key":"FossilizedHelix"},{"floor":41,"key":"Bag of Preparation"},{"floor":54,"key":"Oddly Smooth Stone"}],"event_choices":[{"damage_healed":0,"gold_gain":0,"player_choice":"Take Damage","damage_taken":20,"relics_obtained":["Golden Idol"],"max_hp_gain":0,"max_hp_loss":0,"event_name":"Golden Idol","floor":2,"gold_loss":0},{"damage_healed":0,"gold_gain":0,"player_choice":"Entered Light","damage_taken":16,"max_hp_gain":0,"max_hp_loss":0,"event_name":"Shining Light","floor":8,"gold_loss":0,"cards_upgraded":["Defend_R","Strike_R"]},{"cards_removed":["Bash"],"damage_healed":0,"gold_gain":0,"player_choice":"Offered Basic","damage_taken":0,"max_hp_gain":0,"max_hp_loss":0,"event_name":"Bonfire Elementals","floor":14,"gold_loss":0},{"damage_healed":0,"gold_gain":0,"player_choice":"Simplicity","damage_taken":0,"max_hp_gain":0,"max_hp_loss":0,"event_name":"Back to Basics","floor":19,"gold_loss":0,"cards_upgraded":["Strike_R","Strike_R","Strike_R","Strike_R","Defend_R","Defend_R","Defend_R"]},{"damage_healed":0,"gold_gain":0,"player_choice":"1 cards matched","damage_taken":0,"max_hp_gain":0,"max_hp_loss":0,"event_name":"Match and Keep!","floor":20,"gold_loss":0,"cards_obtained":["Disarm"]},{"damage_healed":0,"gold_gain":0,"player_choice":"Ignored","damage_taken":0,"max_hp_gain":0,"max_hp_loss":0,"event_name":"Ghosts","floor":29,"gold_loss":0},{"damage_healed":0,"gold_gain":0,"player_choice":"Obtained Relic","damage_taken":0,"relics_obtained":["Paper Frog"],"max_hp_gain":0,"max_hp_loss":0,"event_name":"Addict","floor":30,"gold_loss":85},{"damage_healed":0,"gold_gain":0,"player_choice":"Fight","damage_taken":0,"max_hp_gain":0,"max_hp_loss":0,"event_name":"MindBloom","floor":36,"gold_loss":0},{"damage_healed":0,"gold_gain":100,"player_choice":"Pray","damage_taken":0,"max_hp_gain":0,"max_hp_loss":0,"event_name":"Golden Shrine","floor":38,"gold_loss":0}],"is_beta":false,"boss_relics":[{"not_picked":["Black Blood","Ectoplasm"],"picked":"Busted Crown"},{"not_picked":["Cursed Key","Runic Dome"],"picked":"Fusion Hammer"}],"items_purged_floors":[22],"is_endless":false,"potions_floor_spawned":[3,11,12,13,18,35,41,47],"killed_by":"The Heart","ascension_level":2}