{"gold_per_floor":[115,115,126,138,8,42,42,58,58,58,74,92,92,92,92,222,222,247,196,196,211,211,238,238,39,39,39,39,49,49,66,66,171,171,183,194,206,157,0,0,25,36,36,46,46,46,46,61,61,61,61,61,14,46,46],"floor_reached":56,"playtime":5496,"items_purged":[],"score":1172,"play_id":"44d096e9-3276-4a59-b33f-b6a956b0a1c9","local_time":"20190222133742","is_ascension_mode":false,"campfire_choices":[{"data":"Poisoned Stab","floor":10,"key":"SMITH"},{"data":"Footwork","floor":13,"key":"SMITH"},{"data":"Footwork","floor":15,"key":"SMITH"},{"data":"Noxious Fumes","floor":24,"key":"SMITH"},{"data":"Catalyst","floor":27,"key":"SMITH"},{"floor":32,"key":"REST"},{"data":"Neutralize","floor":40,"key":"SMITH"},{"floor":47,"key":"RECALL"},{"data":"Wraith Form v2","floor":49,"key":"SMITH"},{"floor":52,"key":"REST"}],"neow_cost":"NONE","seed_source_timestamp":842116736247062,"circlet_count":0,"master_deck":["Survivor","Neutralize+1","Poisoned Stab+1","Reflex","Footwork+1","Cloak And Dagger","Cloak And Dagger","Footwork+1","PiercingWail","Prepared","Night Terror","Catalyst+1","Backflip","Setup","Corpse Explosion","Tools of the Trade","Masterful Stab","Dodge and Roll","Deflect+1","Night Terror","Deadly Poison","Noxious Fumes+1","Noxious Fumes+1","Crippling Poison+1","Footwork","PiercingWail","Deflect+1","Wraith Form v2+1","PiercingWail+1","Well Laid Plans+1","Leg Sweep","Backflip","After Image"],"relics":["Ring of the Snake","Boot","Paper Crane","Bloody Idol","Pear","Snake Skull","Pandora\u0027s Box","Letter Opener","DollysMirror","Kunai","Snecko Eye","Red Mask","Bag of Preparation","Orichalcum"],"potions_floor_usage":[6,16,23,23,33,55],"damage_taken":[{"damage":0,"enemies":"2 Louse","floor":1,"turns":2},{"damage":1,"enemies":"Cultist","floor":3,"turns":3},{"damage":0,"enemies":"Small Slimes","floor":4,"turns":4},{"damage":31,"enemies":"Gremlin Nob","floor":6,"turns":4},{"damage":0,"enemies":"Blue Slaver","floor":8,"turns":6},{"damage":2,"enemies":"Large Slime","floor":11,"turns":9},{"damage":0,"enemies":"2 Fungi Beasts","floor":12,"turns":4},{"damage":40,"enemies":"Hexaghost","floor":16,"turns":17},{"damage":6,"enemies":"Chosen","floor":18,"turns":4},{"damage":25,"enemies":"Spheric Guardian","floor":21,"turns":8},{"damage":14,"enemies":"Slavers","floor":23,"turns":5},{"damage":12,"enemies":"Centurion and Healer","floor":29,"turns":6},{"damage":0,"enemies":"Snecko","floor":31,"turns":4},{"damage":13,"enemies":"Automaton","floor":33,"turns":9},{"damage":14,"enemies":"Orb Walker","floor":35,"turns":5},{"damage":14,"enemies":"3 Darklings","floor":36,"turns":3},{"damage":0,"enemies":"Jaw Worm Horde","floor":37,"turns":2},{"damage":0,"enemies":"Giant Head","floor":41,"turns":7},{"damage":0,"enemies":"4 Shapes","floor":42,"turns":3},{"damage":3,"enemies":"Transient","floor":44,"turns":5},{"damage":0,"enemies":"3 Darklings","floor":48,"turns":4},{"damage":23,"enemies":"Awakened One","floor":50,"turns":17},{"damage":4,"enemies":"Shield and Spear","floor":54,"turns":4},{"damage":64,"enemies":"The Heart","floor":55,"turns":10}],"seed_played":"-5160910394790255584","potions_obtained":[{"floor":4,"key":"PowerPotion"},{"floor":8,"key":"Explosive Potion"},{"floor":21,"key":"Fire Potion"},{"floor":29,"key":"LiquidBronze"},{"floor":31,"key":"SteroidPotion"},{"floor":35,"key":"Weak Potion"},{"floor":41,"key":"GhostInAJar"}],"is_trial":false,"path_per_floor":["M","?","M","M","$","E","?","M","T","R","M","M","R","?","R","B",null,"M","$","?","M","?","E","R","$","T","R","$","M","?","M","R","B",null,"M","M","M","$","?","R","E","M","T","M","?","$","R","M","R","B",null,"R","$","E","B",null],"character_chosen":"THE_SILENT","items_purchased":["Cloak And Dagger","Footwork","Poison Potion","DollysMirror","PowerPotion","Backflip"],"campfire_rested":2,"item_purchase_floors":[5,5,19,25,38,53],"current_hp_per_floor":[70,70,69,69,69,38,38,38,48,48,46,46,46,46,46,6,75,69,69,69,49,49,40,40,40,40,40,40,33,33,38,60,52,75,66,57,62,62,62,62,67,72,72,74,74,74,74,75,75,52,75,75,75,75,11],"gold":46,"neow_bonus":"RANDOM_COMMON_RELIC","is_prod":false,"is_daily":false,"chose_seed":false,"campfire_upgraded":7,"win_rate":0,"timestamp":1550860662,"path_taken":["M","?","?","M","$","E","?","M","T","R","M","M","R","?","R","BOSS","M","$","?","M","?","E","R","$","T","R","?","M","?","M","R","BOSS","M","M","M","$","?","R","E","M","T","M","?","?","R","M","R","BOSS","R","$","E","BOSS"],"build_version":"2019-01-23","purchased_purges":0,"victory":true,"max_hp_per_floor":[70,70,70,70,70,70,65,65,75,75,75,75,75,75,75,75,75,75,75,75,75,75,75,75,75,75,75,75,75,75,75,75,75,75,75,75,75,75,75,75,75,75,75,75,75,75,75,75,75,75,75,75,75,75,75],"card_choices":[{"not_picked":["Deadly Poison","Sucker Punch"],"picked":"Poisoned Stab","floor":1},{"not_picked":["Escape Plan","Dagger Spray"],"picked":"Footwork","floor":3},{"not_picked":["Quick Slash","Masterful Stab"],"picked":"Cloak And Dagger","floor":4},{"not_picked":["Cloak And Dagger","Dagger Spray"],"picked":"PiercingWail","floor":6},{"not_picked":["Bane","Terror","Blade Dance"],"picked":"SKIP","floor":8},{"not_picked":["Underhanded Strike","Prepared","Slice"],"picked":"SKIP","floor":11},{"not_picked":["Tactician","Deflect"],"picked":"Prepared","floor":12},{"not_picked":["Die Die Die","Venomology"],"picked":"Night Terror","floor":16},{"not_picked":["Poisoned Stab","Choke"],"picked":"Dodge and Roll","floor":18},{"not_picked":["Bouncing Flask","Flying Knee+1"],"picked":"Deflect+1","floor":21},{"not_picked":["Dagger Spray","Deadly Poison+1"],"picked":"Noxious Fumes","floor":23},{"not_picked":["Terror","Blur"],"picked":"Crippling Poison+1","floor":29},{"not_picked":["A Thousand Cuts","Blade Dance"],"picked":"Footwork","floor":31},{"not_picked":["Accuracy+1","Infinite Blades+1"],"picked":"PiercingWail","floor":35},{"not_picked":["Flying Knee+1","Bane+1","Slice+1"],"picked":"SKIP","floor":36},{"not_picked":["Skewer+1","Quick Slash+1"],"picked":"Deflect+1","floor":37},{"not_picked":["Calculated Gamble+1","Outmaneuver"],"picked":"Wraith Form v2","floor":41},{"not_picked":["Endless Agony+1","All Out Attack"],"picked":"PiercingWail+1","floor":42},{"not_picked":["Dagger Spray+1","Noxious Fumes+1"],"picked":"Well Laid Plans+1","floor":44},{"not_picked":["Infinite Blades","Deflect+1"],"picked":"Leg Sweep","floor":48},{"not_picked":["Eviscerate+1","Quick Slash"],"picked":"After Image","floor":54}],"player_experience":3050381,"relics_obtained":[{"floor":6,"key":"Paper Crane"},{"floor":9,"key":"Pear"},{"floor":23,"key":"Letter Opener"},{"floor":26,"key":"Kunai"},{"floor":41,"key":"Bag of Preparation"},{"floor":54,"key":"Orichalcum"}],"event_choices":[{"damage_healed":0,"gold_gain":0,"cards_transformed":["Strike_G"],"player_choice":"Transformed","damage_taken":0,"max_hp_gain":0,"max_hp_loss":0,"event_name":"Transmorgrifier","floor":2,"gold_loss":0,"cards_obtained":["Reflex"]},{"damage_healed":0,"gold_gain":0,"player_choice":"Lose Max HP","damage_taken":0,"relics_obtained":["Golden Idol"],"max_hp_gain":0,"max_hp_loss":5,"event_name":"Golden Idol","floor":7,"gold_loss":0},{"damage_healed":0,"gold_gain":0,"player_choice":"Searched \u00271\u0027 times","damage_taken":0,"relics_obtained":["Snake Skull"],"max_hp_gain":0,"max_hp_loss":0,"event_name":"Dead Adventurer","floor":14,"gold_loss":0},{"damage_healed":0,"gold_gain":0,"player_choice":"Gave Idol","damage_taken":0,"relics_obtained":["Bloody Idol"],"max_hp_gain":0,"max_hp_loss":0,"event_name":"Forgotten Altar","floor":20,"relics_lost":["Golden Idol"],"gold_loss":0},{"damage_healed":0,"gold_gain":0,"cards_transformed":["Phantasmal Killer","Eviscerate"],"player_choice":"Became Test Subject","damage_taken":0,"max_hp_gain":0,"max_hp_loss":0,"event_name":"Drug Dealer","floor":22,"gold_loss":0,"cards_obtained":["Night Terror","Deadly Poison"]},{"damage_healed":0,"gold_gain":0,"player_choice":"Ignored","damage_taken":0,"max_hp_gain":0,"max_hp_loss":0,"event_name":"Vampires","floor":30,"gold_loss":0},{"damage_healed":0,"gold_gain":0,"player_choice":"Paid","damage_taken":0,"relics_obtained":["Red Mask"],"max_hp_gain":0,"max_hp_loss":0,"event_name":"Tomb of Lord Red Mask","floor":39,"gold_loss":157},{"cards_removed":["Backstab"],"damage_healed":0,"gold_gain":0,"player_choice":"Removed Attack","damage_taken":0,"max_hp_gain":0,"max_hp_loss":0,"event_name":"Falling","floor":45,"gold_loss":0}],"is_beta":false,"boss_relics":[{"not_picked":["WristBlade","Coffee Dripper"],"picked":"Pandora\u0027s Box"},{"not_picked":["Cursed Key","Lizard Tail"],"picked":"Snecko Eye"}],"items_purged_floors":[],"is_endless":false,"potions_floor_spawned":[4,8,21,29,31,35,41,42],"ascension_level":0}