{"gold_per_floor":[118,118,137,148,9,9,9,9,59,94,1,30,41,51,51,51],"floor_reached":16,"playtime":1587,"items_purged":[],"score":110,"play_id":"5f054c7c-1611-4b4f-b098-3739d6faaa48","local_time":"20190705234257","is_ascension_mode":false,"campfire_choices":[{"data":"Feed","floor":6,"key":"SMITH"},{"data":"Bash","floor":15,"key":"SMITH"}],"neow_cost":"NONE","seed_source_timestamp":1984267514503615,"circlet_count":0,"master_deck":["Strike_R","Strike_R","Strike_R","Defend_R","Defend_R","Defend_R","Defend_R","Bash+1","Hemokinesis","Shockwave","Clothesline","Feed+1","True Grit","Carnage","Shrug It Off","Spot Weakness"],"relics":["Burning Blood","Frozen Egg 2","Regal Pillow","Charon\u0027s Ashes","Happy Flower"],"potions_floor_usage":[10,13],"damage_taken":[{"damage":3,"enemies":"Cultist","floor":1,"turns":2},{"damage":11,"enemies":"Jaw Worm","floor":3,"turns":3},{"damage":2,"enemies":"2 Louse","floor":4,"turns":3},{"damage":26,"enemies":"Lagavulin","floor":10,"turns":8},{"damage":25,"enemies":"3 Sentries","floor":12,"turns":6},{"damage":6,"enemies":"Exordium Thugs","floor":13,"turns":5},{"damage":14,"enemies":"Exordium Wildlife","floor":14,"turns":5},{"damage":45,"enemies":"Slime Boss","floor":16,"turns":7}],"seed_played":"8301576161036688436","potions_obtained":[{"floor":4,"key":"SkillPotion"},{"floor":12,"key":"Regen Potion"}],"is_trial":false,"path_per_floor":["M","?","M","M","$","R","?","$","T","E","$","E","M","M","R","B"],"character_chosen":"IRONCLAD","items_purchased":["Feed","True Grit","Carnage"],"campfire_rested":0,"item_purchase_floors":[5,11,11],"current_hp_per_floor":[80,80,75,79,79,79,67,67,67,47,47,28,46,42,42,0],"gold":51,"neow_bonus":"TRANSFORM_CARD","is_prod":false,"is_daily":false,"chose_seed":false,"campfire_upgraded":2,"win_rate":0,"timestamp":1562384577,"path_taken":["M","?","M","?","$","R","?","?","T","E","$","E","M","M","R","BOSS"],"build_version":"2019-07-05","purchased_purges":0,"victory":false,"max_hp_per_floor":[80,80,80,80,80,80,80,80,80,80,80,80,84,88,88,88],"card_choices":[{"not_picked":["Flex","Dropkick"],"picked":"Shockwave","floor":1},{"not_picked":["Armaments","Headbutt"],"picked":"Clothesline","floor":3},{"not_picked":["Thunderclap","Power Through","Clothesline"],"picked":"SKIP","floor":4},{"not_picked":["Havoc","Iron Wave","Flex"],"picked":"SKIP","floor":10},{"not_picked":["True Grit","Heavy Blade"],"picked":"Shrug It Off","floor":12},{"not_picked":["Twin Strike","Rupture+1"],"picked":"Spot Weakness","floor":13},{"not_picked":["Sword Boomerang","Armaments","Wild Strike"],"picked":"SKIP","floor":14}],"player_experience":3914894,"relics_obtained":[{"floor":9,"key":"Regal Pillow"},{"floor":10,"key":"Charon\u0027s Ashes"},{"floor":12,"key":"Happy Flower"}],"event_choices":[{"cards_removed":["Strike_R"],"damage_healed":0,"gold_gain":0,"player_choice":"Offered Basic","damage_taken":0,"max_hp_gain":0,"max_hp_loss":0,"event_name":"Bonfire Elementals","floor":2,"gold_loss":0},{"damage_healed":0,"gold_gain":0,"player_choice":"Success","damage_taken":12,"relics_obtained":["Frozen Egg 2"],"max_hp_gain":0,"max_hp_loss":0,"event_name":"Scrap Ooze","floor":7,"gold_loss":0}],"is_beta":false,"boss_relics":[],"items_purged_floors":[],"is_endless":false,"potions_floor_spawned":[4,12],"killed_by":"Slime Boss","ascension_level":0}