{"gold_per_floor":[117,117,192,203,203,203,214,214,214,214,230,247,31,31,31,110,110,121,121,121,46,46,46,65,79,79,79],"floor_reached":27,"playtime":1344,"items_purged":["Writhe"],"score":392,"play_id":"cf21eb73-cf29-4f3a-bccd-f0aba799435d","local_time":"20190702192431","is_ascension_mode":true,"campfire_choices":[{"floor":6,"key":"REST"},{"data":"Doppelganger","floor":8,"key":"SMITH"},{"data":"Terror","floor":15,"key":"SMITH"},{"floor":23,"key":"REST"}],"neow_cost":"NONE","seed_source_timestamp":1641811117210215,"circlet_count":0,"master_deck":["AscendersBane","Survivor","Neutralize+1","Doppelganger+1","Cloak And Dagger+1","Well Laid Plans","Dagger Throw","Acrobatics","Terror+1","Venomology+1","Night Terror","Concentrate","Blur","Choke","Quick Slash","Dodge and Roll","A Thousand Cuts","Bane","Envenom","Grand Finale","Ball Lightning","Clothesline","Shrug It Off"],"relics":["Ring of the Snake","Letter Opener","PrismaticShard","Pandora\u0027s Box","Pantograph","Oddly Smooth Stone"],"potions_floor_usage":[16,24,25,25,25],"damage_taken":[{"damage":3,"enemies":"Jaw Worm","floor":1,"turns":6},{"damage":0,"enemies":"Small Slimes","floor":4,"turns":4},{"damage":1,"enemies":"2 Louse","floor":7,"turns":3},{"damage":7,"enemies":"Large Slime","floor":11,"turns":6},{"damage":0,"enemies":"3 Louse","floor":12,"turns":2},{"damage":23,"enemies":"The Guardian","floor":16,"turns":11},{"damage":26,"enemies":"Spheric Guardian","floor":18,"turns":5},{"damage":27,"enemies":"3 Byrds","floor":24,"turns":5},{"damage":15,"enemies":"Centurion and Healer","floor":25,"turns":4},{"damage":21,"enemies":"Shelled Parasite and Fungi","floor":27,"turns":1}],"seed_played":"-5134135250805896508","potions_obtained":[{"floor":1,"key":"AttackPotion"},{"floor":11,"key":"Ancient Potion"},{"floor":25,"key":"GamblersBrew"}],"is_trial":false,"path_per_floor":["M","?","?","M","?","R","M","R","T","?","M","M","$","?","R","B",null,"M","?","?","$","?","R","M","M","T","M"],"character_chosen":"THE_SILENT","items_purchased":["PrismaticShard"],"campfire_rested":2,"item_purchase_floors":[13],"current_hp_per_floor":[56,36,25,25,25,44,43,43,43,43,36,36,36,36,36,13,53,27,27,27,27,27,46,19,4,4,0],"gold":79,"neow_bonus":"ONE_RANDOM_RARE_CARD","is_prod":false,"is_daily":false,"chose_seed":false,"campfire_upgraded":2,"win_rate":0,"timestamp":1562117071,"path_taken":["M","?","?","M","?","R","M","R","T","?","M","M","$","?","R","BOSS","M","?","?","$","?","R","?","M","T","M"],"build_version":"2019-06-30","purchased_purges":1,"victory":false,"max_hp_per_floor":[66,66,66,66,66,66,66,66,66,66,66,66,66,66,66,66,66,66,66,66,66,66,66,66,66,66,66],"card_choices":[{"not_picked":["Underhanded Strike","Slice"],"picked":"Cloak And Dagger","floor":1},{"not_picked":["Crippling Poison","Sucker Punch"],"picked":"Well Laid Plans","floor":4},{"not_picked":["Deadly Poison","Bane"],"picked":"Dagger Throw","floor":7},{"not_picked":["Outmaneuver","Bane"],"picked":"Acrobatics","floor":11},{"not_picked":["All Out Attack","Eviscerate"],"picked":"Terror","floor":12},{"not_picked":["Rainbow","Storm of Steel"],"picked":"Venomology","floor":16},{"not_picked":["Cloak And Dagger","Beam Cell"],"picked":"Ball Lightning","floor":18},{"not_picked":["Second Wind+1","Pummel"],"picked":"Clothesline","floor":24},{"not_picked":["Acrobatics+1","Clothesline+1"],"picked":"Shrug It Off","floor":25}],"player_experience":1125194,"relics_obtained":[{"floor":9,"key":"Letter Opener"},{"floor":26,"key":"Oddly Smooth Stone"}],"event_choices":[{"damage_healed":0,"gold_gain":0,"player_choice":"Entered Light","damage_taken":20,"max_hp_gain":0,"max_hp_loss":0,"event_name":"Shining Light","floor":2,"gold_loss":0,"cards_upgraded":["Strike_G","Cloak And Dagger"]},{"damage_healed":0,"gold_gain":75,"player_choice":"Gather Gold","damage_taken":11,"max_hp_gain":0,"max_hp_loss":0,"event_name":"World of Goop","floor":3,"gold_loss":0},{"damage_healed":0,"gold_gain":0,"player_choice":"Fled","damage_taken":0,"max_hp_gain":0,"max_hp_loss":0,"event_name":"Scrap Ooze","floor":5,"gold_loss":0},{"damage_healed":0,"gold_gain":0,"player_choice":"Grow","damage_taken":0,"max_hp_gain":0,"max_hp_loss":0,"event_name":"Living Wall","floor":10,"gold_loss":0,"cards_upgraded":["Neutralize"]},{"damage_healed":0,"gold_gain":0,"player_choice":"Ignored","damage_taken":0,"max_hp_gain":0,"max_hp_loss":0,"event_name":"Golden Wing","floor":14,"gold_loss":0},{"damage_healed":0,"gold_gain":0,"player_choice":"Ignored","damage_taken":0,"max_hp_gain":0,"max_hp_loss":0,"event_name":"Beggar","floor":19,"gold_loss":0},{"damage_healed":0,"gold_gain":0,"player_choice":"Opened","damage_taken":0,"relics_obtained":["Pantograph"],"max_hp_gain":0,"max_hp_loss":0,"event_name":"The Mausoleum","floor":20,"gold_loss":0,"cards_obtained":["Writhe"]},{"damage_healed":0,"gold_gain":0,"player_choice":"Upgraded","damage_taken":0,"max_hp_gain":0,"max_hp_loss":0,"event_name":"Upgrade Shrine","floor":22,"gold_loss":0,"cards_upgraded":["Venomology"]}],"is_beta":true,"boss_relics":[{"not_picked":["Ectoplasm","Calling Bell"],"picked":"Pandora\u0027s Box"}],"items_purged_floors":[21],"is_endless":false,"potions_floor_spawned":[1,11,24,25],"killed_by":"Shelled Parasite and Fungi","ascension_level":19}