{"gold_per_floor":[113,113,113,128,128,128,128,128,182,193,193,225,225,4,4,81,81,91,103,116,28,0,0,35,10,10,30,30,63,63,63,63,63],"floor_reached":33,"playtime":1460,"items_purged":["Strike_B"],"score":530,"play_id":"d866c595-9a63-4581-a8b7-ccfd94e21f65","local_time":"20190410191958","is_ascension_mode":true,"campfire_choices":[{"data":"Biased Cognition","floor":6,"key":"SMITH"},{"floor":8,"key":"REST"},{"floor":13,"key":"REST"},{"data":"Zap","floor":15,"key":"SMITH"},{"floor":23,"key":"REST"},{"floor":28,"key":"REST"},{"floor":32,"key":"REST"}],"neow_cost":"TEN_PERCENT_HP_LOSS","seed_source_timestamp":85775225659447,"circlet_count":0,"master_deck":["AscendersBane","Defend_B","Defend_B","Defend_B","Zap+1","Dualcast","Biased Cognition+1","Sweeping Beam","BootSequence","White Noise","Skim","Go for the Eyes","Defragment","Coolheaded","Seek","Parasite","Capacitor","Reprogram","Self Repair","Sunder","Stack","Defragment+1","Genetic Algorithm","Genetic Algorithm"],"relics":["Cracked Core","Omamori","Lantern","Calling Bell","PreservedInsect","Symbiotic Virus","Bird Faced Urn","Vajra","Matryoshka","Question Card"],"potions_floor_usage":[12,16,19,19,29,31],"damage_taken":[{"damage":2,"enemies":"Jaw Worm","floor":1,"turns":3},{"damage":7,"enemies":"Small Slimes","floor":4,"turns":4},{"damage":0,"enemies":"2 Louse","floor":10,"turns":2},{"damage":59,"enemies":"Gremlin Nob","floor":12,"turns":5},{"damage":10,"enemies":"Slime Boss","floor":16,"turns":8},{"damage":6,"enemies":"Shell Parasite","floor":18,"turns":5},{"damage":12,"enemies":"2 Thieves","floor":19,"turns":4},{"damage":29,"enemies":"Snecko","floor":20,"turns":4},{"damage":35,"enemies":"Book of Stabbing","floor":24,"turns":5},{"damage":25,"enemies":"Chosen and Byrds","floor":27,"turns":6},{"damage":19,"enemies":"Gremlin Leader","floor":29,"turns":5},{"damage":23,"enemies":"Colosseum Slavers","floor":31,"turns":4},{"damage":44,"enemies":"Automaton","floor":33,"turns":4}],"seed_played":"8851693718697177094","potions_obtained":[{"floor":4,"key":"FearPotion"},{"floor":12,"key":"PowerPotion"},{"floor":16,"key":"Weak Potion"},{"floor":18,"key":"Block Potion"},{"floor":27,"key":"Poison Potion"},{"floor":29,"key":"Ancient Potion"}],"is_trial":false,"path_per_floor":["M","?","?","M","?","R","?","R","T","M","?","E","R","$","R","B",null,"M","M","M","$","?","R","E","$","T","M","R","E","?","?","R","B"],"character_chosen":"DEFECT","items_purchased":["Defragment","Coolheaded","Self Repair","Stack"],"campfire_rested":5,"item_purchase_floors":[14,14,21,25],"current_hp_per_floor":[62,55,55,48,48,48,48,64,64,64,69,10,30,30,30,20,57,57,49,26,26,26,46,24,24,24,12,32,28,28,11,31,0],"gold":63,"neow_bonus":"THREE_RARE_CARDS","is_prod":false,"is_daily":false,"chose_seed":false,"campfire_upgraded":2,"win_rate":0,"timestamp":1554938398,"path_taken":["M","?","?","M","?","R","?","R","T","M","?","E","R","$","R","BOSS","M","M","M","$","?","R","E","$","T","M","R","E","?","?","R","BOSS"],"build_version":"2019-01-23","purchased_purges":1,"victory":false,"max_hp_per_floor":[64,64,64,64,64,64,64,64,64,64,69,69,69,69,69,69,69,69,69,69,69,69,69,69,69,69,69,69,69,69,69,69,69],"card_choices":[{"not_picked":["Buffer","Multi-Cast"],"picked":"Biased Cognition","floor":0},{"not_picked":["Rebound","Streamline"],"picked":"Sweeping Beam","floor":1},{"not_picked":["Undo","Coolheaded"],"picked":"BootSequence","floor":4},{"not_picked":["Ball Lightning","Leap"],"picked":"Skim","floor":10},{"not_picked":["Redo","Hello World"],"picked":"Go for the Eyes","floor":12},{"not_picked":["Amplify","Thunder Strike"],"picked":"Seek","floor":16},{"not_picked":["Gash","Leap","Compile Driver"],"picked":"SKIP","floor":18},{"not_picked":["Loop","Conserve Battery+1"],"picked":"Capacitor","floor":19},{"not_picked":["Capacitor","Leap"],"picked":"Reprogram","floor":20},{"not_picked":["Amplify","Hologram"],"picked":"Sunder","floor":24},{"not_picked":["Stack","Streamline"],"picked":"Defragment+1","floor":27},{"not_picked":["Sweeping Beam","Redo","Coolheaded"],"picked":"SKIP","floor":29}],"player_experience":3344030,"relics_obtained":[{"floor":9,"key":"Omamori"},{"floor":12,"key":"Lantern"},{"floor":17,"key":"PreservedInsect"},{"floor":17,"key":"Symbiotic Virus"},{"floor":17,"key":"Bird Faced Urn"},{"floor":24,"key":"Vajra"},{"floor":26,"key":"Matryoshka"},{"floor":29,"key":"Question Card"}],"event_choices":[{"cards_removed":["Strike_B"],"damage_healed":0,"gold_gain":0,"player_choice":"Card Removal","damage_taken":7,"max_hp_gain":0,"max_hp_loss":0,"event_name":"Golden Wing","floor":2,"gold_loss":0},{"damage_healed":0,"gold_gain":0,"player_choice":"Ignored","damage_taken":0,"max_hp_gain":0,"max_hp_loss":0,"event_name":"Liars Game","floor":3,"gold_loss":0},{"damage_healed":0,"gold_gain":0,"cards_transformed":["Strike_B"],"player_choice":"Change","damage_taken":0,"max_hp_gain":0,"max_hp_loss":0,"event_name":"Living Wall","floor":5,"gold_loss":0,"cards_obtained":["White Noise"]},{"damage_healed":0,"gold_gain":0,"player_choice":"Ignored","damage_taken":0,"max_hp_gain":0,"max_hp_loss":0,"event_name":"Shining Light","floor":7,"gold_loss":0},{"damage_healed":0,"gold_gain":0,"player_choice":"Donut","damage_taken":0,"max_hp_gain":5,"max_hp_loss":0,"event_name":"Big Fish","floor":11,"gold_loss":0},{"damage_healed":0,"gold_gain":0,"player_choice":"Paid Fearfully","damage_taken":0,"max_hp_gain":0,"max_hp_loss":0,"event_name":"Masked Bandits","floor":22,"gold_loss":28},{"damage_healed":0,"gold_gain":0,"cards_transformed":["Strike_B","Defend_B"],"player_choice":"Became Test Subject","damage_taken":0,"max_hp_gain":0,"max_hp_loss":0,"event_name":"Drug Dealer","floor":30,"gold_loss":0,"cards_obtained":["Genetic Algorithm","Genetic Algorithm"]},{"damage_healed":0,"gold_gain":0,"player_choice":"Fight","damage_taken":0,"max_hp_gain":0,"max_hp_loss":0,"event_name":"Colosseum","floor":31,"gold_loss":0},{"damage_healed":0,"gold_gain":0,"player_choice":"Fled From Nobs","damage_taken":0,"max_hp_gain":0,"max_hp_loss":0,"event_name":"Colosseum","floor":31,"gold_loss":0}],"is_beta":false,"boss_relics":[{"not_picked":["Black Star","Empty Cage"],"picked":"Calling Bell"}],"items_purged_floors":[14],"is_endless":false,"potions_floor_spawned":[4,12,16,18,27,29,31],"killed_by":"Automaton","ascension_level":18}