{"path_per_floor":["M","$","?","M","$","E","$","R","T","R","M","R","M","M","R","B",null,"M","M","M","M","$","E","?","R","T","R","E","M","?","M","R","B",null,"M","$","?","M","M","R","E","R","T","?","E","M","R","?","R","B"],"character_chosen":"THE_SILENT","items_purchased":["Footwork","Strawberry","Bottled Lightning"],"gold_per_floor":[114,39,214,229,47,77,77,77,77,77,92,92,107,122,122,222,222,237,252,267,282,132,162,77,77,77,77,107,122,122,137,137,237,237,252,2,2,17,32,32,62,62,62,72,102,117,117,117,117,117],"floor_reached":51,"campfire_rested":4,"playtime":4210,"item_purchase_floors":[5,22,36],"current_hp_per_floor":[68,67,66,65,64,63,62,61,60,59,58,57,56,55,54,53,52,51,50,42,42,49,22,22,37,37,49,22,21,14,13,28,28,47,46,45,39,39,39,39,35,35,35,39,39,37,37,37,46,15],"items_purged":["Skewer","Skewer"],"gold":117,"score":920,"play_id":"556ba5d2-ad76-4876-8d14-be783d6e24ad","local_time":"20180531092928","daily_mods":["Insanity","Time Dilation","Terminal"],"is_prod":false,"is_daily":true,"chose_seed":false,"is_ascension_mode":false,"campfire_upgraded":7,"win_rate":0,"timestamp":1527773368,"campfire_choices":[{"data":"Burst","floor":8,"key":"SMITH"},{"data":"Neutralize","floor":10,"key":"SMITH"},{"data":"Bouncing Flask","floor":12,"key":"SMITH"},{"data":"Wraith Form v2","floor":15,"key":"SMITH"},{"floor":25,"key":"REST"},{"floor":27,"key":"REST"},{"floor":32,"key":"REST"},{"data":"Expertise","floor":40,"key":"SMITH"},{"data":"Footwork","floor":42,"key":"SMITH"},{"data":"Bouncing Flask","floor":47,"key":"SMITH"},{"floor":49,"key":"REST"}],"path_taken":["M","$","?","M","$","E","$","R","T","R","M","R","M","M","R","BOSS","M","M","M","M","$","E","?","R","T","R","E","M","?","M","R","BOSS","M","$","?","M","M","R","E","R","T","?","E","?","R","?","R","BOSS"],"build_version":"2018-05-24","seed_source_timestamp":0,"purchased_purges":2,"victory":true,"master_deck":["Burst+1","Heel Hook","Tools of the Trade","Dash","Underhanded Strike","Venomology","Expertise+1","Strike_G","Prepared","Neutralize+1","Caltrops","Wraith Form v2+1","Dagger Spray","Bouncing Flask+1","Acrobatics","Bouncing Flask+1","Infinite Blades","Quick Slash","Unload","Neutralize","Tools of the Trade","Accuracy","Unload","Tools of the Trade","Cloak And Dagger","Concentrate","Blade Dance","Neutralize","Distraction","Escape Plan","Infinite Blades","Catalyst","Poisoned Stab","Endless Agony","Strike_G","Cloak And Dagger","A Thousand Cuts","Calculated Gamble","Neutralize","Escape Plan","Corpse Explosion","Distraction","Distraction","Blade Dance","Strike_G","Leg Sweep","All Out Attack","Doubt","Blur","Footwork+1","Wraith Form v2","Tactician","PiercingWail+1","Backflip","Blur+1","Prepared","Prepared","Terror","Die Die Die","Madness","Madness","Acrobatics+1","Backstab","Pain","Catalyst+1","Terror+1"],"max_hp_per_floor":[68,67,66,65,64,63,62,61,60,59,58,57,56,55,54,53,52,51,50,49,48,54,53,52,51,50,49,48,47,51,50,49,48,47,46,45,44,43,42,41,40,39,38,51,50,49,48,47,46,45],"relics":["Ring of the Snake","Blue Candle","Question Card","Sozu","Strawberry","Anchor","Tingsha","Dead Branch","The Specimen","Cursed Key","Bottled Lightning","Bottled Tornado","Shuriken","Mango","Ginger"],"card_choices":[{"not_picked":["Flechettes","Flying Knee","PiercingWail"],"picked":"SKIP","floor":1},{"not_picked":["Backflip","Dagger Spray"],"picked":"Blur","floor":4},{"not_picked":["Underhanded Strike","Bane","Dagger Spray"],"picked":"SKIP","floor":6},{"not_picked":["Heel Hook","Caltrops","Catalyst","A Thousand Cuts"],"picked":"SKIP","floor":11},{"not_picked":["Reflex","Dagger Throw","Caltrops","Quick Slash"],"picked":"SKIP","floor":13},{"not_picked":["Slice","Bane","All Out Attack"],"picked":"Wraith Form v2","floor":14},{"not_picked":["A Thousand Cuts","Grand Finale","Venomology"],"picked":"Tactician","floor":16},{"not_picked":["Poisoned Stab","Infinite Blades+1","Endless Agony"],"picked":"PiercingWail+1","floor":18},{"not_picked":["Poisoned Stab+1","Dagger Spray","PiercingWail"],"picked":"Backflip","floor":19},{"not_picked":["Reflex","PiercingWail","A Thousand Cuts"],"picked":"Blur+1","floor":20},{"not_picked":["Bane+1","Slice+1","Flying Knee"],"picked":"Prepared","floor":21},{"not_picked":["Dash","Night Terror","Deflect"],"picked":"Prepared","floor":23},{"not_picked":["Accuracy","Distraction","Prepared+1"],"picked":"Terror","floor":28},{"not_picked":["Dash","Underhanded Strike","Dagger Throw+1","Cloak And Dagger"],"picked":"SKIP","floor":29},{"not_picked":["Distraction","Bane+1","All Out Attack","Underhanded Strike"],"picked":"SKIP","floor":31},{"not_picked":["Phantasmal Killer","Wraith Form v2","Burst"],"picked":"Die Die Die","floor":33},{"not_picked":["Reflex","Prepared","Choke","Acrobatics"],"picked":"SKIP","floor":35},{"not_picked":["Dagger Spray","Expertise+1","PiercingWail+1"],"picked":"Acrobatics+1","floor":38},{"not_picked":["Blade Dance","Poisoned Stab","Dagger Throw","Eviscerate+1"],"picked":"SKIP","floor":39},{"not_picked":["Dash","Unload","Eviscerate"],"picked":"Backstab","floor":41},{"not_picked":["Terror","Backflip","Dagger Throw"],"picked":"Catalyst+1","floor":45},{"not_picked":["Sucker Punch+1","Acrobatics","Night Terror"],"picked":"Terror+1","floor":46}],"player_experience":1221537,"potions_floor_usage":[1,6,6,6,13,16,16,23,28],"damage_taken":[{"damage":0,"enemies":"2 Louse","floor":1,"turns":2},{"damage":0,"enemies":"Small Slimes","floor":4,"turns":1},{"damage":0,"enemies":"Lagavulin","floor":6,"turns":4},{"damage":0,"enemies":"Jaw Worm","floor":11,"turns":3},{"damage":1,"enemies":"2 Fungi Beasts","floor":13,"turns":3},{"damage":0,"enemies":"Large Slime","floor":14,"turns":5},{"damage":1,"enemies":"Hexaghost","floor":16,"turns":5},{"damage":0,"enemies":"2 Thieves","floor":18,"turns":4},{"damage":0,"enemies":"Spheric Guardian","floor":19,"turns":4},{"damage":8,"enemies":"Centurion and Healer","floor":20,"turns":6},{"damage":0,"enemies":"Snake Plant","floor":21,"turns":2},{"damage":27,"enemies":"Gremlin Leader","floor":23,"turns":8},{"damage":27,"enemies":"Book of Stabbing","floor":28,"turns":4},{"damage":1,"enemies":"Sentry and Sphere","floor":29,"turns":6},{"damage":1,"enemies":"Chosen and Byrds","floor":31,"turns":3},{"damage":0,"enemies":"Collector","floor":33,"turns":5},{"damage":0,"enemies":"3 Darklings","floor":35,"turns":5},{"damage":0,"enemies":"Orb Walker","floor":38,"turns":2},{"damage":0,"enemies":"3 Darklings","floor":39,"turns":4},{"damage":4,"enemies":"Giant Head","floor":41,"turns":6},{"damage":10,"enemies":"Mysterious Sphere","floor":44,"turns":3},{"damage":0,"enemies":"Nemesis","floor":45,"turns":5},{"damage":2,"enemies":"Sphere and 2 Shapes","floor":46,"turns":3},{"damage":31,"enemies":"Time Eater","floor":50,"turns":10}],"relics_obtained":[{"floor":6,"key":"Blue Candle"},{"floor":9,"key":"Question Card"},{"floor":23,"key":"Anchor"},{"floor":26,"key":"Dead Branch"},{"floor":28,"key":"The Specimen"},{"floor":41,"key":"Bottled Tornado"},{"floor":43,"key":"Shuriken"},{"floor":44,"key":"Mango"},{"floor":45,"key":"Ginger"}],"event_choices":[{"event_name":"Liars Game","player_choice":"agreed","floor":3,"damage_taken":0},{"event_name":"Addict","player_choice":"Obtained Relic","floor":24,"damage_taken":0},{"event_name":"Forgotten Altar","player_choice":"Shed Blood","floor":30,"damage_taken":0},{"event_name":"Winding Halls","player_choice":"Embrace Madness","floor":37,"damage_taken":0},{"event_name":"Mysterious Sphere","player_choice":"Fight","floor":44,"damage_taken":0}],"boss_relics":[{"not_picked":["Runic Dome","Eternal Feather"],"picked":"Sozu"},{"not_picked":["Calling Bell","White Beast Statue"],"picked":"Cursed Key"}],"items_purged_floors":[2,5],"potions_floor_spawned":[1,4,6,14,18,21,23,28,31,33,44,45,46],"seed_played":"-8525478308114596577","ascension_level":0,"potions_obtained":[{"floor":1,"key":"GhostInAJar"},{"floor":4,"key":"FearPotion"},{"floor":6,"key":"FearPotion"}],"is_trial":false}