{"gold_per_floor":[114,25,25,25,44,44,8,8,58,96,115,115,134,12,12,137,137,156,156,175,1,1,20,20,58,133,33,71,71,109,109,109,234,234,253,213,232,93,112,112,112,112,162,181,219,95,133,152,152,152],"floor_reached":51,"playtime":3559,"items_purged":["Strike_R","Strike_G"],"score":859,"play_id":"4a136e61-ae81-4657-bf97-deb75d7aa3f9","local_time":"20181119004126","daily_mods":["Chimera","Diverse","Binary"],"is_ascension_mode":false,"campfire_choices":[{"data":"Body Slam","floor":6,"key":"SMITH"},{"data":"Loop","floor":8,"key":"SMITH"},{"data":"Zap","floor":12,"key":"SMITH"},{"data":"Footwork","floor":15,"key":"SMITH"},{"data":"Noxious Fumes","floor":24,"key":"SMITH"},{"data":"Conserve Battery","floor":29,"key":"SMITH"},{"data":"Backflip","floor":32,"key":"SMITH"},{"data":"Malaise","floor":40,"key":"SMITH"},{"data":"Shrug It Off","floor":42,"key":"SMITH"},{"floor":49,"key":"REST"}],"neow_cost":"","seed_source_timestamp":432067527760243,"circlet_count":0,"master_deck":["Bash","Survivor","Zap+1","Strike_B","Defend_R+1","Defend_G+1","Defend_B","Body Slam+1","Footwork+1","Shrug It Off+1","Skim","Loop+1","Shrug It Off","Backflip+1","Adrenaline+1","Noxious Fumes+1","Conserve Battery+1","PiercingWail+1","Seeing Red+1","Night Terror","Malaise+1","Writhe","Creative AI","Blur"],"special_seed":17854,"relics":["Cracked Core","Golden Idol","Bag of Marbles","Centennial Puzzle","Inserter","Art of War","Strawberry","Singing Bowl","Shuriken","Blood Vial","Cursed Key","Happy Flower","Turnip","Regal Pillow"],"potions_floor_usage":[10,16,18,33,37,50,50],"damage_taken":[{"damage":3,"enemies":"Jaw Worm","floor":1,"turns":2},{"damage":4,"enemies":"Small Slimes","floor":5,"turns":4},{"damage":1,"enemies":"3 Sentries","floor":10,"turns":8},{"damage":0,"enemies":"2 Louse","floor":11,"turns":2},{"damage":1,"enemies":"2 Fungi Beasts","floor":13,"turns":3},{"damage":0,"enemies":"Slime Boss","floor":16,"turns":8},{"damage":0,"enemies":"2 Thieves","floor":18,"turns":4},{"damage":4,"enemies":"Shell Parasite","floor":20,"turns":7},{"damage":0,"enemies":"Shelled Parasite and Fungi","floor":23,"turns":6},{"damage":13,"enemies":"Book of Stabbing","floor":25,"turns":6},{"damage":16,"enemies":"Slavers","floor":28,"turns":5},{"damage":5,"enemies":"Book of Stabbing","floor":30,"turns":6},{"damage":14,"enemies":"Collector","floor":33,"turns":10},{"damage":0,"enemies":"3 Shapes","floor":35,"turns":4},{"damage":0,"enemies":"3 Darklings","floor":37,"turns":6},{"damage":0,"enemies":"Sphere and 2 Shapes","floor":39,"turns":6},{"damage":0,"enemies":"Writhing Mass","floor":44,"turns":6},{"damage":59,"enemies":"Reptomancer","floor":45,"turns":9},{"damage":0,"enemies":"Giant Head","floor":47,"turns":10},{"damage":15,"enemies":"Spire Growth","floor":48,"turns":5},{"damage":7,"enemies":"Time Eater","floor":50,"turns":14}],"seed_played":"-8230449717086533208","potions_obtained":[{"floor":5,"key":"Regen Potion"},{"floor":13,"key":"PowerPotion"},{"floor":16,"key":"Block Potion"},{"floor":25,"key":"Strength Potion"},{"floor":28,"key":"Fire Potion"},{"floor":30,"key":"Dexterity Potion"},{"floor":35,"key":"Weak Potion"},{"floor":37,"key":"Fruit Juice"}],"is_trial":false,"path_per_floor":["M","$","?","?","M","R","$","R","T","E","M","R","M","$","R","B",null,"M","?","M","$","?","M","R","E","T","$","E","R","E","?","R","B",null,"M","?","M","$","M","R","?","R","T","M","E","$","E","M","R","B",null],"character_chosen":"DEFECT","items_purchased":["Footwork","Shrug It Off","Loop","Backflip","Noxious Fumes","Conserve Battery","PiercingWail","Malaise","Creative AI","PowerPotion"],"campfire_rested":1,"item_purchase_floors":[2,2,7,14,21,21,21,38,46,46],"current_hp_per_floor":[72,72,57,57,53,53,53,53,53,67,67,67,66,66,66,66,69,69,69,65,65,65,65,65,59,59,59,45,45,42,42,42,30,80,82,82,89,89,91,91,91,91,91,93,36,36,38,27,71,66],"gold":152,"neow_bonus":"","is_prod":false,"is_daily":true,"chose_seed":false,"campfire_upgraded":9,"win_rate":0,"timestamp":1542606086,"path_taken":["M","$","?","?","M","R","?","R","T","E","M","R","M","?","R","BOSS","M","?","M","$","?","M","R","E","T","?","E","R","E","?","R","BOSS","M","?","?","$","M","R","?","R","T","M","E","$","E","M","R","BOSS"],"build_version":"2018-11-15","purchased_purges":2,"victory":true,"max_hp_per_floor":[75,75,75,69,69,69,69,69,69,69,69,69,69,69,69,69,69,69,69,69,69,69,69,69,76,76,76,78,78,80,80,80,80,80,82,82,89,89,91,91,91,91,91,93,95,95,95,97,97,97],"card_choices":[{"not_picked":["True Grit"],"picked":"Body Slam","floor":1},{"not_picked":["Clash"],"picked":"Skim","floor":5},{"not_picked":["Concentrate"],"picked":"Shrug It Off","floor":10},{"not_picked":["Blade Dance","Concentrate"],"picked":"SKIP","floor":11},{"not_picked":["Heavy Blade","Rage"],"picked":"SKIP","floor":13},{"not_picked":["Phantasmal Killer"],"picked":"Adrenaline","floor":16},{"not_picked":["Cloak And Dagger","Accuracy+1"],"picked":"SKIP","floor":18},{"not_picked":["Reflex+1","Thunderclap"],"picked":"SKIP","floor":20},{"not_picked":["Hologram+1"],"picked":"Seeing Red+1","floor":23},{"not_picked":["Blizzard","Flechettes"],"picked":"SKIP","floor":25},{"not_picked":["Pommel Strike","Wild Strike"],"picked":"Singing Bowl","floor":28},{"not_picked":["Havoc+1","Stack"],"picked":"Singing Bowl","floor":30},{"not_picked":["Brutality"],"picked":"Night Terror","floor":33},{"not_picked":["Steam+1","Cloak And Dagger+1"],"picked":"Singing Bowl","floor":35},{"not_picked":["Hello World+1","Genetic Algorithm"],"picked":"Singing Bowl","floor":37},{"not_picked":["Choke+1","Genetic Algorithm+1"],"picked":"Singing Bowl","floor":39},{"not_picked":["Eviscerate","Deadly Poison"],"picked":"Singing Bowl","floor":44},{"not_picked":["Infinite Blades+1","Pommel Strike"],"picked":"Singing Bowl","floor":45},{"not_picked":["Streamline"],"picked":"Blur","floor":47},{"not_picked":["Redo+1","Tactician+1"],"picked":"Singing Bowl","floor":48}],"player_experience":2379282,"relics_obtained":[{"floor":9,"key":"Bag of Marbles"},{"floor":10,"key":"Centennial Puzzle"},{"floor":25,"key":"Strawberry"},{"floor":26,"key":"Singing Bowl"},{"floor":28,"key":"Shuriken"},{"floor":30,"key":"Blood Vial"},{"floor":43,"key":"Happy Flower"},{"floor":45,"key":"Turnip"},{"floor":47,"key":"Regal Pillow"}],"event_choices":[{"damage_healed":0,"gold_gain":0,"player_choice":"Entered Light","damage_taken":15,"max_hp_gain":0,"max_hp_loss":0,"event_name":"Shining Light","floor":3,"gold_loss":0,"cards_upgraded":["Defend_G","Defend_R"]},{"damage_healed":0,"gold_gain":0,"player_choice":"Lose Max HP","damage_taken":0,"relics_obtained":["Golden Idol"],"max_hp_gain":0,"max_hp_loss":6,"event_name":"Golden Idol","floor":4,"gold_loss":0},{"damage_healed":0,"gold_gain":0,"player_choice":"Opened","damage_taken":0,"relics_obtained":["Art of War"],"max_hp_gain":0,"max_hp_loss":0,"event_name":"The Mausoleum","floor":19,"gold_loss":0,"cards_obtained":["Writhe"]},{"cards_removed":["Writhe"],"damage_healed":0,"gold_gain":0,"player_choice":"Elegance","damage_taken":0,"max_hp_gain":0,"max_hp_loss":0,"event_name":"Back to Basics","floor":22,"gold_loss":0},{"damage_healed":0,"gold_gain":0,"player_choice":"Ignored","damage_taken":0,"max_hp_gain":0,"max_hp_loss":0,"event_name":"Cursed Tome","floor":31,"gold_loss":0},{"damage_healed":0,"gold_gain":0,"player_choice":"Upgraded Two","damage_taken":0,"max_hp_gain":0,"max_hp_loss":0,"event_name":"Designer","floor":36,"gold_loss":40,"cards_upgraded":["PiercingWail","Adrenaline"]},{"damage_healed":0,"gold_gain":0,"player_choice":"Ignored","damage_taken":0,"max_hp_gain":0,"max_hp_loss":0,"event_name":"Tomb of Lord Red Mask","floor":41,"gold_loss":0}],"is_beta":false,"boss_relics":[{"not_picked":["Empty Cage","Calling Bell"],"picked":"Inserter"},{"not_picked":["Philosopher\u0027s Stone","Runic Pyramid"],"picked":"Cursed Key"}],"items_purged_floors":[14,27],"is_endless":false,"potions_floor_spawned":[5,13,16,25,28,30,35,37,48],"ascension_level":0}