{"gold_per_floor":[110,121,121,140,159,159,186,203,228,241,256,256,256,256,256,381,381,394,319,332,13,32,32,32,57,57,57,57,73,117,117,117,243,243,259,592,297,297,18,35,35,45,125,159,159,45,45,65,65,65],"floor_reached":51,"playtime":3400,"items_purged":[],"score":916,"play_id":"3e0c2da2-fa67-4576-9aa7-0f085b9ef2a5","local_time":"20190719194315","is_ascension_mode":true,"campfire_choices":[{"data":"Neutralize","floor":6.0,"key":"SMITH"},{"data":"After Image","floor":13.0,"key":"SMITH"},{"data":"A Thousand Cuts","floor":15.0,"key":"SMITH"},{"data":"After Image","floor":23.0,"key":"SMITH"},{"data":"Dash","floor":28.0,"key":"SMITH"},{"data":"Blade Dance","floor":32.0,"key":"SMITH"},{"data":"Phantasmal Killer","floor":41,"key":"SMITH"},{"data":"Skewer","floor":49,"key":"SMITH"}],"neow_cost":"NONE","seed_source_timestamp":505774829550724,"circlet_count":0,"master_deck":["Survivor","Neutralize+1","PiercingWail","Dash+1","Skewer+1","Footwork+1","After Image+1","Backflip","Backflip","A Thousand Cuts+1","After Image+1","PiercingWail","Blade Dance+1","Noxious Fumes+1","Storm of Steel","Blade Dance+1","Backflip+1","Blade Dance+1","Blur","Well Laid Plans+1","Night Terror","Distraction","Cloak And Dagger","Corpse Explosion","Outmaneuver+1","Phantasmal Killer+1","Infinite Blades+1","Riddle With Holes","Malaise","Outmaneuver+1","Accuracy+1","Leg Sweep","Panache+1","Finesse+1","Forethought","Dodge and Roll+1","Cloak And Dagger+1","Cloak And Dagger+1","Terror+1","Madness+1","Madness+1","Footwork+1","Phantasmal Killer+1","Calculated Gamble+1"],"special_seed":0,"relics":["Ring of the Snake","Bronze Scales","Matryoshka","Juzu Bracelet","Bag of Preparation","Eternal Feather","Frozen Egg 2","Lantern","Blue Candle","Ancient Tea Set","Pandora\u0027s Box","Membership Card","Pen Nib","Toxic Egg 2","Dodecahedron","Mummified Hand","War Paint"],"potions_floor_usage":[44,50],"damage_taken":[{"damage":0.0,"enemies":"2 Louse","floor":1.0,"turns":2.0},{"damage":2.0,"enemies":"Jaw Worm","floor":2.0,"turns":4.0},{"damage":4.0,"enemies":"Small Slimes","floor":4.0,"turns":4.0},{"damage":11.0,"enemies":"Gremlin Gang","floor":5.0,"turns":5.0},{"damage":11.0,"enemies":"Gremlin Nob","floor":7.0,"turns":4.0},{"damage":0.0,"enemies":"Looter","floor":8.0,"turns":4.0},{"damage":0.0,"enemies":"Blue Slaver","floor":10.0,"turns":4.0},{"damage":0.0,"enemies":"3 Louse","floor":11.0,"turns":3.0},{"damage":26.0,"enemies":"Slime Boss","floor":16.0,"turns":12.0},{"damage":1.0,"enemies":"Spheric Guardian","floor":18.0,"turns":11.0},{"damage":0.0,"enemies":"Shell Parasite","floor":20.0,"turns":8.0},{"damage":15.0,"enemies":"Cultist and Chosen","floor":22.0,"turns":6.0},{"damage":1.0,"enemies":"Snake Plant","floor":25.0,"turns":7.0},{"damage":7.0,"enemies":"3 Cultists","floor":29.0,"turns":4.0},{"damage":7.0,"enemies":"Slavers","floor":30.0,"turns":8.0},{"damage":22.0,"enemies":"Champ","floor":33.0,"turns":11.0},{"damage":2,"enemies":"Orb Walker","floor":35,"turns":5},{"damage":0,"enemies":"3 Darklings","floor":40,"turns":5},{"damage":0,"enemies":"4 Shapes","floor":42,"turns":2},{"damage":5,"enemies":"Nemesis","floor":44,"turns":7},{"damage":0,"enemies":"Jaw Worm Horde","floor":48,"turns":4},{"damage":24,"enemies":"Time Eater","floor":50,"turns":9}],"seed_played":"-1177651038521227634","potions_obtained":[{"floor":4.0,"key":"Swift Potion"},{"floor":7.0,"key":"Fire Potion"},{"floor":11.0,"key":"EssenceOfSteel"},{"floor":16.0,"key":"Dexterity Potion"},{"floor":18.0,"key":"EssenceOfSteel"},{"floor":22.0,"key":"Poison Potion"},{"floor":27.0,"key":"AttackPotion"},{"floor":27.0,"key":"SteroidPotion"},{"floor":29.0,"key":"GhostInAJar"},{"floor":40,"key":"GamblersBrew"},{"floor":48,"key":"SkillPotion"}],"is_trial":false,"path_per_floor":["M","M","?","M","M","R","E","M","T","M","M","?","R","?","R","B",null,"M","?","M","$","M","R","?","M","T","?","R","M","E","?","R","B",null,"M","?","$","?","$","M","R","M","T","E","?","$","?","M","R","B",null],"character_chosen":"THE_SILENT","items_purchased":["Frozen Egg 2","Noxious Fumes+1","Membership Card","Accuracy+1","GhostInAJar","Leg Sweep","Pen Nib","Toxic Egg 2","Dodge and Roll+1","Cloak And Dagger+1","FearPotion","Footwork+1","War Paint"],"campfire_rested":0,"item_purchase_floors":[21,21,37,37,37,37,39,39,39,39,39,46,46],"current_hp_per_floor":[63,61,66,62,51,51,40,40,40,40,40,40,40,40,40,14,55,54,54,54,54,39,51,51,50,50,50,65,58,51,51,66,44,63,61,61,61,51,51,51,69,69,69,64,55,55,55,55,69,45],"gold":65,"neow_bonus":"RANDOM_COMMON_RELIC","is_prod":false,"is_daily":false,"chose_seed":false,"campfire_upgraded":8,"win_rate":0,"timestamp":1563586995,"path_taken":["M","M","?","M","M","R","E","M","T","M","M","?","R","?","R","BOSS","M","?","M","$","M","R","?","M","T","?","R","M","E","?","R","BOSS","M","?","$","?","$","M","R","M","T","E","?","?","?","M","R","BOSS"],"build_version":"2019-07-18","purchased_purges":0,"victory":true,"max_hp_per_floor":[70,70,75,75,75,75,75,75,75,75,75,69,69,69,69,69,69,69,69,69,69,69,69,69,69,69,69,69,69,69,69,69,69,69,69,69,69,69,69,69,69,69,69,69,69,69,69,69,69,69],"card_choices":[{"not_picked":["Dodge and Roll","Backflip"],"picked":"PiercingWail","floor":1.0},{"not_picked":["Underhanded Strike","Riddle With Holes"],"picked":"Dash","floor":2.0},{"not_picked":["Tactician","Bane"],"picked":"Skewer","floor":4.0},{"not_picked":["Expertise","Catalyst"],"picked":"Footwork","floor":5.0},{"not_picked":["PiercingWail","Finisher"],"picked":"After Image","floor":7.0},{"not_picked":["Quick Slash","Slice"],"picked":"Backflip","floor":8.0},{"not_picked":["Quick Slash","Prepared"],"picked":"Backflip","floor":10.0},{"not_picked":["Blade Dance","Dodge and Roll"],"picked":"A Thousand Cuts","floor":11.0},{"not_picked":["Bullet Time","A Thousand Cuts"],"picked":"After Image","floor":16.0},{"not_picked":["Sucker Punch","Deflect"],"picked":"PiercingWail","floor":18.0},{"not_picked":["Skewer+1","Endless Agony+1"],"picked":"Blade Dance+1","floor":20.0},{"not_picked":["Cloak And Dagger","Concentrate"],"picked":"Storm of Steel","floor":22.0},{"not_picked":["Noxious Fumes+1","Sucker Punch+1"],"picked":"Backflip+1","floor":25.0},{"not_picked":["Tactician","Underhanded Strike"],"picked":"Blade Dance+1","floor":29.0},{"not_picked":["Concentrate","PiercingWail"],"picked":"Blur","floor":30.0},{"not_picked":["Wraith Form v2+1","Storm of Steel"],"picked":"Night Terror","floor":33.0},{"not_picked":["Deflect","Backflip"],"picked":"Outmaneuver+1","floor":35},{"not_picked":["Madness","Dark Shackles"],"picked":"Panache+1","floor":38},{"not_picked":["Mind Blast","Metamorphosis"],"picked":"Finesse","floor":38},{"not_picked":["Mind Blast","PanicButton"],"picked":"Forethought","floor":38},{"not_picked":["Tactician+1","Backflip+1"],"picked":"Cloak And Dagger+1","floor":40},{"not_picked":["Bane","Blade Dance+1","Cloak And Dagger+1"],"picked":"SKIP","floor":42},{"not_picked":["Underhanded Strike","Quick Slash"],"picked":"Terror+1","floor":44},{"not_picked":["Sucker Punch","Acrobatics+1"],"picked":"Calculated Gamble+1","floor":48}],"player_experience":1219199,"relics_obtained":[{"floor":7.0,"key":"Matryoshka"},{"floor":9.0,"key":"Juzu Bracelet"},{"floor":9.0,"key":"Bag of Preparation"},{"floor":26.0,"key":"Lantern"},{"floor":26.0,"key":"Blue Candle"},{"floor":30.0,"key":"Ancient Tea Set"},{"floor":43,"key":"Dodecahedron"},{"floor":44,"key":"Mummified Hand"}],"event_choices":[{"damage_healed":0.0,"max_hp_gain":5.0,"max_hp_loss":0.0,"gold_gain":0.0,"event_name":"Big Fish","player_choice":"Donut","floor":3.0,"gold_loss":0.0,"damage_taken":0.0},{"damage_healed":0.0,"max_hp_gain":0.0,"max_hp_loss":6.0,"gold_gain":0.0,"event_name":"Golden Idol","player_choice":"Lose Max HP","floor":12.0,"gold_loss":0.0,"damage_taken":0.0,"relics_obtained":["Golden Idol"]},{"damage_healed":0.0,"max_hp_gain":0.0,"max_hp_loss":0.0,"gold_gain":0.0,"event_name":"Living Wall","player_choice":"Grow","floor":14.0,"gold_loss":0.0,"damage_taken":0.0,"cards_upgraded":["Footwork"]},{"cards_removed":["Strike_G"],"damage_healed":0.0,"max_hp_gain":0.0,"max_hp_loss":0.0,"gold_gain":0.0,"event_name":"Beggar","player_choice":"Gave Gold","floor":19.0,"gold_loss":75.0,"damage_taken":0.0},{"damage_healed":0.0,"max_hp_gain":0.0,"max_hp_loss":0.0,"gold_gain":0.0,"cards_transformed":["Strike_G"],"event_name":"Transmorgrifier","player_choice":"Transformed","floor":24.0,"gold_loss":0.0,"damage_taken":0.0,"cards_obtained":["Blade Dance"]},{"damage_healed":0.0,"max_hp_gain":0.0,"max_hp_loss":0.0,"gold_gain":0.0,"event_name":"Lab","player_choice":"Got Potions","floor":27.0,"gold_loss":0.0,"damage_taken":0.0},{"damage_healed":0.0,"max_hp_gain":0.0,"max_hp_loss":0.0,"gold_gain":0.0,"event_name":"The Library","player_choice":"Read","floor":31.0,"gold_loss":0.0,"damage_taken":0.0,"cards_obtained":["Well Laid Plans"]},{"damage_healed":0,"gold_gain":333,"player_choice":"Gave Idol","damage_taken":0,"max_hp_gain":0,"max_hp_loss":0,"event_name":"The Moai Head","floor":36,"relics_lost":["Golden Idol"],"gold_loss":0},{"damage_healed":0,"gold_gain":0,"player_choice":"Memory 3","damage_taken":10,"max_hp_gain":0,"max_hp_loss":0,"event_name":"SensoryStone","floor":38,"gold_loss":0},{"damage_healed":0,"gold_gain":0,"player_choice":"Embrace Madness","damage_taken":9,"max_hp_gain":0,"max_hp_loss":0,"event_name":"Winding Halls","floor":45,"gold_loss":0,"cards_obtained":["Madness","Madness"]},{"damage_healed":0,"gold_gain":0,"player_choice":"Copied","damage_taken":0,"max_hp_gain":0,"max_hp_loss":0,"event_name":"Duplicator","floor":47,"gold_loss":0,"cards_obtained":["Phantasmal Killer"]}],"is_beta":true,"boss_relics":[{"not_picked":["HoveringKite","Sozu"],"picked":"Eternal Feather"},{"not_picked":["Orrery","Fusion Hammer"],"picked":"Pandora\u0027s Box"}],"items_purged_floors":[],"is_endless":false,"potions_floor_spawned":[4,7,11,16,18,22,29,40,48],"ascension_level":6}