{"gold_per_floor":[114,39,59,134,134,168,184,211,211,228,128,141,141,155,155,253,253,270,210,225,240,240,240,269,269,269,269,288,308,38,52,52,157,157,174,187,187,187,187,187,216,216,242,255,255,265,265,275,275,275],"floor_reached":51,"playtime":5126,"items_purged":["Strike_G","Strike_G","Strike_G"],"score":684,"play_id":"8011e964-ee59-4ada-90d4-73307b153860","local_time":"20190625231424","is_ascension_mode":false,"campfire_choices":[{"data":"Noxious Fumes","floor":13,"key":"SMITH"},{"data":"Catalyst","floor":15,"key":"SMITH"},{"data":"Malaise","floor":23,"key":"SMITH"},{"data":"Neutralize","floor":25,"key":"SMITH"},{"data":"Leg Sweep","floor":27,"key":"SMITH"},{"data":"Dodge and Roll","floor":32,"key":"SMITH"},{"data":"Calculated Gamble","floor":40,"key":"SMITH"},{"data":"PiercingWail","floor":42,"key":"SMITH"},{"data":"Sucker Punch","floor":47,"key":"SMITH"},{"data":"PiercingWail","floor":49,"key":"SMITH"}],"neow_cost":"NONE","seed_source_timestamp":1114981560850774,"circlet_count":0,"master_deck":["Defend_G+1","Defend_G","Defend_G","Defend_G+1","Strike_G","Survivor","Neutralize+1","Noxious Fumes+1","PiercingWail+1","Footwork+1","Backstab","PiercingWail+1","Catalyst+1","Malaise+1","Dodge and Roll+1","Poisoned Stab+1","Leg Sweep+1","Backflip+1","Catalyst+1","Acrobatics+1","Calculated Gamble+1","After Image+1","Cloak And Dagger+1","Cloak And Dagger+1","Crippling Poison+1","Deadly Poison+1","Sucker Punch+1","Well Laid Plans+1","Footwork+1"],"relics":["Ring of the Snake","Sundial","Shuriken","Frozen Egg 2","Eternal Feather","War Paint","Letter Opener","Oddly Smooth Stone","Coffee Dripper","Omamori","Vajra"],"potions_floor_usage":[8,16,41,50,50,50],"damage_taken":[{"damage":0,"enemies":"Jaw Worm","floor":1,"turns":6},{"damage":0,"enemies":"Small Slimes","floor":3,"turns":3},{"damage":13,"enemies":"3 Sentries","floor":6,"turns":9},{"damage":0,"enemies":"Cultist","floor":7,"turns":5},{"damage":7,"enemies":"Lagavulin","floor":8,"turns":11},{"damage":3,"enemies":"Red Slaver","floor":10,"turns":5},{"damage":2,"enemies":"Gremlin Gang","floor":12,"turns":6},{"damage":1,"enemies":"Large Slime","floor":14,"turns":8},{"damage":13,"enemies":"Hexaghost","floor":16,"turns":11},{"damage":2,"enemies":"3 Byrds","floor":18,"turns":6},{"damage":3,"enemies":"2 Thieves","floor":19,"turns":4},{"damage":9,"enemies":"3 Cultists","floor":20,"turns":6},{"damage":14,"enemies":"Chosen and Byrds","floor":21,"turns":8},{"damage":3,"enemies":"Book of Stabbing","floor":24,"turns":9},{"damage":0,"enemies":"Snake Plant","floor":28,"turns":6},{"damage":10,"enemies":"Cultist and Chosen","floor":29,"turns":8},{"damage":1,"enemies":"Centurion and Healer","floor":31,"turns":6},{"damage":11,"enemies":"Champ","floor":33,"turns":10},{"damage":0,"enemies":"3 Shapes","floor":35,"turns":6},{"damage":6,"enemies":"Orb Walker","floor":36,"turns":3},{"damage":17,"enemies":"Reptomancer","floor":41,"turns":8},{"damage":0,"enemies":"Spire Growth","floor":44,"turns":7},{"damage":0,"enemies":"Maw","floor":46,"turns":5},{"damage":0,"enemies":"4 Shapes","floor":48,"turns":5},{"damage":7,"enemies":"Awakened One","floor":50,"turns":15}],"seed_played":"-2566954574071404515","potions_obtained":[{"floor":0,"key":"GhostInAJar"},{"floor":0,"key":"Block Potion"},{"floor":0,"key":"Fire Potion"},{"floor":8,"key":"FearPotion"},{"floor":12,"key":"Strength Potion"},{"floor":20,"key":"SpeedPotion"},{"floor":41,"key":"Energy Potion"},{"floor":46,"key":"Ancient Potion"},{"floor":48,"key":"Fire Potion"}],"is_trial":false,"path_per_floor":["M","$","M","?","?","E","M","E","T","M","$","M","R","M","R","B",null,"M","M","M","M","?","R","E","R","T","R","M","M","$","M","R","B",null,"M","M","?","?","?","R","E","R","T","M","?","M","R","M","R","B",null],"character_chosen":"THE_SILENT","items_purchased":["Oddly Smooth Stone"],"campfire_rested":0,"item_purchase_floors":[30],"current_hp_per_floor":[70,70,70,59,59,46,46,39,39,36,36,34,34,33,33,20,70,68,65,56,42,42,54,51,63,63,70,70,60,60,59,70,59,70,70,64,64,64,64,66,49,64,64,64,64,64,66,66,66,59],"gold":275,"neow_bonus":"THREE_SMALL_POTIONS","is_prod":false,"is_daily":false,"chose_seed":false,"campfire_upgraded":10,"win_rate":0,"timestamp":1561518864,"path_taken":["M","$","M","?","?","E","M","E","T","M","$","M","R","M","R","BOSS","M","M","M","M","?","R","E","R","T","R","?","?","$","M","R","BOSS","M","M","?","?","?","R","E","R","T","M","?","M","R","?","R","BOSS"],"build_version":"2019-01-23","purchased_purges":3,"victory":true,"max_hp_per_floor":[70,70,70,70,70,70,70,70,70,70,70,70,70,70,70,70,70,70,70,70,70,70,70,70,70,70,70,70,70,70,70,70,70,70,70,70,70,66,66,66,66,66,66,66,66,66,66,66,66,66],"card_choices":[{"not_picked":["Sucker Punch","Infinite Blades"],"picked":"Noxious Fumes","floor":1},{"not_picked":["Heel Hook","Bane"],"picked":"PiercingWail","floor":3},{"not_picked":["Blade Dance","Prepared","Expertise"],"picked":"SKIP","floor":6},{"not_picked":["Deflect","Underhanded Strike","Tactician"],"picked":"SKIP","floor":7},{"not_picked":["Wraith Form v2","Dagger Throw"],"picked":"Footwork","floor":8},{"not_picked":["Bane","Blade Dance"],"picked":"Backstab","floor":10},{"not_picked":["Prepared","Deflect"],"picked":"PiercingWail","floor":12},{"not_picked":["Dagger Spray","Quick Slash"],"picked":"Catalyst","floor":14},{"not_picked":["Grand Finale","Night Terror"],"picked":"Malaise","floor":16},{"not_picked":["Finisher","Dagger Throw"],"picked":"Dodge and Roll","floor":18},{"not_picked":["Dodge and Roll","Distraction"],"picked":"Poisoned Stab+1","floor":19},{"not_picked":["Riddle With Holes","Cloak And Dagger","Accuracy+1"],"picked":"SKIP","floor":20},{"not_picked":["Prepared","Deflect+1"],"picked":"Leg Sweep","floor":21},{"not_picked":["Heel Hook","Acrobatics"],"picked":"Backflip+1","floor":24},{"not_picked":["Caltrops+1","Backstab"],"picked":"Catalyst+1","floor":28},{"not_picked":["Quick Slash","Deflect"],"picked":"Acrobatics+1","floor":29},{"not_picked":["Blade Dance","Dagger Throw"],"picked":"Calculated Gamble","floor":31},{"not_picked":["Glass Knife","Grand Finale"],"picked":"After Image+1","floor":33},{"not_picked":["Sucker Punch+1","Predator+1"],"picked":"Cloak And Dagger+1","floor":35},{"not_picked":["Outmaneuver","All Out Attack+1"],"picked":"Cloak And Dagger+1","floor":36},{"not_picked":["A Thousand Cuts+1","Eviscerate+1"],"picked":"Crippling Poison+1","floor":41},{"not_picked":["Riddle With Holes","Skewer"],"picked":"Deadly Poison+1","floor":44},{"not_picked":["Accuracy+1","Backflip+1"],"picked":"Well Laid Plans+1","floor":46},{"not_picked":["Prepared+1","Sucker Punch"],"picked":"Footwork+1","floor":48}],"player_experience":3831107,"relics_obtained":[{"floor":6,"key":"Sundial"},{"floor":8,"key":"Shuriken"},{"floor":9,"key":"Frozen Egg 2"},{"floor":24,"key":"War Paint"},{"floor":26,"key":"Letter Opener"},{"floor":41,"key":"Omamori"},{"floor":43,"key":"Vajra"}],"event_choices":[{"damage_healed":0,"gold_gain":75,"player_choice":"Gather Gold","damage_taken":11,"max_hp_gain":0,"max_hp_loss":0,"event_name":"World of Goop","floor":4,"gold_loss":0},{"damage_healed":0,"gold_gain":0,"player_choice":"Bought 0 Potions","damage_taken":0,"max_hp_gain":0,"max_hp_loss":0,"event_name":"The Woman in Blue","floor":5,"gold_loss":0},{"damage_healed":0,"gold_gain":0,"player_choice":"Upgraded","damage_taken":0,"max_hp_gain":0,"max_hp_loss":0,"event_name":"Upgrade Shrine","floor":22,"gold_loss":0,"cards_upgraded":["Footwork"]},{"damage_healed":0,"gold_gain":0,"player_choice":"Ignored","damage_taken":0,"max_hp_gain":0,"max_hp_loss":0,"event_name":"Tomb of Lord Red Mask","floor":37,"gold_loss":0},{"damage_healed":0,"gold_gain":0,"player_choice":"Max HP","damage_taken":0,"max_hp_gain":0,"max_hp_loss":4,"event_name":"Winding Halls","floor":38,"gold_loss":0},{"cards_removed":["Defend_G"],"damage_healed":0,"gold_gain":0,"player_choice":"Removed Skill","damage_taken":0,"max_hp_gain":0,"max_hp_loss":0,"event_name":"Falling","floor":39,"gold_loss":0},{"damage_healed":0,"gold_gain":0,"cards_transformed":["Strike_G"],"player_choice":"Transformed","damage_taken":0,"max_hp_gain":0,"max_hp_loss":0,"event_name":"Transmorgrifier","floor":45,"gold_loss":0,"cards_obtained":["Sucker Punch"]}],"is_beta":false,"boss_relics":[{"not_picked":["HoveringKite","WristBlade"],"picked":"Eternal Feather"},{"not_picked":["Runic Pyramid","Runic Dome"],"picked":"Coffee Dripper"}],"items_purged_floors":[2,11,30],"is_endless":false,"potions_floor_spawned":[7,8,10,12,20,28,29,33,35,41,46,48],"ascension_level":0}