{"gold_per_floor":[115,115,131,131,131,171,171,189,214,164,217,25,66,87,87,185,185,206,206],"floor_reached":19,"playtime":742,"items_purged":[],"score":340,"play_id":"d1317ba6-e898-4e61-be51-c4893ffca98f","local_time":"20190325161441","is_ascension_mode":true,"campfire_choices":[{"data":"Forethought","floor":7,"key":"SMITH"},{"floor":15,"key":"REST"}],"neow_cost":"NONE","seed_source_timestamp":1101425780320730,"circlet_count":0,"master_deck":["AscendersBane","Strike_B+1","Defend_B","Defend_B","Defend_B","Defend_B","Zap","Dualcast","Gash+1","Zap","Echo Form","Forethought+1","Rebound","Gash","Defragment","Beam Cell","Double Energy","Gash","Echo Form","Conserve Battery"],"relics":["Cracked Core","NeowsBlessing","Golden Idol","Whetstone","Bag of Preparation","Tiny Chest","Ancient Tea Set","The Courier","Empty Cage"],"potions_floor_usage":[18],"damage_taken":[{"damage":0,"enemies":"Jaw Worm","floor":1,"turns":1},{"damage":0,"enemies":"Cultist","floor":3,"turns":1},{"damage":0,"enemies":"3 Sentries","floor":6,"turns":1},{"damage":10,"enemies":"2 Louse","floor":8,"turns":2},{"damage":30,"enemies":"Lagavulin","floor":13,"turns":6},{"damage":25,"enemies":"Large Slime","floor":14,"turns":5},{"damage":17,"enemies":"The Guardian","floor":16,"turns":9},{"damage":15,"enemies":"Spheric Guardian","floor":18,"turns":4},{"damage":47,"enemies":"Chosen","floor":19,"turns":6}],"seed_played":"-5181584141034845496","potions_obtained":[{"floor":3,"key":"EssenceOfSteel"},{"floor":6,"key":"SteroidPotion"},{"floor":16,"key":"Swift Potion"}],"is_trial":false,"path_per_floor":["M","?","M","?","?","E","R","M","T","?","T","$","E","M","R","B",null,"M","M"],"character_chosen":"DEFECT","items_purchased":["Ancient Tea Set","Beam Cell"],"campfire_rested":1,"item_purchase_floors":[12,12],"current_hp_per_floor":[64,64,64,64,69,69,69,59,59,59,59,59,29,4,25,8,55,40,0],"gold":206,"neow_bonus":"THREE_ENEMY_KILL","is_prod":false,"is_daily":false,"chose_seed":false,"campfire_upgraded":1,"win_rate":0,"timestamp":1553544881,"path_taken":["M","?","?","?","?","E","R","?","T","?","?","?","E","M","R","BOSS","M","M"],"build_version":"2019-01-23","purchased_purges":0,"victory":false,"max_hp_per_floor":[71,71,71,66,71,71,71,71,71,71,71,71,71,71,71,71,71,71,71],"card_choices":[{"not_picked":["Compile Driver","Coolheaded"],"picked":"Gash","floor":1},{"not_picked":["Turbo","Heatsinks"],"picked":"Rebound","floor":3},{"not_picked":["Storm","Cold Snap"],"picked":"Gash","floor":6},{"not_picked":["Compile Driver","Aggregate"],"picked":"Defragment","floor":8},{"not_picked":["Sunder","Fusion"],"picked":"Double Energy","floor":13},{"not_picked":["Leap","Ball Lightning"],"picked":"Gash","floor":14},{"not_picked":["Amplify","Reboot"],"picked":"Echo Form","floor":16},{"not_picked":["Beam Cell","Coolheaded"],"picked":"Conserve Battery","floor":18}],"player_experience":3241872,"relics_obtained":[{"floor":6,"key":"Whetstone"},{"floor":9,"key":"Bag of Preparation"},{"floor":11,"key":"Tiny Chest"},{"floor":13,"key":"The Courier"}],"event_choices":[{"damage_healed":0,"gold_gain":0,"player_choice":"3 cards matched","damage_taken":0,"max_hp_gain":0,"max_hp_loss":0,"event_name":"Match and Keep!","floor":2,"gold_loss":0,"cards_obtained":["Zap","Echo Form","Forethought"]},{"damage_healed":0,"gold_gain":0,"player_choice":"Lose Max HP","damage_taken":0,"relics_obtained":["Golden Idol"],"max_hp_gain":0,"max_hp_loss":5,"event_name":"Golden Idol","floor":4,"gold_loss":0},{"damage_healed":0,"gold_gain":0,"player_choice":"Donut","damage_taken":0,"max_hp_gain":5,"max_hp_loss":0,"event_name":"Big Fish","floor":5,"gold_loss":0},{"cards_removed":["Strike_B"],"damage_healed":0,"gold_gain":0,"player_choice":"Card Removal","damage_taken":0,"max_hp_gain":0,"max_hp_loss":0,"event_name":"The Cleric","floor":10,"gold_loss":50}],"is_beta":false,"boss_relics":[{"not_picked":["Busted Crown","Velvet Choker"],"picked":"Empty Cage"}],"items_purged_floors":[],"is_endless":false,"potions_floor_spawned":[3,6,16],"killed_by":"Chosen","ascension_level":14}