{"path_per_floor":["M","?","?","?","M","R","M","R","T","M","M","?","R","M","R","B",null,"M","?","?","?","M","E","R","M","T","M","R","M","R","M","R","B",null,"M","?","?","?","$","M","$","R","T","M","M","R","M","$","R"],"character_chosen":"THE_SILENT","items_purchased":["Bag of Preparation","Bottled Lightning","PiercingWail","Prepared","Footwork","Blur","Prepared","Dark Shackles"],"gold_per_floor":[118,118,118,118,128,128,147,147,198,208,221,221,221,231,231,326,326,343,343,343,343,363,393,393,405,405,424,424,437,437,447,447,548,548,560,605,605,705,218,232,80,80,104,122,132,132,149,20,20,20],"floor_reached":50,"campfire_rested":4,"playtime":2706,"current_hp_per_floor":[66,66,66,70,70,70,70,70,70,70,70,56,56,56,56,52,70,47,47,47,47,47,59,59,58,58,58,58,58,83,82,82,63,84,74,2,2,2,2,2,2,27,27,9,6,31,31,31,56,0],"items_purged":[],"gold":20,"score":505,"play_id":"67a8e820-3e77-4006-8e13-87c570284132","local_time":"20180404125814","is_prod":false,"is_daily":false,"is_ascension_mode":false,"campfire_upgraded":7,"timestamp":1522861094,"path_taken":["M","?","?","?","M","R","M","R","T","M","?","?","R","M","R","BOSS","M","?","?","?","M","E","R","M","T","?","R","M","R","M","R","BOSS","M","?","?","?","$","M","?","R","T","M","M","R","?","$","R","BOSS"],"build_version":"2018-03-29v2","purchased_purges":2,"victory":false,"master_deck":["Defend_G+1","Defend_G+1","Defend_G+1","Defend_G+1","Defend_G+1","Strike_G+1","Strike_G+1","Strike_G+1","Strike_G+1","Survivor+1","Neutralize+1","Dagger Throw+1","Slice","Caltrops+1","Bouncing Flask+1","Prepared+1","Poisoned Stab+1","After Image","Backflip+1","Quick Slash+1","A Thousand Cuts+1","Deadly Poison+1","Outmaneuver+1","Backflip+1","Tactician","Noxious Fumes+1","Outmaneuver+1","PiercingWail","Prepared","Backflip+1","Footwork","Blur","Backflip+1","Well Laid Plans","Prepared","Dark Shackles"],"max_hp_per_floor":[70,70,70,70,70,70,70,70,70,70,70,70,70,70,70,70,70,70,70,70,70,70,84,84,84,84,84,84,84,84,84,84,84,84,84,84,84,84,84,84,84,84,84,84,84,84,84,84,84,84],"relics":["Ring of the Snake","Pen Nib","Sozu","Bag of Marbles","Mango","Tough Bandages","Lizard Tail","Shovel","Bag of Preparation","Bottled Lightning","Ancient Tea Set"],"card_choices":[{"not_picked":["Outmaneuver","PiercingWail"],"picked":"Dagger Throw","floor":1},{"not_picked":["Bane","Endless Agony"],"picked":"Slice","floor":5},{"not_picked":["Escape Plan","Heel Hook"],"picked":"Caltrops","floor":7},{"not_picked":["Slice","Skewer"],"picked":"Bouncing Flask","floor":10},{"not_picked":["Quick Slash","Deflect"],"picked":"Prepared","floor":11},{"not_picked":["Cloak And Dagger","PiercingWail"],"picked":"Poisoned Stab","floor":14},{"not_picked":["Burst","Die Die Die"],"picked":"After Image","floor":16},{"not_picked":["Sucker Punch","Acrobatics"],"picked":"Backflip","floor":18},{"not_picked":["Predator","Sucker Punch"],"picked":"Quick Slash","floor":22},{"not_picked":["Endless Agony","Riddle With Holes"],"picked":"A Thousand Cuts","floor":23},{"not_picked":["All Out Attack","Terror"],"picked":"Deadly Poison","floor":25},{"not_picked":["Dagger Throw","Deadly Poison"],"picked":"Outmaneuver","floor":27},{"not_picked":["Dagger Throw","Acrobatics"],"picked":"Backflip","floor":29},{"not_picked":["Venomology","Wraith Form"],"picked":"Tactician","floor":33},{"not_picked":["Acrobatics","Flechettes"],"picked":"Noxious Fumes","floor":35},{"not_picked":["Bane","Dash"],"picked":"Outmaneuver","floor":36},{"not_picked":["Prepared","Infinite Blades"],"picked":"Backflip","floor":40},{"not_picked":["Accuracy","Poisoned Stab"],"picked":"Backflip","floor":45},{"not_picked":["Prepared","Backstab"],"picked":"Well Laid Plans","floor":47}],"player_experience":1107306,"potions_floor_usage":[11,36,50],"damage_taken":[{"damage":4,"enemies":"Jaw Worm","floor":1,"turns":5},{"damage":0,"enemies":"Cultist","floor":5,"turns":4},{"damage":0,"enemies":"2 Louse","floor":7,"turns":2},{"damage":0,"enemies":"Looter","floor":10,"turns":3},{"damage":0,"enemies":"Lots of Slimes","floor":11,"turns":4},{"damage":0,"enemies":"Blue Slaver","floor":14,"turns":3},{"damage":4,"enemies":"The Guardian","floor":16,"turns":8},{"damage":23,"enemies":"2 Thieves","floor":18,"turns":4},{"damage":0,"enemies":"Chosen","floor":22,"turns":3},{"damage":2,"enemies":"Book of Stabbing","floor":23,"turns":5},{"damage":1,"enemies":"Sentry and Sphere","floor":25,"turns":4},{"damage":0,"enemies":"Chosen and Byrds","floor":27,"turns":4},{"damage":0,"enemies":"Snake Plant","floor":29,"turns":3},{"damage":1,"enemies":"Snecko","floor":31,"turns":5},{"damage":19,"enemies":"Automaton","floor":33,"turns":10},{"damage":10,"enemies":"3 Darklings","floor":35,"turns":5},{"damage":72,"enemies":"Mysterious Sphere","floor":36,"turns":5},{"damage":0,"enemies":"3 Shapes","floor":40,"turns":6},{"damage":18,"enemies":"Sphere and 2 Shapes","floor":44,"turns":6},{"damage":3,"enemies":"3 Darklings","floor":45,"turns":5},{"damage":0,"enemies":"4 Shapes","floor":47,"turns":5},{"damage":101,"enemies":"Awakened One","floor":50,"turns":13}],"event_choices":[{"event_name":"Living Wall","player_choice":"Change","floor":2,"damage_taken":0},{"event_name":"Accursed Blacksmith","player_choice":"Forge","floor":3,"damage_taken":0},{"event_name":"Bonfire Elementals","player_choice":"UNCOMMON","floor":4,"damage_taken":0},{"event_name":"Shining Light","player_choice":"Entered Light","floor":12,"damage_taken":0},{"event_name":"The Mausoleum","player_choice":"Yes","floor":19,"damage_taken":0},{"event_name":"Cursed Tome","player_choice":"Ignored","floor":20,"damage_taken":0},{"event_name":"Back to Basics","player_choice":"Simplicity","floor":21,"damage_taken":0},{"event_name":"Mysterious Sphere","player_choice":"Fight","floor":36,"damage_taken":0},{"event_name":"Tomb of Lord Red Mask","player_choice":"Ignored","floor":37,"damage_taken":0},{"event_name":"Golden Shrine","player_choice":"Pray","floor":38,"damage_taken":0}],"boss_relics":[{"not_picked":["White Beast Statue","Black Star"],"picked":"Sozu"},{"not_picked":["Tiny House","Runic Pyramid"],"picked":"Lizard Tail"}],"potions_floor_spawned":[5,10,16,18,25,27,29,31,35,36,45],"seed_played":"-6258758955817577971","killed_by":"Awakened One","ascension_level":0,"is_trial":false}