{"gold_per_floor":[119,137,137,31,56,95,113,23,48,48,48,48,72,58,58,182,182,203,216,19,42,57,96,120,120,120,153,153,169,194,204,204,307,307,320,320,89,105,122,154,154,254,279,290,290,290,36,52,52,52],"floor_reached":51,"playtime":4038,"items_purged":["Strike_G","Strike_G"],"score":741,"play_id":"29932191-d567-4ef7-9ebc-e5caa54ad11b","local_time":"20190619095344","is_ascension_mode":false,"campfire_choices":[{"data":"Footwork","floor":11,"key":"SMITH"},{"data":"Accuracy","floor":15,"key":"SMITH"},{"data":"Noxious Fumes","floor":28,"key":"SMITH"},{"data":"Crippling Poison","floor":32,"key":"SMITH"},{"data":"A Thousand Cuts","floor":41,"key":"SMITH"},{"data":"Noxious Fumes","floor":46,"key":"SMITH"},{"data":"Leg Sweep","floor":49,"key":"SMITH"}],"neow_cost":"NONE","seed_source_timestamp":549648734480931,"circlet_count":0,"master_deck":["Defend_G","Defend_G","Defend_G+1","Defend_G","Defend_G","Strike_G+1","Survivor","Neutralize+1","Leg Sweep+1","Dagger Spray","Crippling Poison+1","Infinite Blades","Footwork+1","Cloak And Dagger","Escape Plan+1","Accuracy+1","Dodge and Roll","Venomology","Noxious Fumes+1","Blade Dance+1","Blade Dance+1","Noxious Fumes+1","Blade Dance","Bullet Time","PiercingWail","Outmaneuver+1","A Thousand Cuts+1","Flechettes"],"relics":["Ring of the Snake","Bloody Idol","Dream Catcher","War Paint","Potion Belt","Snecko Eye","Bronze Scales","Bag of Marbles","Torii","Anchor","Nunchaku","Busted Crown","Vajra","Bag of Preparation","Whetstone","Oddly Smooth Stone"],"potions_floor_usage":[6,16,16,21,23,27,27,29,30,31,31,33,33,33,33,33,33,39,40,48,50,50,50,50,50,50,50,50,50,50],"damage_taken":[{"damage":0,"enemies":"Jaw Worm","floor":1,"turns":7},{"damage":0,"enemies":"2 Louse","floor":2,"turns":3},{"damage":2,"enemies":"Small Slimes","floor":5,"turns":4},{"damage":15,"enemies":"3 Sentries","floor":6,"turns":9},{"damage":2,"enemies":"Looter","floor":7,"turns":5},{"damage":3,"enemies":"3 Louse","floor":13,"turns":3},{"damage":0,"enemies":"Exordium Thugs","floor":14,"turns":4},{"damage":5,"enemies":"Slime Boss","floor":16,"turns":12},{"damage":0,"enemies":"Chosen","floor":18,"turns":7},{"damage":13,"enemies":"Spheric Guardian","floor":19,"turns":7},{"damage":1,"enemies":"Chosen and Byrds","floor":21,"turns":6},{"damage":0,"enemies":"Shelled Parasite and Fungi","floor":22,"turns":5},{"damage":0,"enemies":"Gremlin Leader","floor":23,"turns":6},{"damage":0,"enemies":"Snecko","floor":24,"turns":5},{"damage":1,"enemies":"Slavers","floor":27,"turns":4},{"damage":1,"enemies":"Snake Plant","floor":29,"turns":4},{"damage":1,"enemies":"Gremlin Leader","floor":30,"turns":7},{"damage":0,"enemies":"Centurion and Healer","floor":31,"turns":9},{"damage":8,"enemies":"Automaton","floor":33,"turns":12},{"damage":0,"enemies":"3 Shapes","floor":35,"turns":4},{"damage":0,"enemies":"Orb Walker","floor":38,"turns":2},{"damage":1,"enemies":"Sphere and 2 Shapes","floor":39,"turns":6},{"damage":0,"enemies":"Giant Head","floor":40,"turns":7},{"damage":5,"enemies":"3 Darklings","floor":44,"turns":4},{"damage":0,"enemies":"Transient","floor":48,"turns":5},{"damage":1,"enemies":"Donu and Deca","floor":50,"turns":8}],"seed_played":"5765938361878638416","potions_obtained":[{"floor":1,"key":"SteroidPotion"},{"floor":13,"key":"Weak Potion"},{"floor":14,"key":"Strength Potion"},{"floor":16,"key":"SkillPotion"},{"floor":18,"key":"FairyPotion"},{"floor":21,"key":"PowerPotion"},{"floor":24,"key":"Block Potion"},{"floor":30,"key":"Ancient Potion"},{"floor":31,"key":"FearPotion"}],"is_trial":false,"path_per_floor":["M","M","?","$","M","E","M","$","T","?","R","?","M","M","R","B",null,"M","M","$","M","M","E","M","?","T","E","R","M","E","M","R","B",null,"M","?","$","M","M","E","R","?","T","M","?","R","$","M","R","B",null],"character_chosen":"THE_SILENT","items_purchased":["Crippling Poison","Infinite Blades","Escape Plan","Block Potion","Bronze Scales","Block Potion","Vajra","Oddly Smooth Stone"],"campfire_rested":0,"item_purchase_floors":[4,4,8,8,20,20,37,47],"current_hp_per_floor":[77,77,71,71,69,54,52,52,52,52,52,52,49,49,49,44,71,71,58,58,57,57,57,57,57,57,61,61,65,69,71,71,68,71,71,71,71,71,71,71,71,71,71,71,71,71,71,71,71,70],"gold":52,"neow_bonus":"TEN_PERCENT_HP_BONUS","is_prod":false,"is_daily":false,"chose_seed":false,"campfire_upgraded":7,"win_rate":0,"timestamp":1560952424,"path_taken":["M","M","?","$","M","E","M","$","T","?","R","?","M","?","R","BOSS","M","M","$","M","M","E","M","?","T","E","R","M","E","M","R","BOSS","M","?","?","M","M","E","R","?","T","?","?","R","$","M","R","BOSS"],"build_version":"2019-01-23","purchased_purges":2,"victory":true,"max_hp_per_floor":[77,77,71,71,71,71,71,71,71,71,71,71,71,71,71,71,71,71,71,71,71,71,71,71,71,71,71,71,71,71,71,71,71,71,71,71,71,71,71,71,71,71,71,71,71,71,71,71,71,71],"card_choices":[{"not_picked":["Distraction","Heel Hook"],"picked":"Leg Sweep","floor":1},{"not_picked":["Prepared","Backflip"],"picked":"Dagger Spray","floor":2},{"not_picked":["Accuracy","Catalyst"],"picked":"Footwork","floor":5},{"not_picked":["Eviscerate","Outmaneuver","Bane"],"picked":"SKIP","floor":6},{"not_picked":["Poisoned Stab","Backflip"],"picked":"Cloak And Dagger","floor":7},{"not_picked":["Flying Knee","Deadly Poison"],"picked":"Accuracy","floor":13},{"not_picked":["Quick Slash","Flechettes"],"picked":"Dodge and Roll","floor":14},{"not_picked":["Phantasmal Killer","Adrenaline"],"picked":"Venomology","floor":16},{"not_picked":["Prepared","Flying Knee+1"],"picked":"Noxious Fumes","floor":18},{"not_picked":["Choke+1","Deadly Poison"],"picked":"Blade Dance+1","floor":19},{"not_picked":["PiercingWail","Dagger Spray"],"picked":"Blade Dance+1","floor":21},{"not_picked":["Deflect","Slice"],"picked":"Noxious Fumes","floor":22},{"not_picked":["Dagger Throw","Slice"],"picked":"Blade Dance","floor":23},{"not_picked":["Flechettes","Cloak And Dagger"],"picked":"Bullet Time","floor":24},{"not_picked":["Noxious Fumes","After Image"],"picked":"PiercingWail","floor":27},{"not_picked":["Deflect","Blur"],"picked":"Outmaneuver+1","floor":29},{"not_picked":["Deflect","Prepared","Endless Agony+1"],"picked":"SKIP","floor":30},{"not_picked":["Masterful Stab","Deflect","Dagger Throw"],"picked":"SKIP","floor":31},{"not_picked":["Glass Knife","Unload"],"picked":"A Thousand Cuts","floor":33},{"not_picked":["Dagger Spray+1"],"picked":"SKIP","floor":35},{"not_picked":["Underhanded Strike+1"],"picked":"SKIP","floor":38},{"not_picked":["Dodge and Roll"],"picked":"SKIP","floor":39},{"not_picked":["Heel Hook+1"],"picked":"SKIP","floor":40},{"not_picked":["Dagger Spray"],"picked":"SKIP","floor":44},{"not_picked":["Infinite Blades"],"picked":"SKIP","floor":48}],"player_experience":3789300,"relics_obtained":[{"floor":6,"key":"Dream Catcher"},{"floor":9,"key":"War Paint"},{"floor":23,"key":"Bag of Marbles"},{"floor":26,"key":"Torii"},{"floor":27,"key":"Anchor"},{"floor":30,"key":"Nunchaku"},{"floor":40,"key":"Bag of Preparation"},{"floor":43,"key":"Whetstone"}],"event_choices":[{"damage_healed":0,"gold_gain":0,"player_choice":"Lose Max HP","damage_taken":0,"relics_obtained":["Golden Idol"],"max_hp_gain":0,"max_hp_loss":6,"event_name":"Golden Idol","floor":3,"gold_loss":0},{"damage_healed":0,"gold_gain":0,"player_choice":"Searched \u00271\u0027 times","damage_taken":0,"relics_obtained":["Potion Belt"],"max_hp_gain":0,"max_hp_loss":0,"event_name":"Dead Adventurer","floor":10,"gold_loss":0},{"damage_healed":0,"gold_gain":0,"player_choice":"Ignored","damage_taken":0,"max_hp_gain":0,"max_hp_loss":0,"event_name":"NoteForYourself","floor":12,"gold_loss":0},{"damage_healed":0,"gold_gain":0,"player_choice":"Gave Idol","damage_taken":0,"relics_obtained":["Bloody Idol"],"max_hp_gain":0,"max_hp_loss":0,"event_name":"Forgotten Altar","floor":25,"relics_lost":["Golden Idol"],"gold_loss":0},{"cards_removed":["Strike_G"],"damage_healed":0,"gold_gain":0,"player_choice":"Purged","damage_taken":0,"max_hp_gain":0,"max_hp_loss":0,"event_name":"Purifier","floor":36,"gold_loss":0},{"damage_healed":0,"gold_gain":100,"player_choice":"Pray","damage_taken":0,"max_hp_gain":0,"max_hp_loss":0,"event_name":"Golden Shrine","floor":42,"gold_loss":0},{"damage_healed":0,"gold_gain":0,"cards_transformed":["Strike_G"],"player_choice":"Transformed","damage_taken":0,"max_hp_gain":0,"max_hp_loss":0,"event_name":"Transmorgrifier","floor":45,"gold_loss":0,"cards_obtained":["Flechettes"]}],"is_beta":false,"boss_relics":[{"not_picked":["HoveringKite","Tiny House"],"picked":"Snecko Eye"},{"not_picked":["Calling Bell","Fusion Hammer"],"picked":"Busted Crown"}],"items_purged_floors":[37,47],"is_endless":false,"potions_floor_spawned":[1,13,14,16,18,21,24,30,31,35,38],"ascension_level":0}