{"path_per_floor":["M","?","?","?","$","E","R","M","T","R","E","M","R","M","R","B",null,"M","T","?","M","$","R","M","?","T","E","?","M","M","E","R","B",null,"M","?","$","M","?","R","?","E","T","E","$","R","E","M","R","B"],"character_chosen":"THE_SILENT","items_purchased":["Medical Kit","Deadly Poison","Centennial Puzzle","Bottled Lightning","Footwork"],"gold_per_floor":[111,286,236,236,17,44,44,62,62,62,90,108,108,119,119,218,218,235,235,235,246,4,4,20,20,89,122,122,132,146,180,180,282,282,294,294,36,52,97,97,97,124,124,159,5,5,38,54,54,54],"floor_reached":51,"campfire_rested":3,"playtime":6692,"current_hp_per_floor":[70,70,70,70,70,50,50,47,47,47,46,46,46,45,45,33,70,69,69,69,63,63,63,62,62,62,45,45,37,37,37,58,12,70,62,62,62,62,54,62,52,51,51,16,16,47,47,26,57,46],"items_purged":["Strike_G"],"gold":54,"play_id":"3d3850a6-8799-4a0f-9565-ea242fa8be6d","is_prod":false,"is_daily":false,"is_ascension_mode":true,"campfire_upgraded":4,"path_taken":["M","?","?","?","$","E","R","M","T","R","E","M","R","M","R","BOSS","M","?","?","M","$","R","?","?","T","E","?","?","M","E","R","BOSS","M","?","?","?","?","R","?","E","T","E","$","R","E","M","R","BOSS"],"build_version":"2018-01-25-PROD3","purchased_purges":1,"victory":true,"master_deck":["Defend_G+1","Defend_G+1","Defend_G+1","Defend_G+1","Defend_G+1","Strike_G+1","Strike_G+1","Survivor","Neutralize+1","Quick Slash","Deadly Poison+1","Calculated Gamble+1","Backflip","Noxious Fumes+1","Die Die Die","Dagger Throw+1","Skewer+1","Escape Plan","Noxious Fumes","Blur+1","Neutralize+1","Madness","Madness","Outmaneuver+1","Prepared+1","Footwork","Concentrate+1"],"max_hp_per_floor":[70,70,70,70,70,70,70,70,70,70,70,70,70,70,70,70,70,70,70,70,70,70,70,70,70,70,70,70,70,70,70,70,70,70,70,70,70,70,70,70,70,70,70,70,70,70,70,70,70,70],"relics":["Lizard Tail","Medical Kit","Bag of Preparation","Peace Pipe","Torii","White Beast Statue","Ice Cream","Centennial Puzzle","Dodecahedron","Paper Crane","Happy Flower","Pen Nib","Eternal Feather","Bottled Lightning","Girya","Ginger","Calipers","Gambling Chip","Prayer Wheel"],"card_choices":[{"not_picked":["Tools of the Trade","Slice"],"picked":"Calculated Gamble"},{"not_picked":["Bane","Prepared"],"picked":"Backflip"},{"not_picked":["Dagger Spray","Blur"],"picked":"Noxious Fumes"},{"not_picked":["Burst","Doppelganger"],"picked":"Die Die Die"},{"not_picked":["Dagger Spray","Backflip"],"picked":"Dagger Throw"},{"not_picked":["Cloak And Dagger","Flying Knee"],"picked":"Skewer"},{"not_picked":["Quick Slash","Masterful Stab"],"picked":"Escape Plan"},{"not_picked":["Leg Sweep","Deflect"],"picked":"Noxious Fumes"},{"not_picked":["Dagger Spray","Dodge and Roll"],"picked":"Blur"},{"not_picked":["PiercingWail","Deflect"],"picked":"Outmaneuver"},{"not_picked":["Reflex","Dagger Throw"],"picked":"Prepared"},{"not_picked":["Underhanded Strike","Deadly Poison"],"picked":"Concentrate"}],"player_experience":347939,"potions_floor_usage":[6,11,14,18,27,27,27,30,31,31,33,39,42,42,44,47,50],"damage_taken":[{"damage":0,"enemies":"2 Louse","floor":1,"turns":3},{"damage":20,"enemies":"Gremlin Nob","floor":6,"turns":4},{"damage":3,"enemies":"Small Slimes","floor":8,"turns":3},{"damage":16,"enemies":"Lagavulin","floor":11,"turns":7},{"damage":0,"enemies":"Blue Slaver","floor":12,"turns":4},{"damage":1,"enemies":"Large Slime","floor":14,"turns":5},{"damage":12,"enemies":"Hexaghost","floor":16,"turns":9},{"damage":1,"enemies":"Spheric Guardian","floor":18,"turns":5},{"damage":6,"enemies":"3 Byrds","floor":21,"turns":6},{"damage":1,"enemies":"Centurion and Healer","floor":24,"turns":6},{"damage":28,"enemies":"Gremlin Leader","floor":27,"turns":5},{"damage":8,"enemies":"Snake Plant","floor":29,"turns":4},{"damage":0,"enemies":"Snecko","floor":30,"turns":4},{"damage":0,"enemies":"Book of Stabbing","floor":31,"turns":6},{"damage":46,"enemies":"Automaton","floor":33,"turns":8},{"damage":8,"enemies":"3 Darklings","floor":35,"turns":5},{"damage":0,"enemies":"Orb Walker","floor":38,"turns":4},{"damage":8,"enemies":"Mysterious Sphere","floor":39,"turns":6},{"damage":1,"enemies":"Giant Head","floor":42,"turns":10},{"damage":35,"enemies":"2 Orb Walkers","floor":44,"turns":6},{"damage":0,"enemies":"Giant Head","floor":47,"turns":10},{"damage":21,"enemies":"Sphere and 2 Shapes","floor":48,"turns":8},{"damage":11,"enemies":"Awakened One","floor":50,"turns":13}],"event_choices":[{"event_name":"Liars Game","player_choice":"agreed","floor":2,"damage_taken":0},{"event_name":"The Cleric","player_choice":"Card Removal","floor":3,"damage_taken":0},{"event_name":"Transmorgrifier","player_choice":"Transform","floor":4,"damage_taken":0},{"event_name":"Back to Basics","player_choice":"Simplicity","floor":20,"damage_taken":0},{"event_name":"The Lab","player_choice":"Got Potions","floor":25,"damage_taken":0},{"event_name":"The Mausoleum","player_choice":"Yes","floor":28,"damage_taken":0},{"event_name":"Duplicator","player_choice":"One dupe","floor":36,"damage_taken":0},{"event_name":"Mysterious Sphere","player_choice":"Fight","floor":39,"damage_taken":0},{"event_name":"Winding Halls","player_choice":"Embrace Madness","floor":41,"damage_taken":0}],"boss_relics":[{"not_picked":["Cursed Key","Question Card"],"picked":"White Beast Statue"},{"not_picked":["Runic Pyramid","Pandora\u0027s Box"],"picked":"Eternal Feather"}],"potions_floor_spawned":[1,6,11,16,18,21,24,27,29,30,31,33,35,38,39,42,44,47,48],"seed_played":"2278571179663134151","ascension_level":1,"is_trial":false}