{"gold_per_floor":[118,133,146,120,120,120,155,155,205,236,236,260,360,373,373,373],"floor_reached":16,"playtime":1404,"items_purged":[],"score":149,"play_id":"c3f3bcea-16a3-43c1-af7c-ebea44c4d7c6","local_time":"20190718103519","is_ascension_mode":true,"campfire_choices":[{"data":"Neutralize","floor":6.0,"key":"SMITH"},{"data":"Dash","floor":8,"key":"SMITH"},{"data":"Dagger Spray","floor":15,"key":"SMITH"}],"neow_cost":"NONE","seed_source_timestamp":426674629303079,"circlet_count":0,"master_deck":["Strike_G","Strike_G","Strike_G","Strike_G","Defend_G","Defend_G","Defend_G","Defend_G","Defend_G","Survivor","Neutralize+1","Dagger Spray+1","Blade Dance","Dash+1","Deflect","Quick Slash","Distraction"],"special_seed":0,"relics":["Ring of the Snake","Centennial Puzzle","Golden Idol","Snake Skull","Bag of Preparation","Anchor"],"potions_floor_usage":[7,10,14,16],"damage_taken":[{"damage":2.0,"enemies":"Cultist","floor":1.0,"turns":4.0},{"damage":4.0,"enemies":"Small Slimes","floor":2.0,"turns":4.0},{"damage":0.0,"enemies":"2 Louse","floor":3.0,"turns":2.0},{"damage":1,"enemies":"3 Sentries","floor":7,"turns":6},{"damage":1,"enemies":"Lagavulin","floor":10,"turns":9},{"damage":0,"enemies":"2 Fungi Beasts","floor":12,"turns":5},{"damage":5,"enemies":"3 Louse","floor":14,"turns":3},{"damage":30,"enemies":"Hexaghost","floor":16,"turns":14}],"seed_played":"7865535416399102406","potions_obtained":[{"floor":2.0,"key":"PowerPotion"},{"floor":3.0,"key":"Fire Potion"},{"floor":12,"key":"Swift Potion"},{"floor":14,"key":"EssenceOfSteel"}],"is_trial":false,"path_per_floor":["M","M","M","$","?","R","E","R","T","E","?","M","?","M","R","B"],"character_chosen":"THE_SILENT","items_purchased":["Deflect"],"campfire_rested":0,"item_purchase_floors":[4],"current_hp_per_floor":[61,57,57,57,40,40,39,39,39,38,31,31,31,26,26,0],"gold":373,"neow_bonus":"RANDOM_COMMON_RELIC","is_prod":false,"is_daily":false,"chose_seed":false,"campfire_upgraded":3,"win_rate":0,"timestamp":1563471319,"path_taken":["M","M","M","?","?","R","E","R","T","E","?","M","?","?","R","BOSS"],"build_version":"2019-07-17","purchased_purges":0,"victory":false,"max_hp_per_floor":[70,70,70,70,70,70,70,70,70,70,70,70,70,70,70,70],"card_choices":[{"not_picked":["Sucker Punch","Finisher"],"picked":"Dagger Spray","floor":1.0},{"not_picked":["Endless Agony","Storm of Steel"],"picked":"Blade Dance","floor":2.0},{"not_picked":["Masterful Stab","Blade Dance"],"picked":"Dash","floor":3.0},{"not_picked":["Dodge and Roll","Choke"],"picked":"Quick Slash","floor":7},{"not_picked":["Caltrops","All Out Attack"],"picked":"Distraction","floor":10},{"not_picked":["Blade Dance","Endless Agony","Eviscerate"],"picked":"SKIP","floor":12},{"not_picked":["Poisoned Stab","Acrobatics","Deadly Poison"],"picked":"SKIP","floor":14}],"player_experience":320765,"relics_obtained":[{"floor":7,"key":"Snake Skull"},{"floor":9,"key":"Bag of Preparation"},{"floor":10,"key":"Anchor"}],"event_choices":[{"damage_healed":0.0,"max_hp_gain":0.0,"max_hp_loss":0.0,"gold_gain":0.0,"event_name":"Golden Idol","player_choice":"Take Damage","floor":5.0,"gold_loss":0.0,"damage_taken":17.0,"relics_obtained":["Golden Idol"]},{"cards_removed":["Strike_G"],"damage_healed":0,"gold_gain":0,"player_choice":"Card Removal","damage_taken":7,"max_hp_gain":0,"max_hp_loss":0,"event_name":"Golden Wing","floor":11,"gold_loss":0},{"damage_healed":0,"gold_gain":100,"player_choice":"Pray","damage_taken":0,"max_hp_gain":0,"max_hp_loss":0,"event_name":"Golden Shrine","floor":13,"gold_loss":0}],"is_beta":false,"boss_relics":[],"items_purged_floors":[],"is_endless":false,"potions_floor_spawned":[2,3,12,14],"killed_by":"Hexaghost","ascension_level":7}