{"gold_per_floor":[110,125,125,125,125,125,153,163,163,163,163],"floor_reached":11,"playtime":303,"items_purged":[],"score":182,"play_id":"60810811-c41a-4b2a-bb7c-2c62c8c6ec07","local_time":"20181110114415","is_ascension_mode":true,"campfire_choices":[{"data":"Neutralize","floor":6,"key":"SMITH"},{"floor":10,"key":"REST"}],"neow_cost":"NONE","seed_source_timestamp":496111887393319,"circlet_count":0,"master_deck":["AscendersBane","Defend_G","Defend_G","Defend_G","Defend_G","Defend_G","Strike_G","Strike_G","Strike_G","Strike_G","Survivor","Neutralize+1","Sucker Punch","Escape Plan","Dodge and Roll","Dodge and Roll"],"relics":["Ring of the Snake","NeowsBlessing","Gremlin Horn","Sundial","Juzu Bracelet"],"potions_floor_usage":[11],"damage_taken":[{"damage":0,"enemies":"Jaw Worm","floor":1,"turns":1},{"damage":0,"enemies":"Small Slimes","floor":2,"turns":1},{"damage":0,"enemies":"Gremlin Nob","floor":7,"turns":1},{"damage":0,"enemies":"2 Louse","floor":8,"turns":3},{"damage":39,"enemies":"Lagavulin","floor":11,"turns":11}],"seed_played":"-4986676244637558339","potions_obtained":[{"floor":2,"key":"GhostInAJar"},{"floor":7,"key":"FearPotion"},{"floor":8,"key":"GhostInAJar"}],"is_trial":false,"path_per_floor":["M","M","?","?","?","R","E","M","T","R","E"],"character_chosen":"THE_SILENT","items_purchased":[],"campfire_rested":1,"item_purchase_floors":[],"current_hp_per_floor":[59,59,52,57,39,39,39,39,39,60,21],"gold":163,"neow_bonus":"THREE_ENEMY_KILL","is_prod":false,"is_daily":false,"chose_seed":false,"campfire_upgraded":1,"win_rate":0,"timestamp":1541868255,"path_taken":["M","M","?","?","?","R","E","M","T","R","E"],"build_version":"2018-11-08","purchased_purges":0,"victory":false,"max_hp_per_floor":[66,66,66,71,71,71,71,71,71,71,71],"card_choices":[{"not_picked":["Acrobatics","Dodge and Roll"],"picked":"Sucker Punch","floor":1},{"not_picked":["Corpse Explosion","Slice"],"picked":"Escape Plan","floor":2},{"not_picked":["Predator","Cloak And Dagger"],"picked":"Dodge and Roll","floor":7},{"not_picked":["Blade Dance","Concentrate"],"picked":"Dodge and Roll","floor":8}],"player_experience":2173009,"relics_obtained":[{"floor":7,"key":"Sundial"},{"floor":9,"key":"Juzu Bracelet"}],"event_choices":[{"cards_removed":["Strike_G"],"damage_healed":0,"gold_gain":0,"player_choice":"Card Removal","damage_taken":7,"max_hp_gain":0,"max_hp_loss":0,"event_name":"Golden Wing","floor":3,"gold_loss":0},{"damage_healed":0,"gold_gain":0,"player_choice":"Donut","damage_taken":0,"max_hp_gain":5,"max_hp_loss":0,"event_name":"Big Fish","floor":4,"gold_loss":0},{"damage_healed":0,"gold_gain":0,"player_choice":"Success","damage_taken":18,"relics_obtained":["Gremlin Horn"],"max_hp_gain":0,"max_hp_loss":0,"event_name":"Scrap Ooze","floor":5,"gold_loss":0}],"is_beta":false,"boss_relics":[],"items_purged_floors":[],"is_endless":false,"potions_floor_spawned":[2,7,8],"killed_by":"Lagavulin","ascension_level":18}