{"gold_per_floor":[214,284,296,296,50,50,69,94,94,94,126,26,38,50,350,448,448,468,400,10,24,24],"floor_reached":22,"playtime":1240,"items_purged":["Strike_B","Strike_B"],"score":291,"play_id":"4f3b19a3-c8ef-48df-9d6e-0c7212492204","local_time":"20181217151141","is_ascension_mode":true,"campfire_choices":[{"data":"Zap","floor":6,"key":"SMITH"},{"floor":10,"key":"REST"},{"floor":15,"key":"DIG"}],"neow_cost":"NONE","seed_source_timestamp":422300177031805,"circlet_count":0,"master_deck":["AscendersBane","Strike_B","Defend_B","Defend_B","Defend_B","Defend_B","Zap+1","Dualcast","Streamline","Loop","Compile Driver","Self Repair","Leap","Stack","Lockon","Rainbow","Leap+1","Self Repair"],"relics":["Cracked Core","Ancient Tea Set","Mercury Hourglass","Dodecahedron","Shovel","Old Coin","Philosopher\u0027s Stone","Boot","Membership Card","Pocketwatch"],"potions_floor_usage":[14],"damage_taken":[{"damage":8,"enemies":"Small Slimes","floor":1,"turns":3},{"damage":1,"enemies":"Cultist","floor":3,"turns":3},{"damage":9,"enemies":"Jaw Worm","floor":7,"turns":4},{"damage":35,"enemies":"3 Sentries","floor":8,"turns":8},{"damage":11,"enemies":"Lagavulin","floor":11,"turns":6},{"damage":9,"enemies":"Red Slaver","floor":13,"turns":4},{"damage":15,"enemies":"Large Slime","floor":14,"turns":5},{"damage":24,"enemies":"Hexaghost","floor":16,"turns":9},{"damage":20,"enemies":"Shell Parasite","floor":18,"turns":5},{"damage":16,"enemies":"Spheric Guardian","floor":21,"turns":4},{"damage":51,"enemies":"Shelled Parasite and Fungi","floor":22,"turns":4}],"seed_played":"2143436392193010645","potions_obtained":[{"floor":11,"key":"Explosive Potion"},{"floor":16,"key":"LiquidBronze"}],"is_trial":false,"path_per_floor":["M","?","M","?","$","R","M","E","T","R","E","$","M","M","R","B",null,"M","?","$","M","M"],"character_chosen":"DEFECT","items_purchased":["Ancient Tea Set","Compile Driver","Membership Card","Pocketwatch","Self Repair"],"campfire_rested":1,"item_purchase_floors":[5,5,20,20,20],"current_hp_per_floor":[60,60,59,59,59,59,50,22,22,44,40,40,38,30,30,13,60,47,47,47,45,0],"gold":24,"neow_bonus":"HUNDRED_GOLD","is_prod":false,"is_daily":false,"chose_seed":false,"campfire_upgraded":1,"win_rate":0,"timestamp":1545077501,"path_taken":["M","?","M","?","$","R","?","E","T","R","E","$","M","M","R","BOSS","M","?","$","?","M"],"build_version":"2018-12-13","purchased_purges":2,"victory":false,"max_hp_per_floor":[75,75,75,75,75,75,75,75,75,75,75,75,75,75,75,75,75,75,75,75,75,75],"card_choices":[{"not_picked":["Redo","Rebound"],"picked":"Streamline","floor":1},{"not_picked":["Coolheaded","Heatsinks"],"picked":"Loop","floor":3},{"not_picked":["Coolheaded","Meteor Strike"],"picked":"Self Repair","floor":7},{"not_picked":["Beam Cell","Steam"],"picked":"Leap","floor":8},{"not_picked":["Compile Driver","Hologram","Coolheaded"],"picked":"SKIP","floor":11},{"not_picked":["Skim","Steam"],"picked":"Stack","floor":13},{"not_picked":["Beam Cell","Turbo"],"picked":"Lockon","floor":14},{"not_picked":["Biased Cognition","Hyperbeam"],"picked":"Rainbow","floor":16},{"not_picked":["Loop","Capacitor"],"picked":"Leap+1","floor":18},{"not_picked":["Loop","Ball Lightning","Steam"],"picked":"SKIP","floor":21}],"player_experience":2938713,"relics_obtained":[{"floor":8,"key":"Mercury Hourglass"},{"floor":9,"key":"Dodecahedron"},{"floor":11,"key":"Shovel"},{"floor":15,"key":"Old Coin"}],"event_choices":[{"damage_healed":0,"gold_gain":70,"player_choice":"Gained Gold","damage_taken":0,"max_hp_gain":0,"max_hp_loss":0,"event_name":"Golden Wing","floor":2,"gold_loss":0},{"cards_removed":["Strike_B"],"damage_healed":0,"gold_gain":0,"player_choice":"Purged","damage_taken":0,"max_hp_gain":0,"max_hp_loss":0,"event_name":"Purifier","floor":4,"gold_loss":0},{"damage_healed":0,"gold_gain":0,"player_choice":"Paid Gold","damage_taken":0,"relics_obtained":["Boot"],"max_hp_gain":0,"max_hp_loss":0,"event_name":"WeMeetAgain","floor":19,"gold_loss":68}],"is_beta":false,"boss_relics":[{"not_picked":["Coffee Dripper","FrozenCore"],"picked":"Philosopher\u0027s Stone"}],"items_purged_floors":[5,12],"is_endless":false,"potions_floor_spawned":[11,16],"killed_by":"Shelled Parasite and Fungi","ascension_level":10}