{"gold_per_floor":[119,138,158,10,10,43,43,55,55,55,90,108,34,105,105,204,204,222,235,85,85,85,116,116,215,215,215,230,230,12,30,30,132,132,143,163,173,185,237,2,2,2,2,17,17,45,56,76,76,76],"floor_reached":51,"playtime":5059,"items_purged":[],"score":732,"play_id":"123e951b-446e-4298-8572-af4bb99d3947","local_time":"20190720140756","is_ascension_mode":false,"campfire_choices":[{"data":"Dualcast","floor":7.0,"key":"SMITH"},{"data":"Barrage","floor":10.0,"key":"SMITH"},{"floor":15.0,"key":"REST"},{"floor":27.0,"key":"REST"},{"floor":32.0,"key":"REST"},{"floor":41.0,"key":"REST"},{"data":"Rainbow","floor":49,"key":"SMITH"}],"neow_cost":"NONE","seed_source_timestamp":0,"circlet_count":0,"master_deck":["Strike_B","Strike_B","Strike_B","Defend_B","Defend_B","Defend_B","Defend_B","Zap","Dualcast+1","Go for the Eyes","Stack","Doom and Gloom","Rebound","Barrage+1","Rip and Tear+1","Skim","Doom and Gloom+1","Rainbow+1","Cold Snap+1","Compile Driver+1","Sweeping Beam+1","Streamline+1","Melter+1","Turbo","Barrage+1","Capacitor","Turbo","Melter+1","Ball Lightning+1","Compile Driver+1","Defragment+1","Cold Snap+1","Buffer+1","Reinforced Body+1","Beam Cell+1","Loop+1","Sunder+1","Go for the Eyes+1","Double Energy","Enlightenment","Self Repair+1","Streamline+1","Turbo","Turbo+1","Hologram+1","Coolheaded+1"],"special_seed":0,"relics":["Cracked Core","Boot","Bag of Preparation","Pantograph","Mercury Hourglass","Molten Egg 2","Omamori","Orrery","MutagenicStrength","Lantern","Frozen Egg 2","Meat on the Bone","Pen Nib","Nuclear Battery","Unceasing Top","Prayer Wheel","FaceOfCleric","Shuriken"],"potions_floor_usage":[46,48,50,50],"damage_taken":[{"damage":1.0,"enemies":"Cultist","floor":1.0,"turns":3.0},{"damage":0.0,"enemies":"2 Louse","floor":2.0,"turns":3.0},{"damage":0.0,"enemies":"Small Slimes","floor":3.0,"turns":3.0},{"damage":22.0,"enemies":"Lagavulin","floor":6.0,"turns":6.0},{"damage":0.0,"enemies":"3 Louse","floor":8.0,"turns":1.0},{"damage":27.0,"enemies":"Gremlin Nob","floor":11.0,"turns":4.0},{"damage":0.0,"enemies":"2 Fungi Beasts","floor":12.0,"turns":1.0},{"damage":42.0,"enemies":"The Guardian","floor":16.0,"turns":7.0},{"damage":26.0,"enemies":"2 Thieves","floor":18.0,"turns":4.0},{"damage":30.0,"enemies":"3 Byrds","floor":19.0,"turns":3.0},{"damage":29.0,"enemies":"Slavers","floor":23.0,"turns":4.0},{"damage":24.0,"enemies":"Shelled Parasite and Fungi","floor":28.0,"turns":3.0},{"damage":0.0,"enemies":"3 Cultists","floor":31.0,"turns":3.0},{"damage":32.0,"enemies":"Collector","floor":33.0,"turns":7.0},{"damage":0.0,"enemies":"Orb Walker","floor":35.0,"turns":2.0},{"damage":10.0,"enemies":"3 Darklings","floor":36.0,"turns":2.0},{"damage":12.0,"enemies":"4 Shapes","floor":37.0,"turns":3.0},{"damage":6.0,"enemies":"Sphere and 2 Shapes","floor":38.0,"turns":2.0},{"damage":28.0,"enemies":"2 Orb Walkers","floor":39.0,"turns":3.0},{"damage":9.0,"enemies":"3 Darklings","floor":44.0,"turns":2.0},{"damage":24,"enemies":"Nemesis","floor":46,"turns":5},{"damage":0,"enemies":"Jaw Worm Horde","floor":47,"turns":3},{"damage":0,"enemies":"Transient","floor":48,"turns":5},{"damage":64,"enemies":"Time Eater","floor":50,"turns":11}],"seed_played":"7862475245817511797","potions_obtained":[{"floor":2.0,"key":"SkillPotion"},{"floor":3.0,"key":"Weak Potion"},{"floor":16.0,"key":"Explosive Potion"},{"floor":23.0,"key":"SteroidPotion"},{"floor":31.0,"key":"PowerPotion"},{"floor":33.0,"key":"Swift Potion"},{"floor":36.0,"key":"AttackPotion"},{"floor":38.0,"key":"Regen Potion"},{"floor":44.0,"key":"FocusPotion"},{"floor":46,"key":"FearPotion"}],"is_trial":false,"path_per_floor":["M","M","M","$","?","E","R","M","T","R","E","M","$","?","R","B",null,"M","M","$","?","?","E","?","?","T","R","M","T","$","M","R","B",null,"M","M","M","M","?","$","R","?","T","M","?","E","M","M","R","B",null],"character_chosen":"DEFECT","items_purchased":["Bag of Preparation","Doom and Gloom+1","Capacitor","Turbo","Melter+1","Pen Nib","Defragment+1","Double Energy","Enlightenment","Self Repair+1"],"campfire_rested":4,"item_purchase_floors":[4,13,20,20,20,30,30,40,40,40],"current_hp_per_floor":[74,74,74,74,74,52,52,52,52,52,25,25,25,25,47,30,75,49,19,19,19,44,15,6,6,6,28,4,4,4,16,38,43,75,75,65,53,47,31,31,53,53,53,44,44,55,56,67,67,27],"gold":76,"neow_bonus":"RANDOM_COMMON_RELIC","is_prod":false,"is_daily":false,"chose_seed":false,"campfire_upgraded":3,"win_rate":0.0,"timestamp":1563649676,"path_taken":["M","?","M","$","?","E","R","M","T","R","E","?","?","?","R","BOSS","M","M","$","?","?","E","?","?","T","R","?","?","$","M","R","BOSS","M","M","M","M","?","$","R","?","T","M","?","E","?","M","R","BOSS"],"build_version":"2019-07-17","purchased_purges":0,"victory":true,"max_hp_per_floor":[75,75,75,75,75,75,75,75,75,75,75,75,75,75,75,75,75,75,75,75,75,75,75,75,75,75,75,75,75,75,75,75,75,75,75,75,75,75,75,75,75,75,75,75,75,76,77,78,78,79],"card_choices":[{"not_picked":["Hologram","Aggregate"],"picked":"Go for the Eyes","floor":1.0},{"not_picked":["Go for the Eyes","Gash"],"picked":"Stack","floor":2.0},{"not_picked":["Redo","Go for the Eyes"],"picked":"Doom and Gloom","floor":3.0},{"not_picked":["Beam Cell","Ball Lightning"],"picked":"Rebound","floor":6.0},{"not_picked":["Machine Learning","Streamline"],"picked":"Barrage","floor":8.0},{"not_picked":["FTL+1","Reinforced Body"],"picked":"Rip and Tear+1","floor":11.0},{"not_picked":["Redo","Compile Driver+1"],"picked":"Skim","floor":12.0},{"not_picked":["All For One+1","Electrodynamics"],"picked":"Rainbow","floor":16.0},{"not_picked":["Double Energy","Fusion"],"picked":"Cold Snap+1","floor":17.0},{"not_picked":["Steam","Stack"],"picked":"Compile Driver+1","floor":17.0},{"not_picked":["Genetic Algorithm","Beam Cell+1"],"picked":"Sweeping Beam+1","floor":17.0},{"not_picked":["Go for the Eyes+1","Beam Cell+1"],"picked":"Streamline+1","floor":17.0},{"not_picked":["Go for the Eyes+1","Heatsinks"],"picked":"Melter+1","floor":17.0},{"not_picked":["Compile Driver+1","Sweeping Beam+1"],"picked":"Turbo","floor":18.0},{"not_picked":["Heatsinks+1","Genetic Algorithm"],"picked":"Barrage+1","floor":19.0},{"not_picked":["Sweeping Beam+1","Storm"],"picked":"Ball Lightning+1","floor":23.0},{"not_picked":["Steam","Conserve Battery"],"picked":"Compile Driver+1","floor":28.0},{"not_picked":["Static Discharge+1","Rebound+1"],"picked":"Cold Snap+1","floor":31.0},{"not_picked":["Reboot","Fission"],"picked":"Buffer+1","floor":33.0},{"not_picked":["Turbo","Consume"],"picked":"Reinforced Body+1","floor":35.0},{"not_picked":["Rip and Tear+1","Rebound+1"],"picked":"Beam Cell+1","floor":36.0},{"not_picked":["Compile Driver+1","Steam+1"],"picked":"Loop+1","floor":37.0},{"not_picked":["Sweeping Beam+1","Chaos+1"],"picked":"Sunder+1","floor":38.0},{"not_picked":["Coolheaded","Stack"],"picked":"Go for the Eyes+1","floor":39.0},{"not_picked":["Ball Lightning+1","Steam"],"picked":"Streamline+1","floor":44.0},{"not_picked":["Leap","Cold Snap+1","Rebound+1"],"picked":"SKIP","floor":44.0},{"not_picked":["Melter+1","Genetic Algorithm"],"picked":"Turbo","floor":46},{"not_picked":["Machine Learning+1","Steam+1"],"picked":"Turbo+1","floor":47},{"not_picked":["Rebound+1","Fusion"],"picked":"Hologram+1","floor":47},{"not_picked":["Stack","Genetic Algorithm"],"picked":"Coolheaded+1","floor":48},{"not_picked":["Beam Cell+1","Go for the Eyes+1","Amplify"],"picked":"SKIP","floor":48}],"player_experience":199795,"relics_obtained":[{"floor":6.0,"key":"Mercury Hourglass"},{"floor":9.0,"key":"Molten Egg 2"},{"floor":11.0,"key":"Omamori"},{"floor":23.0,"key":"Lantern"},{"floor":26.0,"key":"Frozen Egg 2"},{"floor":29.0,"key":"Meat on the Bone"},{"floor":39.0,"key":"Unceasing Top"},{"floor":43.0,"key":"Prayer Wheel"},{"floor":46,"key":"Shuriken"}],"event_choices":[{"damage_healed":0.0,"max_hp_gain":0.0,"max_hp_loss":0.0,"gold_gain":0.0,"event_name":"WeMeetAgain","player_choice":"Gave Potion","floor":5.0,"gold_loss":0.0,"damage_taken":0.0,"relics_obtained":["Pantograph"]},{"damage_healed":0.0,"max_hp_gain":0.0,"max_hp_loss":0.0,"gold_gain":71.0,"event_name":"Golden Wing","player_choice":"Gained Gold","floor":14.0,"gold_loss":0.0,"damage_taken":0.0},{"damage_healed":0.0,"max_hp_gain":0.0,"max_hp_loss":0.0,"gold_gain":0.0,"event_name":"Drug Dealer","player_choice":"Inject Mutagens","floor":21.0,"gold_loss":0.0,"damage_taken":0.0,"relics_obtained":["MutagenicStrength"]},{"damage_healed":25.0,"max_hp_gain":0.0,"max_hp_loss":0.0,"gold_gain":0.0,"event_name":"The Library","player_choice":"Heal","floor":22.0,"gold_loss":0.0,"damage_taken":0.0},{"damage_healed":0.0,"max_hp_gain":0.0,"max_hp_loss":0.0,"gold_gain":0.0,"event_name":"Cursed Tome","player_choice":"Stopped","floor":24.0,"gold_loss":0.0,"damage_taken":9.0},{"damage_healed":0.0,"max_hp_gain":0.0,"max_hp_loss":0.0,"gold_gain":99.0,"event_name":"Nest","player_choice":"Stole From Cult","floor":25.0,"gold_loss":0.0,"damage_taken":0.0},{"damage_healed":0.0,"max_hp_gain":0.0,"max_hp_loss":0.0,"gold_gain":0.0,"event_name":"Mysterious Sphere","player_choice":"Fight","floor":39.0,"gold_loss":0.0,"damage_taken":0.0},{"cards_removed":["Strike_B"],"damage_healed":0.0,"max_hp_gain":0.0,"max_hp_loss":0.0,"gold_gain":0.0,"event_name":"Falling","player_choice":"Removed Attack","floor":42.0,"gold_loss":0.0,"damage_taken":0.0},{"damage_healed":0.0,"max_hp_gain":0.0,"max_hp_loss":0.0,"gold_gain":0.0,"event_name":"FaceTrader","player_choice":"Trade","floor":45.0,"gold_loss":0.0,"damage_taken":0.0,"relics_obtained":["FaceOfCleric"]}],"is_beta":false,"boss_relics":[{"not_picked":["Runic Dome","Fusion Hammer"],"picked":"Orrery"},{"not_picked":["Busted Crown","Velvet Choker"],"picked":"Nuclear Battery"}],"items_purged_floors":[],"is_endless":false,"potions_floor_spawned":[2,3,16,23,31,33,36,38,44,46],"ascension_level":0}