{"gold_per_floor":[113,132,282,357,367,160,160,186,213,213,226,259,271,237,249,332,344,366,391,32,32,32,32],"floor_reached":23,"playtime":1360,"items_purged":["Doubt"],"score":378,"play_id":"0df3629c-10de-4e59-9d9a-8b43abf555a6","local_time":"20190509103914","is_ascension_mode":true,"campfire_choices":[{"floor":7,"key":"REST"},{"data":"Recycle","floor":10,"key":"SMITH"},{"floor":13,"key":"REST"},{"data":"Consume","floor":15,"key":"SMITH"}],"neow_cost":"NONE","seed_source_timestamp":2560235229798397,"circlet_count":0,"master_deck":["AscendersBane","Strike_B","Strike_B","Strike_B","Strike_B","Defend_B","Defend_B","Defend_B","Defend_B","Zap","Dualcast","White Noise","Darkness","Leap","Recycle+1","Coolheaded","Self Repair","Consume+1","Coolheaded","All For One","Loop","Rainbow","Decay"],"relics":["Runic Pyramid","Potion Belt","Strawberry","MawBank","Nuclear Battery","DataDisk"],"potions_floor_usage":[12,23,23,23],"damage_taken":[{"damage":6,"enemies":"2 Louse","floor":1,"turns":2},{"damage":4,"enemies":"Small Slimes","floor":2,"turns":5},{"damage":4,"enemies":"Jaw Worm","floor":5,"turns":4},{"damage":7,"enemies":"Red Slaver","floor":11,"turns":5},{"damage":29,"enemies":"3 Sentries","floor":12,"turns":7},{"damage":18,"enemies":"Exordium Thugs","floor":14,"turns":5},{"damage":10,"enemies":"Slime Boss","floor":16,"turns":9},{"damage":29,"enemies":"Shell Parasite","floor":18,"turns":9},{"damage":0,"enemies":"Chosen","floor":19,"turns":4},{"damage":48,"enemies":"Book of Stabbing","floor":23,"turns":5}],"seed_played":"9091747923429443754","potions_obtained":[{"floor":1,"key":"FearPotion"},{"floor":5,"key":"Strength Potion"},{"floor":16,"key":"PowerPotion"},{"floor":19,"key":"Dexterity Potion"}],"is_trial":false,"path_per_floor":["M","M","?","?","M","$","R","T","T","R","M","E","R","M","R","B",null,"M","M","$","?","$","E"],"character_chosen":"DEFECT","items_purchased":["Recycle","Coolheaded","DataDisk","Rainbow","Fire Potion"],"campfire_rested":2,"item_purchase_floors":[6,6,20,20,20],"current_hp_per_floor":[58,54,54,43,39,39,60,60,67,67,60,38,61,50,50,47,70,48,48,48,48,48,0],"gold":32,"neow_bonus":"BOSS_RELIC","is_prod":false,"is_daily":false,"chose_seed":false,"campfire_upgraded":2,"win_rate":0,"timestamp":1557412754,"path_taken":["M","M","?","?","M","$","R","?","T","R","M","E","R","M","R","BOSS","M","M","$","?","?","E"],"build_version":"2019-01-23","purchased_purges":1,"victory":false,"max_hp_per_floor":[71,71,71,71,71,71,71,71,78,78,78,78,78,78,78,78,78,78,78,78,78,78,78],"card_choices":[{"not_picked":["Chaos","Steam Power"],"picked":"White Noise","floor":1},{"not_picked":["Stack","Sweeping Beam"],"picked":"Darkness","floor":2},{"not_picked":["Rebound","Hologram"],"picked":"Leap","floor":5},{"not_picked":["Conserve Battery","Doom and Gloom"],"picked":"Self Repair","floor":11},{"not_picked":["Seek","Undo"],"picked":"Consume","floor":12},{"not_picked":["White Noise","Streamline"],"picked":"Coolheaded","floor":14},{"not_picked":["Reboot","Electrodynamics"],"picked":"All For One","floor":16},{"not_picked":["Heatsinks","Conserve Battery"],"picked":"Loop","floor":18},{"not_picked":["Recycle","Beam Cell","Static Discharge"],"picked":"SKIP","floor":19}],"player_experience":3641425,"relics_obtained":[{"floor":8,"key":"Potion Belt"},{"floor":9,"key":"Strawberry"},{"floor":12,"key":"MawBank"}],"event_choices":[{"damage_healed":0,"gold_gain":150,"player_choice":"AGREE","damage_taken":0,"max_hp_gain":0,"max_hp_loss":0,"event_name":"Liars Game","floor":3,"gold_loss":0,"cards_obtained":["Doubt"]},{"damage_healed":0,"gold_gain":75,"player_choice":"Gather Gold","damage_taken":11,"max_hp_gain":0,"max_hp_loss":0,"event_name":"World of Goop","floor":4,"gold_loss":0},{"damage_healed":0,"gold_gain":0,"player_choice":"Smashed Altar","damage_taken":0,"max_hp_gain":0,"max_hp_loss":0,"event_name":"Forgotten Altar","floor":21,"gold_loss":0,"cards_obtained":["Decay"]}],"is_beta":false,"boss_relics":[{"not_picked":["Philosopher\u0027s Stone","Fusion Hammer"],"picked":"Nuclear Battery"}],"items_purged_floors":[6],"is_endless":false,"potions_floor_spawned":[1,5,16,19],"killed_by":"Book of Stabbing","ascension_level":20}