{"path_per_floor":["M","M","$","?","M","R","T","M","T","M","R","M","R","?","R","B",null,"M","?","M","?","M","R","M","R","T","M","?","E","?","$","R","B",null,"M","?","M","?","M","R","$","M","T","E","?","M","R","M","R","B"],"character_chosen":"THE_SILENT","items_purchased":["Noxious Fumes","Acrobatics","Noxious Fumes","Blur","Backflip","Frozen Egg","Finesse","Distraction"],"gold_per_floor":[113,125,4,4,17,17,17,28,28,38,38,52,52,52,52,149,149,169,169,179,449,459,459,474,474,501,516,416,448,448,98,98,195,195,205,205,220,273,288,288,75,94,117,144,144,158,158,173,173,173],"floor_reached":51,"campfire_rested":1,"playtime":11582,"current_hp_per_floor":[70,70,70,70,70,70,70,67,67,61,61,59,59,52,70,66,70,51,49,40,12,40,46,49,49,49,49,49,49,49,49,49,23,49,43,43,44,33,42,49,49,49,49,49,39,31,43,44,49,49],"items_purged":["Defend_G"],"gold":173,"play_id":"c6b1b9f0-8167-4731-848c-cfe1721f5da9","is_prod":false,"is_daily":false,"campfire_rituals":0,"campfire_upgraded":9,"is_hardmode":false,"path_taken":["M","?","$","?","?","R","?","M","T","?","R","M","R","?","R","BOSS","M","?","M","?","?","R","M","R","T","M","?","E","?","$","R","BOSS","M","?","M","?","M","R","$","M","T","E","?","M","R","M","R","BOSS"],"build_version":"2018-01-11-PROD2","purchased_purges":1,"victory":true,"master_deck":["Defend_G","Defend_G","Defend_G","Survivor","Neutralize","Well Laid Plans","Noxious Fumes","Acrobatics","Deflect","Adrenaline","Calculated Gamble","Bite_G","Bite_G","Bite_G","Bite_G","Bite_G","Footwork","Backflip","Endless Agony","J.A.X.","Acrobatics","Noxious Fumes","Blur","Backflip","Backflip","PiercingWail","Prepared","Finesse","Distraction","Bane","Caltrops","Madness","Madness","Backflip"],"max_hp_per_floor":[70,70,70,70,70,70,70,70,70,70,70,70,70,70,70,70,70,70,49,49,49,49,49,49,49,49,49,49,49,49,49,49,49,49,49,49,49,49,49,49,49,49,49,49,49,49,49,49,49,49],"relics":["Ring of the Snake","Whetstone","Orichalcum","Omamori","Eternal Feather","Bronze Scales","Tough Bandages","Frozen Egg","Lizard Tail","Tingsha","Prayer Wheel","Mercury Hourglass"],"campfire_meditates":0,"card_choices":[{"not_picked":["Reflex","Endless Agony"],"picked":"Well Laid Plans"},{"not_picked":["Finisher","Deadly Poison"],"picked":"Deflect"},{"not_picked":["Doppelganger","Glass Knife"],"picked":"Adrenaline"},{"not_picked":["Blur","Dodge and Roll"],"picked":"Calculated Gamble"},{"not_picked":["Deflect","Slice"],"picked":"Footwork"},{"not_picked":["Dagger Spray","Underhanded Strike"],"picked":"Backflip"},{"not_picked":["Deadly Poison","Slice"],"picked":"Endless Agony"},{"not_picked":["Flying Knee","Underhanded Strike"],"picked":"Backflip"},{"not_picked":["Bane","Flying Knee"],"picked":"PiercingWail"},{"not_picked":["Calculated Gamble","Predator"],"picked":"Prepared"},{"not_picked":["Malaise","Blade Dance"],"picked":"Bane"},{"not_picked":["Endless Agony","Quick Slash"],"picked":"Caltrops"},{"not_picked":["Predator","All Out Attack"],"picked":"Backflip"}],"player_experience":58474,"potions_floor_usage":[8,8,8,10,22,29,38,50,50],"damage_taken":[{"damage":0,"enemies":"Blue Slaver","floor":1,"turns":7},{"damage":0,"enemies":"Small Slimes","floor":2,"turns":6},{"damage":0,"enemies":"Cultist","floor":5,"turns":6},{"damage":18,"enemies":"Gremlin Gang","floor":8,"turns":7},{"damage":6,"enemies":"Exordium Thugs","floor":10,"turns":6},{"damage":2,"enemies":"Looter","floor":12,"turns":3},{"damage":4,"enemies":"The Guardian","floor":16,"turns":14},{"damage":19,"enemies":"3 Byrds","floor":18,"turns":5},{"damage":18,"enemies":"2 Thieves","floor":20,"turns":5},{"damage":0,"enemies":"Chosen and Byrds","floor":22,"turns":7},{"damage":12,"enemies":"Slaver and Parasite","floor":24,"turns":10},{"damage":0,"enemies":"Snake Plant","floor":27,"turns":5},{"damage":5,"enemies":"Gremlin Leader","floor":29,"turns":8},{"damage":35,"enemies":"Champ","floor":33,"turns":15},{"damage":8,"enemies":"Orb Walker","floor":35,"turns":6},{"damage":3,"enemies":"3 Darklings","floor":37,"turns":4},{"damage":21,"enemies":"Mysterious Sphere","floor":38,"turns":5},{"damage":3,"enemies":"Maw","floor":39,"turns":8},{"damage":3,"enemies":"4 Shapes","floor":42,"turns":6},{"damage":3,"enemies":"Giant Head","floor":44,"turns":9},{"damage":14,"enemies":"Sphere and 2 Shapes","floor":46,"turns":5},{"damage":3,"enemies":"Maw","floor":48,"turns":6},{"damage":3,"enemies":"Awakened One","floor":50,"turns":11}],"event_choices":[{"event_name":"The Cleric","player_choice":"Leave","floor":4,"damage_taken":0},{"event_name":"Scrap Ooze","player_choice":"success","floor":14,"damage_taken":7},{"event_name":"Vampires","player_choice":"Became a vampire","floor":19,"damage_taken":0},{"event_name":"Knowing Skull","player_choice":"GOLD GOLD GOLD ","floor":21,"damage_taken":0},{"event_name":"Drug Dealer","player_choice":"Got JAXXED","floor":28,"damage_taken":0},{"event_name":"The Library","player_choice":"Read","floor":30,"damage_taken":0},{"event_name":"Bonfire Elementals","player_choice":"BASIC","floor":36,"damage_taken":0},{"event_name":"Mysterious Sphere","player_choice":"Fight","floor":38,"damage_taken":0},{"event_name":"Winding Halls","player_choice":"Embrace Madness","floor":45,"damage_taken":0}],"boss_relics":[{"not_picked":["Ectoplasm","Philosopher\u0027s Stone"],"picked":"Eternal Feather"},{"not_picked":["Runic Pyramid","Question Card"],"picked":"Lizard Tail"}],"potions_floor_spawned":[1,2,5,8,20,27,33,35,38,39,42],"seed_played":"-904546046095084307","is_trial":false}