{"gold_per_floor":[109,119,194,212,229,229,246,246,246,246,264,278,290,290,290,386,386,398,415,430,430,449,449,449,13,13,32,32,47,47,63,63,158,158,177,190,204,204,204,204,224,33,33,33,33,33,33,45,45,45],"floor_reached":51,"playtime":4886,"items_purged":[],"score":645,"play_id":"2363b3b2-f57c-4f4b-84e5-c7894f8e17cb","local_time":"20190714090126","is_ascension_mode":false,"campfire_choices":[{"data":"Double Energy","floor":6,"key":"SMITH"},{"floor":8,"key":"REST"},{"floor":15,"key":"REST"},{"floor":23,"key":"REST"},{"floor":30,"key":"REST"},{"floor":32,"key":"REST"},{"floor":40,"key":"REST"},{"floor":44,"key":"REST"},{"floor":49,"key":"REST"}],"neow_cost":"CURSE","seed_source_timestamp":225016564621895,"circlet_count":0,"master_deck":["Strike_B+1","Strike_B+1","Defend_B+1","Defend_B+1","Defend_B+1","Zap+1","Dualcast+1","Genetic Algorithm+1","Cold Snap+1","Beam Cell+1","Double Energy+1","Loop+1","Doom and Gloom+1","Cold Snap+1","Melter+1","Electrodynamics+1","Coolheaded+1","Rainbow+1","Cold Snap+1","Conserve Battery+1","Go for the Eyes+1","Leap+1","Capacitor+1","Mayhem+1","Darkness+1","Chill+1","Redo+1","Leap+1","Multi-Cast+1","Hello World+1","Capacitor+1","Cold Snap+1","Multi-Cast+1","Hello World+1","Coolheaded+1"],"relics":["Cracked Core","Mummified Hand","CultistMask","Fusion Hammer","Dodecahedron","Bronze Scales","Sundial","Matryoshka","Snecko Eye","Strange Spoon","Boot","Oddly Smooth Stone","Mark of the Bloom"],"potions_floor_usage":[33,50],"damage_taken":[{"damage":4,"enemies":"Jaw Worm","floor":1,"turns":3},{"damage":0,"enemies":"2 Louse","floor":2,"turns":2},{"damage":3,"enemies":"Cultist","floor":4,"turns":4},{"damage":0,"enemies":"Blue Slaver","floor":5,"turns":4},{"damage":8,"enemies":"Gremlin Gang","floor":7,"turns":4},{"damage":8,"enemies":"Exordium Wildlife","floor":11,"turns":3},{"damage":8,"enemies":"2 Fungi Beasts","floor":12,"turns":3},{"damage":8,"enemies":"Looter","floor":13,"turns":3},{"damage":17,"enemies":"The Guardian","floor":16,"turns":13},{"damage":0,"enemies":"Spheric Guardian","floor":18,"turns":1},{"damage":26,"enemies":"2 Thieves","floor":19,"turns":3},{"damage":0,"enemies":"Sentry and Sphere","floor":20,"turns":3},{"damage":1,"enemies":"Cultist and Chosen","floor":22,"turns":3},{"damage":14,"enemies":"Snecko","floor":27,"turns":6},{"damage":0,"enemies":"Snake Plant","floor":29,"turns":3},{"damage":0,"enemies":"3 Cultists","floor":31,"turns":5},{"damage":15,"enemies":"Collector","floor":33,"turns":10},{"damage":1,"enemies":"3 Darklings","floor":35,"turns":5},{"damage":4,"enemies":"Orb Walker","floor":36,"turns":4},{"damage":0,"enemies":"Sphere and 2 Shapes","floor":37,"turns":4},{"damage":14,"enemies":"Jaw Worm Horde","floor":41,"turns":4},{"damage":4,"enemies":"3 Darklings","floor":48,"turns":4},{"damage":70,"enemies":"Time Eater","floor":50,"turns":9}],"seed_played":"-8090110437146405356","potions_obtained":[{"floor":1,"key":"FocusPotion"},{"floor":11,"key":"Explosive Potion"},{"floor":13,"key":"Weak Potion"},{"floor":31,"key":"Regen Potion"},{"floor":33,"key":"Swift Potion"}],"is_trial":false,"path_per_floor":["M","M","?","M","M","R","M","R","T","?","M","M","M","?","R","B",null,"M","M","M","?","M","R","?","$","T","M","T","M","R","M","R","B",null,"M","M","M","?","?","R","M","$","T","R","?","?","$","M","R","B",null],"character_chosen":"DEFECT","items_purchased":["Capacitor","Bronze Scales","Mayhem","Darkness","Strange Spoon"],"campfire_rested":8,"item_purchase_floors":[25,25,25,25,42],"current_hp_per_floor":[71,71,60,57,57,57,49,71,71,71,63,55,47,40,62,45,75,75,49,49,49,48,70,70,70,70,56,56,56,75,75,75,65,75,74,70,70,70,70,75,61,61,61,75,75,75,75,71,71,1],"gold":45,"neow_bonus":"TRANSFORM_TWO_CARDS","is_prod":false,"is_daily":false,"chose_seed":false,"campfire_upgraded":1,"win_rate":0.0,"timestamp":1563116486,"path_taken":["M","M","?","M","M","R","M","R","T","?","?","M","M","?","R","BOSS","M","M","M","?","?","R","?","$","T","M","?","M","R","M","R","BOSS","M","M","M","?","?","R","?","$","T","R","?","?","$","M","R","BOSS"],"build_version":"2019-07-05","purchased_purges":0,"victory":true,"max_hp_per_floor":[75,75,75,75,75,75,75,75,75,75,75,75,75,75,75,75,75,75,75,75,75,75,75,75,75,75,75,75,75,75,75,75,75,75,75,75,75,75,75,75,75,75,75,75,75,75,75,75,75,75],"card_choices":[{"not_picked":["Compile Driver","Rebound"],"picked":"Beam Cell","floor":1},{"not_picked":["Rebound","Beam Cell"],"picked":"Double Energy","floor":2},{"not_picked":["Beam Cell","Hologram"],"picked":"Loop","floor":4},{"not_picked":["Gash","Barrage"],"picked":"Doom and Gloom","floor":5},{"not_picked":["Go for the Eyes","Stack"],"picked":"Cold Snap","floor":7},{"not_picked":["Steam","Doom and Gloom"],"picked":"Melter","floor":11},{"not_picked":["Hello World","Sweeping Beam"],"picked":"Electrodynamics","floor":12},{"not_picked":["Leap","Go for the Eyes"],"picked":"Coolheaded","floor":13},{"not_picked":["Seek","Fission"],"picked":"Rainbow","floor":16},{"not_picked":["Streamline+1","Steam"],"picked":"Cold Snap","floor":18},{"not_picked":["Chill","Beam Cell"],"picked":"Conserve Battery","floor":19},{"not_picked":["Rip and Tear","Ball Lightning"],"picked":"Go for the Eyes+1","floor":20},{"not_picked":["Reprogram","Rebound"],"picked":"Leap+1","floor":22},{"not_picked":["Sweeping Beam+1","Go for the Eyes"],"picked":"Chill","floor":27},{"not_picked":["Coolheaded","Streamline+1"],"picked":"Redo","floor":29},{"not_picked":["Hologram+1","Beam Cell"],"picked":"Leap","floor":31},{"not_picked":["Buffer","Rainbow"],"picked":"Multi-Cast","floor":33},{"not_picked":["Beam Cell","Compile Driver+1"],"picked":"Hello World","floor":35},{"not_picked":["Steam+1","Barrage+1"],"picked":"Capacitor","floor":36},{"not_picked":["Streamline+1","Coolheaded"],"picked":"Cold Snap+1","floor":37},{"not_picked":["Compile Driver","Stack"],"picked":"Hello World+1","floor":41},{"not_picked":["Hologram+1","Redo"],"picked":"Coolheaded+1","floor":48}],"player_experience":48929,"relics_obtained":[{"floor":9,"key":"Mummified Hand"},{"floor":26,"key":"Sundial"},{"floor":28,"key":"Matryoshka"},{"floor":43,"key":"Boot"},{"floor":43,"key":"Oddly Smooth Stone"}],"event_choices":[{"damage_healed":0,"gold_gain":75,"player_choice":"Gather Gold","damage_taken":11,"max_hp_gain":0,"max_hp_loss":0,"event_name":"World of Goop","floor":3,"gold_loss":0},{"damage_healed":0,"gold_gain":0,"player_choice":"Trade","damage_taken":0,"relics_obtained":["CultistMask"],"max_hp_gain":0,"max_hp_loss":0,"event_name":"FaceTrader","floor":10,"gold_loss":0},{"cards_removed":["Shame"],"damage_healed":0,"gold_gain":0,"player_choice":"Card Removal","damage_taken":7,"max_hp_gain":0,"max_hp_loss":0,"event_name":"Golden Wing","floor":14,"gold_loss":0},{"cards_removed":["Strike_B"],"damage_healed":0,"gold_gain":0,"player_choice":"Offered Basic","damage_taken":0,"max_hp_gain":0,"max_hp_loss":0,"event_name":"Bonfire Elementals","floor":21,"gold_loss":0},{"damage_healed":0,"gold_gain":0,"player_choice":"Opened","damage_taken":0,"relics_obtained":["Dodecahedron"],"max_hp_gain":0,"max_hp_loss":0,"event_name":"The Mausoleum","floor":24,"gold_loss":0},{"damage_healed":0,"gold_gain":0,"player_choice":"Ignored","damage_taken":0,"max_hp_gain":0,"max_hp_loss":0,"event_name":"Mysterious Sphere","floor":38,"gold_loss":0},{"damage_healed":0,"gold_gain":0,"player_choice":"1 cards matched","damage_taken":0,"max_hp_gain":0,"max_hp_loss":0,"event_name":"Match and Keep!","floor":39,"gold_loss":0,"cards_obtained":["Multi-Cast"]},{"damage_healed":0,"gold_gain":0,"player_choice":"Upgrade","damage_taken":0,"relics_obtained":["Mark of the Bloom"],"max_hp_gain":0,"max_hp_loss":0,"event_name":"MindBloom","floor":45,"gold_loss":0,"cards_upgraded":["Strike_B","Strike_B","Defend_B","Defend_B","Defend_B","Zap","Dualcast","Genetic Algorithm","Cold Snap","Beam Cell","Loop","Doom and Gloom","Cold Snap","Melter","Electrodynamics","Coolheaded","Rainbow","Cold Snap","Conserve Battery","Capacitor","Mayhem","Darkness","Chill","Redo","Leap","Multi-Cast","Hello World","Capacitor","Multi-Cast"]},{"damage_healed":0,"gold_gain":0,"player_choice":"Ignored","damage_taken":0,"max_hp_gain":0,"max_hp_loss":0,"event_name":"Upgrade Shrine","floor":46,"gold_loss":0}],"is_beta":false,"boss_relics":[{"not_picked":["Coffee Dripper","Busted Crown"],"picked":"Fusion Hammer"},{"not_picked":["Nuclear Battery","Astrolabe"],"picked":"Snecko Eye"}],"items_purged_floors":[],"is_endless":false,"potions_floor_spawned":[1,11,13,16,18,27,31,33,36],"ascension_level":0}