{"path_per_floor":["M","$","M","T","M","R","M","?","T","E","R","M","R","$","R","B",null,"M","M","M","?","M","R","M","R","T","M","R","?","?","M","R","B",null,"M","M","M","?","$","R","E","M","T","$","R","M","$","?","R","B"],"character_chosen":"THE_SILENT","items_purchased":["Footwork","Bouncing Flask","Dexterity Potion","Torii","Bouncing Flask","Regen Potion","Footwork","Skewer"],"gold_per_floor":[113,38,51,120,137,137,152,102,102,128,128,140,140,13,13,108,108,128,146,160,160,177,177,190,190,190,208,208,388,388,408,408,503,503,515,534,549,549,60,60,86,96,144,71,71,84,5,0,0,0],"floor_reached":51,"campfire_rested":4,"playtime":5270,"current_hp_per_floor":[70,70,70,70,70,70,65,65,65,61,61,61,61,61,61,61,70,51,51,51,41,41,41,22,44,44,44,66,34,34,34,56,37,76,74,52,51,51,51,51,51,51,51,51,51,51,51,51,73,43],"items_purged":["Strike_G"],"gold":0,"score":554,"play_id":"4b6056f2-0a12-4571-8647-585733bdbbb9","is_prod":false,"is_daily":false,"is_ascension_mode":false,"campfire_upgraded":7,"path_taken":["M","?","M","?","?","R","M","?","T","E","R","?","R","$","R","BOSS","M","M","M","?","M","R","M","R","T","M","R","?","?","M","R","BOSS","M","M","M","?","?","R","E","M","T","$","R","M","$","?","R","BOSS"],"build_version":"2018-02-15-PROD1","purchased_purges":1,"victory":true,"master_deck":["Defend_G","Defend_G","Defend_G","Defend_G","Strike_G","Strike_G","Strike_G","Survivor+1","Neutralize+1","Escape Plan+1","Footwork+1","Acrobatics+1","Malaise+1","Acrobatics+1","Tactician+1","Bouncing Flask+1","Tactician+1","Terror+1","Escape Plan+1","Necronomicurse","Dagger Spray+1","Envenom+1","Leg Sweep+1","Trip+1","Choke+1","After Image","Bouncing Flask+1","Tools of the Trade","Backflip+1","Footwork+1","Skewer"],"max_hp_per_floor":[70,70,70,70,70,70,70,70,70,70,70,70,70,70,70,70,70,70,70,70,76,76,76,76,76,76,76,76,76,76,76,76,76,76,76,76,76,76,76,76,76,76,76,76,76,76,76,76,76,76],"relics":["Ring of the Snake","Oddly Smooth Stone","Toxic Egg 2","Lantern","Darkstone Periapt","The Specimen","Necronomicon","Ice Cream","Sozu","Torii","Toolbox","Art of War","Red Mask"],"card_choices":[{"not_picked":["Bane","All Out Attack"],"picked":"Escape Plan"},{"not_picked":["Quick Slash","Outmaneuver"],"picked":"Acrobatics"},{"not_picked":["Flechettes","Underhanded Strike"],"picked":"Malaise"},{"not_picked":["Prepared","PiercingWail"],"picked":"Acrobatics"},{"not_picked":["Poisoned Stab","Slice"],"picked":"Tactician"},{"not_picked":["After Image","Phantasmal Killer"],"picked":"Tactician"},{"not_picked":["Quick Slash","PiercingWail"],"picked":"Terror"},{"not_picked":["Dagger Throw","Poisoned Stab"],"picked":"Escape Plan"},{"not_picked":["Deadly Poison","PiercingWail"],"picked":"Dagger Spray"},{"not_picked":["Quick Slash","Bane"],"picked":"Envenom"},{"not_picked":["Cloak And Dagger","Sucker Punch"],"picked":"Leg Sweep"},{"not_picked":["Blur","PiercingWail"],"picked":"Choke"},{"not_picked":["Glass Knife","Burst"],"picked":"After Image"},{"not_picked":["Quick Slash","Deflect"],"picked":"Tools of the Trade"},{"not_picked":["Slice","Dagger Throw"],"picked":"Backflip"}],"player_experience":816771,"potions_floor_usage":[10,18,18,18,20,31],"damage_taken":[{"damage":0,"enemies":"Cultist","floor":1,"turns":4},{"damage":0,"enemies":"Jaw Worm","floor":3,"turns":6},{"damage":0,"enemies":"2 Louse","floor":5,"turns":3},{"damage":5,"enemies":"Blue Slaver","floor":7,"turns":5},{"damage":4,"enemies":"3 Sentries","floor":10,"turns":11},{"damage":0,"enemies":"Red Slaver","floor":12,"turns":5},{"damage":0,"enemies":"Hexaghost","floor":16,"turns":9},{"damage":19,"enemies":"3 Byrds","floor":18,"turns":9},{"damage":0,"enemies":"Shell Parasite","floor":19,"turns":4},{"damage":0,"enemies":"Sentry and Sphere","floor":20,"turns":7},{"damage":0,"enemies":"Snecko","floor":22,"turns":5},{"damage":19,"enemies":"Cultist and Chosen","floor":24,"turns":7},{"damage":0,"enemies":"Snake Plant","floor":27,"turns":5},{"damage":0,"enemies":"Sentry and Sphere","floor":31,"turns":5},{"damage":19,"enemies":"Collector","floor":33,"turns":9},{"damage":2,"enemies":"3 Shapes","floor":35,"turns":5},{"damage":22,"enemies":"3 Darklings","floor":36,"turns":8},{"damage":1,"enemies":"4 Shapes","floor":37,"turns":6},{"damage":0,"enemies":"Nemesis","floor":41,"turns":3},{"damage":0,"enemies":"Maw","floor":42,"turns":6},{"damage":0,"enemies":"Sphere and 2 Shapes","floor":46,"turns":5},{"damage":30,"enemies":"Time Eater","floor":50,"turns":12}],"event_choices":[{"event_name":"The Cleric","player_choice":"Card Removal","floor":8,"damage_taken":0},{"event_name":"Cursed Tome","player_choice":"Obtained Book","floor":21,"damage_taken":0},{"event_name":"Knowing Skull","player_choice":"GOLD CARD GOLD ","floor":29,"damage_taken":0},{"event_name":"Drug Dealer","player_choice":"Ignored","floor":30,"damage_taken":0},{"event_name":"Tomb of Lord Red Mask","player_choice":"Paid","floor":48,"damage_taken":0}],"boss_relics":[{"not_picked":["Eternal Feather","White Beast Statue"],"picked":"The Specimen"},{"not_picked":["Orrery","Philosopher\u0027s Stone"],"picked":"Sozu"}],"potions_floor_spawned":[3,7,12,19,24,42],"seed_played":"-7110002229413974395","ascension_level":0,"is_trial":false}