{"gold_per_floor":[113,113,130,130,130,162,162,181,181,238,238,264,17,31,31,133,133,144,144,144,119,131,131,146,159,159,174,174,184,199,217,217,217],"floor_reached":33,"playtime":3330,"items_purged":[],"score":259,"play_id":"25e6380e-7ee1-4701-b2a2-ba9c40b7d4eb","local_time":"20190716020234","is_ascension_mode":false,"campfire_choices":[{"floor":7,"key":"REST"},{"floor":11,"key":"REST"},{"floor":15,"key":"REST"},{"floor":23,"key":"REST"},{"floor":28,"key":"REST"},{"floor":32,"key":"REST"}],"neow_cost":"NONE","seed_source_timestamp":363430320779010,"circlet_count":0,"master_deck":["Strike_R+1","Strike_R+1","Strike_R+1","Strike_R+1","Strike_R+1","Defend_R+1","Defend_R+1","Defend_R+1","Defend_R+1","Bash+1","Feel No Pain","Headbutt+1","Battle Trance","Uppercut","Pummel","Carnage","Mayhem","Combust","Dropkick","Double Tap","Battle Trance","Pommel Strike","Pummel+1","Double Tap","Inflame","Headbutt+1"],"relics":["Burning Blood","Paper Frog","Bronze Scales","Happy Flower","Juzu Bracelet","Snecko Eye","Dodecahedron"],"potions_floor_usage":[10,12,29],"damage_taken":[{"damage":7,"enemies":"2 Louse","floor":1,"turns":4},{"damage":6,"enemies":"Small Slimes","floor":3,"turns":5},{"damage":62,"enemies":"3 Sentries","floor":6,"turns":9},{"damage":0,"enemies":"Cultist","floor":8,"turns":2},{"damage":40,"enemies":"3 Sentries","floor":10,"turns":6},{"damage":26,"enemies":"Lagavulin","floor":12,"turns":4},{"damage":7,"enemies":"Blue Slaver","floor":14,"turns":2},{"damage":62,"enemies":"The Guardian","floor":16,"turns":7},{"damage":0,"enemies":"Spheric Guardian","floor":18,"turns":2},{"damage":15,"enemies":"2 Thieves","floor":22,"turns":3},{"damage":37,"enemies":"Shelled Parasite and Fungi","floor":24,"turns":5},{"damage":6,"enemies":"Chosen and Byrds","floor":25,"turns":4},{"damage":12,"enemies":"Snecko","floor":27,"turns":3},{"damage":21,"enemies":"Snake Plant","floor":29,"turns":2},{"damage":25,"enemies":"Centurion and Healer","floor":30,"turns":5},{"damage":28,"enemies":"Shelled Parasite and Fungi","floor":31,"turns":3},{"damage":64,"enemies":"Champ","floor":33,"turns":6}],"seed_played":"7415694077791782123","potions_obtained":[{"floor":1,"key":"EssenceOfSteel"},{"floor":6,"key":"GamblersBrew"},{"floor":8,"key":"Weak Potion"},{"floor":10,"key":"Energy Potion"},{"floor":18,"key":"AttackPotion"},{"floor":29,"key":"SkillPotion"}],"is_trial":false,"path_per_floor":["M","?","M","?","?","E","R","M","T","?","R","E","$","M","R","B",null,"M","?","?","$","M","R","M","M","T","M","R","M","M","M","R","B"],"character_chosen":"IRONCLAD","items_purchased":["Mayhem","Combust","Pommel Strike"],"campfire_rested":6,"item_purchase_floors":[13,13,21],"current_hp_per_floor":[87,92,92,92,92,36,63,69,69,35,62,42,42,41,68,12,93,93,93,93,93,84,93,62,62,62,56,83,68,49,27,54,0],"gold":217,"neow_bonus":"TEN_PERCENT_HP_BONUS","is_prod":false,"is_daily":false,"chose_seed":false,"campfire_upgraded":0,"win_rate":0.0,"timestamp":1563267754,"path_taken":["M","?","M","?","?","E","R","?","T","?","R","E","$","M","R","BOSS","M","?","?","$","M","R","M","M","T","M","R","M","M","M","R","BOSS"],"build_version":"2019-07-05","purchased_purges":0,"victory":false,"max_hp_per_floor":[88,93,93,93,93,93,93,93,93,93,93,93,93,93,93,93,93,93,93,93,93,93,93,93,93,93,93,93,93,93,93,93,93],"card_choices":[{"not_picked":["Dropkick","Twin Strike"],"picked":"Feel No Pain","floor":1},{"not_picked":["Warcry","Armaments"],"picked":"Headbutt","floor":3},{"not_picked":["Flex","Thunderclap"],"picked":"Battle Trance","floor":6},{"not_picked":["Headbutt","Armaments"],"picked":"Uppercut","floor":8},{"not_picked":["Sword Boomerang","Twin Strike"],"picked":"Pummel","floor":10},{"not_picked":["Clothesline","Pummel"],"picked":"Carnage","floor":12},{"not_picked":["Headbutt","Cleave"],"picked":"Dropkick","floor":14},{"not_picked":["Demon Form","Berserk"],"picked":"Double Tap","floor":16},{"not_picked":["Flame Barrier+1","Cleave","Clothesline"],"picked":"SKIP","floor":18},{"not_picked":["Body Slam","Disarm"],"picked":"Pummel+1","floor":22},{"not_picked":["Clash","Twin Strike","Hemokinesis"],"picked":"SKIP","floor":24},{"not_picked":["Burning Pact","Flex"],"picked":"Double Tap","floor":25},{"not_picked":["Armaments","Flex"],"picked":"Inflame","floor":27},{"not_picked":["Searing Blow","Thunderclap"],"picked":"Headbutt+1","floor":29},{"not_picked":["Fire Breathing+1","Body Slam","Anger"],"picked":"SKIP","floor":30},{"not_picked":["Shrug It Off","Bloodletting+1","Clothesline+1"],"picked":"SKIP","floor":31}],"player_experience":0,"relics_obtained":[{"floor":6,"key":"Paper Frog"},{"floor":9,"key":"Bronze Scales"},{"floor":12,"key":"Juzu Bracelet"},{"floor":26,"key":"Dodecahedron"}],"event_choices":[{"damage_healed":0,"gold_gain":0,"player_choice":"Donut","damage_taken":0,"max_hp_gain":5,"max_hp_loss":0,"event_name":"Big Fish","floor":2,"gold_loss":0},{"damage_healed":0,"gold_gain":0,"player_choice":"Grow","damage_taken":0,"max_hp_gain":0,"max_hp_loss":0,"event_name":"Living Wall","floor":4,"gold_loss":0,"cards_upgraded":["Headbutt"]},{"damage_healed":0,"gold_gain":0,"player_choice":"Forge","damage_taken":0,"max_hp_gain":0,"max_hp_loss":0,"event_name":"Accursed Blacksmith","floor":5,"gold_loss":0,"cards_upgraded":["Bash"]},{"damage_healed":0,"gold_gain":0,"player_choice":"Searched \u00273\u0027 times","damage_taken":0,"relics_obtained":["Happy Flower"],"max_hp_gain":0,"max_hp_loss":0,"event_name":"Dead Adventurer","floor":10,"gold_loss":0},{"damage_healed":0,"gold_gain":0,"player_choice":"Read","damage_taken":0,"max_hp_gain":0,"max_hp_loss":0,"event_name":"The Library","floor":19,"gold_loss":0,"cards_obtained":["Battle Trance"]},{"damage_healed":0,"gold_gain":0,"player_choice":"Simplicity","damage_taken":0,"max_hp_gain":0,"max_hp_loss":0,"event_name":"Back to Basics","floor":20,"gold_loss":0,"cards_upgraded":["Strike_R","Strike_R","Strike_R","Strike_R","Strike_R","Defend_R","Defend_R","Defend_R","Defend_R"]}],"is_beta":false,"boss_relics":[{"not_picked":["Runic Cube","Lizard Tail"],"picked":"Snecko Eye"}],"items_purged_floors":[],"is_endless":false,"potions_floor_spawned":[1,6,8,10,18,27,29],"killed_by":"Champ","ascension_level":0}