{"gold_per_floor":[16,16,191,203,218,218,229,229,229,229,257,182,132,132,132,231,231,248,248,283,295,33,33,33,66,132,160,172,211,236,260,272,284],"floor_reached":33,"playtime":2358,"items_purged":["Doubt"],"score":308,"play_id":"a8a768df-4496-4488-952e-a4314008ebf3","local_time":"20190420131207","is_ascension_mode":false,"campfire_choices":[{"data":"Capacitor","floor":6,"key":"SMITH"},{"data":"Zap","floor":8,"key":"SMITH"},{"data":"Loop","floor":10,"key":"SMITH"},{"floor":15,"key":"REST"},{"floor":23,"key":"REST"},{"data":"Consume","floor":28,"key":"SMITH"},{"floor":32,"key":"REST"}],"neow_cost":"NO_GOLD","seed_source_timestamp":926804612008538,"circlet_count":0,"master_deck":["Strike_B+1","Strike_B+1","Strike_B+1","Defend_B+1","Defend_B+1","Defend_B+1","Defend_B+1","Zap+1","Dualcast","Loop+1","Leap","Capacitor+1","Barrage","Creative AI+1","Go for the Eyes","Echo Form","Steam Power","Redo+1","Glacier","Self Repair","Hologram+1","Force Field","Consume+1","Go for the Eyes+1","Double Energy"],"relics":["Cracked Core","Girya","Mercury Hourglass","Bottled Lightning","Dream Catcher","Eternal Feather","Red Mask","Runic Capacitor","MawBank","Boot","Symbiotic Virus"],"potions_floor_usage":[16,20,20,20,20,25,25],"damage_taken":[{"damage":1,"enemies":"Jaw Worm","floor":1,"turns":3},{"damage":0,"enemies":"Small Slimes","floor":4,"turns":2},{"damage":1,"enemies":"Cultist","floor":5,"turns":3},{"damage":5,"enemies":"Looter","floor":7,"turns":3},{"damage":25,"enemies":"3 Sentries","floor":11,"turns":5},{"damage":24,"enemies":"The Guardian","floor":16,"turns":7},{"damage":25,"enemies":"Shell Parasite","floor":18,"turns":8},{"damage":15,"enemies":"Masked Bandits","floor":20,"turns":5},{"damage":16,"enemies":"2 Thieves","floor":21,"turns":4},{"damage":20,"enemies":"Book of Stabbing","floor":25,"turns":7},{"damage":18,"enemies":"Centurion and Healer","floor":27,"turns":24},{"damage":1,"enemies":"Gremlin Leader","floor":29,"turns":6},{"damage":31,"enemies":"3 Cultists","floor":30,"turns":5},{"damage":22,"enemies":"Shelled Parasite and Fungi","floor":31,"turns":6},{"damage":66,"enemies":"Collector","floor":33,"turns":7}],"seed_played":"-1837523489644801548","potions_obtained":[{"floor":1,"key":"Poison Potion"},{"floor":4,"key":"SteroidPotion"},{"floor":5,"key":"EntropicBrew"},{"floor":21,"key":"Regen Potion"},{"floor":30,"key":"FearPotion"},{"floor":31,"key":"Strength Potion"}],"is_trial":false,"path_per_floor":["M","?","?","M","M","R","M","R","T","R","E","$","?","?","R","B",null,"M","?","?","M","$","R","?","E","T","M","R","E","M","M","R","B"],"character_chosen":"DEFECT","items_purchased":["Runic Capacitor","Self Repair"],"campfire_rested":3,"item_purchase_floors":[22,22],"current_hp_per_floor":[74,62,62,62,61,61,56,56,56,56,31,31,31,31,53,29,75,50,50,35,19,19,53,53,55,55,44,56,62,31,16,50,0],"gold":284,"neow_bonus":"ONE_RARE_RELIC","is_prod":false,"is_daily":false,"chose_seed":false,"campfire_upgraded":4,"win_rate":0,"timestamp":1555780327,"path_taken":["M","?","?","?","M","R","M","R","T","R","E","$","?","?","R","BOSS","M","?","?","M","$","R","?","E","T","?","R","E","M","M","R","BOSS"],"build_version":"2019-01-23","purchased_purges":1,"victory":false,"max_hp_per_floor":[75,75,75,75,75,75,75,75,75,75,75,75,75,75,75,75,75,75,75,75,75,75,75,75,75,75,75,75,75,75,75,75,75],"card_choices":[{"not_picked":["Rebound","Turbo"],"picked":"Loop","floor":1},{"not_picked":["Static Discharge","Storm"],"picked":"Leap","floor":4},{"not_picked":["Leap","Steam Power"],"picked":"Capacitor","floor":5},{"not_picked":["Sweeping Beam","Leap"],"picked":"Barrage","floor":7},{"not_picked":["Rebound","Double Energy"],"picked":"Creative AI","floor":11},{"not_picked":["Stack","Barrage"],"picked":"Go for the Eyes","floor":15},{"not_picked":["Rainbow","Meteor Strike"],"picked":"Echo Form","floor":16},{"not_picked":["Rip and Tear","Recycle"],"picked":"Steam Power","floor":18},{"not_picked":["Aggregate","Barrage"],"picked":"Redo+1","floor":20},{"not_picked":["Redo","Cold Snap+1"],"picked":"Glacier","floor":21},{"not_picked":["Hello World+1","Self Repair"],"picked":"Hologram","floor":23},{"not_picked":["Genetic Algorithm","Turbo"],"picked":"Force Field","floor":25},{"not_picked":["Steam","Streamline"],"picked":"Consume","floor":27},{"not_picked":["All For One","Stack"],"picked":"Go for the Eyes+1","floor":29},{"not_picked":["Chaos+1","Go for the Eyes","Cold Snap"],"picked":"SKIP","floor":30},{"not_picked":["Lockon","Gash","Capacitor"],"picked":"SKIP","floor":31},{"not_picked":["Redo","Go for the Eyes+1"],"picked":"Double Energy","floor":32}],"player_experience":3428746,"relics_obtained":[{"floor":9,"key":"Bottled Lightning"},{"floor":11,"key":"Dream Catcher"},{"floor":20,"key":"Red Mask"},{"floor":25,"key":"MawBank"},{"floor":26,"key":"Boot"},{"floor":29,"key":"Symbiotic Virus"}],"event_choices":[{"damage_healed":0,"gold_gain":0,"player_choice":"Success","damage_taken":12,"relics_obtained":["Mercury Hourglass"],"max_hp_gain":0,"max_hp_loss":0,"event_name":"Scrap Ooze","floor":2,"gold_loss":0},{"damage_healed":0,"gold_gain":175,"player_choice":"AGREE","damage_taken":0,"max_hp_gain":0,"max_hp_loss":0,"event_name":"Liars Game","floor":3,"gold_loss":0,"cards_obtained":["Doubt"]},{"cards_removed":["Strike_B"],"damage_healed":0,"gold_gain":0,"player_choice":"Card Removal","damage_taken":0,"max_hp_gain":0,"max_hp_loss":0,"event_name":"The Cleric","floor":13,"gold_loss":50},{"damage_healed":0,"gold_gain":0,"player_choice":"Upgraded","damage_taken":0,"max_hp_gain":0,"max_hp_loss":0,"event_name":"Upgrade Shrine","floor":14,"gold_loss":0,"cards_upgraded":["Creative AI"]},{"damage_healed":0,"gold_gain":0,"player_choice":"Simplicity","damage_taken":0,"max_hp_gain":0,"max_hp_loss":0,"event_name":"Back to Basics","floor":19,"gold_loss":0,"cards_upgraded":["Strike_B","Strike_B","Strike_B","Defend_B","Defend_B","Defend_B","Defend_B"]},{"damage_healed":0,"gold_gain":0,"player_choice":"Fought Bandits","damage_taken":0,"max_hp_gain":0,"max_hp_loss":0,"event_name":"Masked Bandits","floor":20,"gold_loss":0},{"damage_healed":0,"gold_gain":0,"player_choice":"Forge","damage_taken":0,"max_hp_gain":0,"max_hp_loss":0,"event_name":"Accursed Blacksmith","floor":24,"gold_loss":0,"cards_upgraded":["Hologram"]}],"is_beta":false,"boss_relics":[{"not_picked":["Busted Crown","Ectoplasm"],"picked":"Eternal Feather"}],"items_purged_floors":[12],"is_endless":false,"potions_floor_spawned":[1,4,5,21,30,31],"killed_by":"Collector","ascension_level":0}