{"gold_per_floor":[217,217,237,23,23,23,64,64,64,99,122,122,136,36,36,167,167,188,287,300,19,32,32,32,51,99,124,124,142,167,167],"floor_reached":31,"playtime":1238,"items_purged":["Strike_B","Strike_B","Strike_B"],"score":272,"play_id":"2dba83bc-5988-4b03-ab05-b69e523c5187","local_time":"20181125231814","is_ascension_mode":true,"campfire_choices":[{"data":"Electrodynamics","floor":6,"key":"SMITH"},{"data":"Static Discharge","floor":8,"key":"SMITH"},{"floor":12,"key":"REST"},{"data":"Fusion","floor":15,"key":"SMITH"},{"data":"Aggregate","floor":23,"key":"SMITH"},{"floor":28,"key":"REST"}],"neow_cost":"NONE","seed_source_timestamp":1039375490829581,"circlet_count":0,"master_deck":["Strike_B","Defend_B","Defend_B","Defend_B","Defend_B","Zap+1","Dualcast","Beam Cell","Static Discharge+1","Electrodynamics+1","Tempest","Doom and Gloom","Aggregate+1","Fusion+1","Multi-Cast","Cold Snap","Regret","Buffer","Leap","Rebound+1","Leap"],"relics":["Cracked Core","Golden Idol","Dream Catcher","Pear","Symbiotic Virus","Cursed Key","Lantern"],"potions_floor_usage":[22,27,31],"damage_taken":[{"damage":3,"enemies":"2 Louse","floor":1,"turns":3},{"damage":4,"enemies":"Jaw Worm","floor":3,"turns":3},{"damage":8,"enemies":"Gremlin Nob","floor":7,"turns":3},{"damage":31,"enemies":"Lagavulin","floor":10,"turns":6},{"damage":0,"enemies":"Cultist","floor":11,"turns":2},{"damage":0,"enemies":"3 Louse","floor":13,"turns":1},{"damage":31,"enemies":"The Guardian","floor":16,"turns":9},{"damage":1,"enemies":"3 Byrds","floor":18,"turns":2},{"damage":7,"enemies":"Chosen","floor":20,"turns":4},{"damage":26,"enemies":"Snecko","floor":22,"turns":3},{"damage":0,"enemies":"Sentry and Sphere","floor":25,"turns":2},{"damage":14,"enemies":"Snake Plant","floor":27,"turns":3},{"damage":12,"enemies":"Cultist and Chosen","floor":29,"turns":4},{"damage":20,"enemies":"Centurion and Healer","floor":30,"turns":3},{"damage":27,"enemies":"Shelled Parasite and Fungi","floor":31,"turns":4}],"seed_played":"-2632952863562908771","potions_obtained":[{"floor":10,"key":"Explosive Potion"},{"floor":11,"key":"FearPotion"},{"floor":16,"key":"Swift Potion"},{"floor":25,"key":"EssenceOfSteel"},{"floor":30,"key":"FocusPotion"}],"is_trial":false,"path_per_floor":["M","?","M","$","?","R","E","R","T","E","M","R","M","$","R","B",null,"M","?","M","$","M","R","?","M","T","M","R","M","M","M"],"character_chosen":"DEFECT","items_purchased":["Electrodynamics","Lantern"],"campfire_rested":2,"item_purchase_floors":[4,21],"current_hp_per_floor":[72,69,65,65,65,65,57,57,67,36,36,59,59,59,59,28,79,78,78,71,71,45,45,45,45,45,31,54,42,22,0],"gold":167,"neow_bonus":"HUNDRED_GOLD","is_prod":false,"is_daily":false,"chose_seed":false,"campfire_upgraded":4,"win_rate":0,"timestamp":1543205894,"path_taken":["M","?","M","$","?","R","E","R","T","E","M","R","M","$","R","BOSS","M","?","M","$","M","R","?","M","T","M","R","?","M","M"],"build_version":"2018-11-15","purchased_purges":3,"victory":false,"max_hp_per_floor":[75,69,69,69,69,69,69,69,79,79,79,79,79,79,79,79,79,79,79,79,79,79,79,79,79,79,79,79,79,79,79],"card_choices":[{"not_picked":["Coolheaded","Barrage"],"picked":"Beam Cell","floor":1},{"not_picked":["Beam Cell","FTL"],"picked":"Static Discharge","floor":3},{"not_picked":["Stack","Reboot"],"picked":"Tempest","floor":7},{"not_picked":["Ball Lightning","Static Discharge"],"picked":"Doom and Gloom","floor":10},{"not_picked":["Steam","Compile Driver"],"picked":"Aggregate","floor":11},{"not_picked":["Leap","Barrage"],"picked":"Fusion","floor":12},{"not_picked":["Redo","Stack","Streamline"],"picked":"SKIP","floor":13},{"not_picked":["Core Surge","Fission"],"picked":"Multi-Cast","floor":16},{"not_picked":["Redo+1","Ball Lightning","Sweeping Beam"],"picked":"SKIP","floor":18},{"not_picked":["Chaos","Redo","Turbo"],"picked":"SKIP","floor":20},{"not_picked":["Streamline","Hello World","Tempest"],"picked":"SKIP","floor":22},{"not_picked":["Steam+1","Barrage+1"],"picked":"Cold Snap","floor":25},{"not_picked":["Redo+1","Beam Cell"],"picked":"Buffer","floor":27},{"not_picked":["Compile Driver","Melter+1"],"picked":"Leap","floor":28},{"not_picked":["Streamline","Aggregate"],"picked":"Rebound+1","floor":29},{"not_picked":["Darkness","Rebound"],"picked":"Leap","floor":30}],"player_experience":2507177,"relics_obtained":[{"floor":7,"key":"Dream Catcher"},{"floor":9,"key":"Pear"},{"floor":10,"key":"Symbiotic Virus"}],"event_choices":[{"damage_healed":0,"gold_gain":0,"player_choice":"Lose Max HP","damage_taken":0,"relics_obtained":["Golden Idol"],"max_hp_gain":0,"max_hp_loss":6,"event_name":"Golden Idol","floor":2,"gold_loss":0},{"damage_healed":0,"gold_gain":0,"player_choice":"Ignored","damage_taken":0,"max_hp_gain":0,"max_hp_loss":0,"event_name":"Liars Game","floor":5,"gold_loss":0},{"damage_healed":0,"gold_gain":99,"player_choice":"Stole From Cult","damage_taken":0,"max_hp_gain":0,"max_hp_loss":0,"event_name":"Nest","floor":19,"gold_loss":0},{"damage_healed":0,"gold_gain":0,"player_choice":"Upgraded","damage_taken":0,"max_hp_gain":0,"max_hp_loss":0,"event_name":"Upgrade Shrine","floor":24,"gold_loss":0,"cards_upgraded":["Zap"]}],"is_beta":false,"boss_relics":[{"not_picked":["Runic Pyramid","Snecko Eye"],"picked":"Cursed Key"}],"items_purged_floors":[4,14,21],"is_endless":false,"potions_floor_spawned":[10,11,16,18,25,30],"killed_by":"Shelled Parasite and Fungi","ascension_level":2}