{"gold_per_floor":[116,66,80,32,207,236,10,10,10,10,10,10,23,34,34,137,137,154,154,20,30,47,47,60,60,83,83],"floor_reached":27,"playtime":1398,"items_purged":["Doubt","Strike_G"],"score":211,"play_id":"f49db043-de25-466f-b60d-c5ef4f9d6018","local_time":"20181118221542","is_ascension_mode":false,"campfire_choices":[{"floor":8,"key":"REST"},{"data":"Bouncing Flask","floor":12,"key":"SMITH"},{"floor":15,"key":"REST"},{"data":"Neutralize","floor":23,"key":"SMITH"},{"floor":25,"key":"REST"}],"neow_cost":"NONE","seed_source_timestamp":430658472043957,"circlet_count":0,"master_deck":["Defend_G","Defend_G","Defend_G","Defend_G","Defend_G","Strike_G","Strike_G","Survivor","Neutralize+1","PiercingWail","PiercingWail","Dagger Spray","Bouncing Flask+1","Bullet Time","Endless Agony+1","Backstab+1","Burst","Sucker Punch+1","Blur","Outmaneuver+1","Backstab+1","Decay"],"relics":["Ring of the Snake","Blood Vial","Darkstone Periapt","Happy Flower","Molten Egg 2","Cursed Key","Bag of Preparation"],"potions_floor_usage":[16,16,21,22,27],"damage_taken":[{"damage":8,"enemies":"Jaw Worm","floor":1,"turns":6},{"damage":1,"enemies":"2 Louse","floor":3,"turns":3},{"damage":55,"enemies":"Gremlin Nob","floor":6,"turns":7},{"damage":0,"enemies":"Cultist","floor":13,"turns":4},{"damage":6,"enemies":"Large Slime","floor":14,"turns":4},{"damage":13,"enemies":"Hexaghost","floor":16,"turns":9},{"damage":2,"enemies":"Shell Parasite","floor":18,"turns":5},{"damage":0,"enemies":"2 Thieves","floor":21,"turns":2},{"damage":17,"enemies":"Chosen and Byrds","floor":22,"turns":7},{"damage":8,"enemies":"3 Cultists","floor":24,"turns":7},{"damage":72,"enemies":"Gremlin Leader","floor":27,"turns":16}],"seed_played":"-5447833938352433974","potions_obtained":[{"floor":3,"key":"Dexterity Potion"},{"floor":6,"key":"Explosive Potion"},{"floor":13,"key":"Weak Potion"},{"floor":16,"key":"Dexterity Potion"},{"floor":18,"key":"PowerPotion"},{"floor":21,"key":"Energy Potion"},{"floor":24,"key":"Energy Potion"}],"is_trial":false,"path_per_floor":["M","?","M","$","?","E","$","R","T","$","?","R","M","M","R","B",null,"M","?","$","M","M","R","M","R","T","E"],"character_chosen":"THE_SILENT","items_purchased":["Dagger Spray","Happy Flower","Blur"],"campfire_rested":3,"item_purchase_floors":[4,7,20],"current_hp_per_floor":[62,62,63,63,63,10,10,31,31,31,31,31,33,29,50,39,70,68,55,55,57,42,42,36,58,64,0],"gold":83,"neow_bonus":"RANDOM_COMMON_RELIC","is_prod":false,"is_daily":false,"chose_seed":false,"campfire_upgraded":2,"win_rate":0,"timestamp":1542597342,"path_taken":["M","?","M","$","?","E","$","R","T","$","?","R","M","M","R","BOSS","M","?","$","M","M","R","M","R","T","E"],"build_version":"2018-11-15","purchased_purges":2,"victory":false,"max_hp_per_floor":[70,70,70,70,70,70,70,70,70,70,70,70,70,70,70,70,70,70,75,75,75,75,75,75,75,81,81],"card_choices":[{"not_picked":["Endless Agony","Dagger Spray"],"picked":"PiercingWail","floor":1},{"not_picked":["Concentrate","Setup"],"picked":"PiercingWail","floor":3},{"not_picked":["Bullet Time","Prepared"],"picked":"Bouncing Flask","floor":6},{"not_picked":["Concentrate","Prepared"],"picked":"Endless Agony+1","floor":13},{"not_picked":["Prepared","Backflip"],"picked":"Backstab+1","floor":14},{"not_picked":["Night Terror","Tools of the Trade"],"picked":"Burst","floor":16},{"not_picked":["Caltrops","Slice+1"],"picked":"Sucker Punch+1","floor":18},{"not_picked":["Dagger Throw+1","Acrobatics+1"],"picked":"Outmaneuver+1","floor":21},{"not_picked":["Deadly Poison+1","Poisoned Stab+1"],"picked":"Backstab+1","floor":22},{"not_picked":["Sucker Punch+1","Concentrate","Deflect"],"picked":"SKIP","floor":24}],"player_experience":2373551,"relics_obtained":[{"floor":6,"key":"Darkstone Periapt"},{"floor":9,"key":"Molten Egg 2"},{"floor":26,"key":"Bag of Preparation"}],"event_choices":[{"cards_removed":["Strike_G"],"damage_healed":0,"gold_gain":0,"player_choice":"Card Removal","damage_taken":0,"max_hp_gain":0,"max_hp_loss":0,"event_name":"The Cleric","floor":2,"gold_loss":50},{"damage_healed":0,"gold_gain":175,"player_choice":"AGREE","damage_taken":0,"max_hp_gain":0,"max_hp_loss":0,"event_name":"Liars Game","floor":5,"gold_loss":0,"cards_obtained":["Doubt"]},{"damage_healed":0,"gold_gain":0,"cards_transformed":["Strike_G"],"player_choice":"Transformed","damage_taken":0,"max_hp_gain":0,"max_hp_loss":0,"event_name":"Transmorgrifier","floor":11,"gold_loss":0,"cards_obtained":["Bullet Time"]},{"damage_healed":0,"gold_gain":0,"player_choice":"Shed Blood","damage_taken":18,"max_hp_gain":5,"max_hp_loss":0,"event_name":"Forgotten Altar","floor":19,"gold_loss":0}],"is_beta":false,"boss_relics":[{"not_picked":["Tiny House","White Beast Statue"],"picked":"Cursed Key"}],"items_purged_floors":[7,20],"is_endless":false,"potions_floor_spawned":[3,6,13,16,18,21,24],"killed_by":"Gremlin Leader","ascension_level":0}