{"gold_per_floor":[111,186,197,197,214,214,13,13,40,40,51,51,69,98,98,195,195,214,214,233,247,247,273,273,71,96,96,109,127,27,38,38,142,142,158,158,258,273,155,155,172,172,172,172,172,172,172,204,204,204],"floor_reached":51,"playtime":3849,"items_purged":["Injury","Defend_B"],"score":718,"play_id":"6d075174-28f4-4d41-98ff-730f0bce8b1a","local_time":"20190420145417","is_ascension_mode":false,"campfire_choices":[{"data":"Biased Cognition","floor":6,"key":"SMITH"},{"data":"Chaos","floor":8,"key":"SMITH"},{"data":"Turbo","floor":12,"key":"SMITH"},{"data":"White Noise","floor":15,"key":"SMITH"},{"floor":27,"key":"REST"},{"floor":32,"key":"REST"},{"data":"Enlightenment","floor":40,"key":"SMITH"},{"floor":42,"key":"REST"},{"data":"Seek","floor":45,"key":"SMITH"},{"floor":49,"key":"REST"}],"neow_cost":"CURSE","seed_source_timestamp":931434401189754,"circlet_count":0,"master_deck":["Defend_B","Defend_B","Zap","Dualcast","Biased Cognition+1","Chaos+1","Rip and Tear","Turbo+1","Rebound","Melter","Reprogram","White Noise+1","Seek+1","Coolheaded","Rainbow","Conserve Battery+1","Loop","Hologram","Double Energy","White Noise","Go for the Eyes+1","Meteor Strike","Enlightenment+1","Reinforced Body"],"relics":["Cracked Core","Unceasing Top","PreservedInsect","Omamori","Pocketwatch","Runic Pyramid","Enchiridion","Meat on the Bone","Bag of Preparation","Busted Crown","Ginger","Bottled Lightning","Pen Nib"],"potions_floor_usage":[16,16,16,50,50,50],"damage_taken":[{"damage":0,"enemies":"Small Slimes","floor":1,"turns":3},{"damage":0,"enemies":"2 Louse","floor":3,"turns":2},{"damage":0,"enemies":"Cultist","floor":5,"turns":2},{"damage":0,"enemies":"Exordium Thugs","floor":11,"turns":4},{"damage":2,"enemies":"3 Louse","floor":13,"turns":3},{"damage":26,"enemies":"Lagavulin","floor":14,"turns":4},{"damage":9,"enemies":"Hexaghost","floor":16,"turns":8},{"damage":15,"enemies":"3 Byrds","floor":18,"turns":5},{"damage":2,"enemies":"Chosen","floor":20,"turns":3},{"damage":19,"enemies":"Snake Plant","floor":21,"turns":3},{"damage":0,"enemies":"Gremlin Leader","floor":23,"turns":3},{"damage":0,"enemies":"Sentry and Sphere","floor":28,"turns":3},{"damage":18,"enemies":"Centurion and Healer","floor":29,"turns":5},{"damage":0,"enemies":"Cultist and Chosen","floor":31,"turns":4},{"damage":1,"enemies":"Champ","floor":33,"turns":9},{"damage":0,"enemies":"Orb Walker","floor":35,"turns":2},{"damage":16,"enemies":"Mind Bloom Boss Battle","floor":37,"turns":7},{"damage":0,"enemies":"3 Shapes","floor":38,"turns":4},{"damage":22,"enemies":"Jaw Worm Horde","floor":41,"turns":4},{"damage":11,"enemies":"Giant Head","floor":48,"turns":8},{"damage":71,"enemies":"Donu and Deca","floor":50,"turns":8}],"seed_played":"7806121814706692260","potions_obtained":[{"floor":1,"key":"SpeedPotion"},{"floor":13,"key":"GamblersBrew"},{"floor":20,"key":"Dexterity Potion"},{"floor":28,"key":"PowerPotion"},{"floor":33,"key":"FocusPotion"}],"is_trial":false,"path_per_floor":["M","?","M","?","M","R","$","R","T","?","M","R","M","E","R","B",null,"M","?","M","M","?","E","?","$","T","R","M","M","$","M","R","B",null,"M","?","?","M","$","R","M","R","T","?","R","?","?","E","R","B",null],"character_chosen":"DEFECT","items_purchased":["PreservedInsect","PowerPotion","Hologram","Double Energy","Enlightenment","Reinforced Body"],"campfire_rested":4,"item_purchase_floors":[7,7,25,25,39,39],"current_hp_per_floor":[75,64,64,52,52,52,52,52,52,52,52,52,50,24,24,15,75,60,60,58,39,23,23,9,9,9,33,45,39,39,51,75,74,80,80,80,64,64,64,64,42,66,66,66,66,66,66,55,76,17],"gold":204,"neow_bonus":"TRANSFORM_TWO_CARDS","is_prod":false,"is_daily":false,"chose_seed":false,"campfire_upgraded":6,"win_rate":0,"timestamp":1555786457,"path_taken":["M","?","M","?","M","R","$","R","T","?","?","R","M","E","R","BOSS","M","?","M","M","?","E","?","?","T","R","M","M","$","?","R","BOSS","M","?","?","M","$","R","?","R","T","?","R","?","?","E","R","BOSS"],"build_version":"2019-01-23","purchased_purges":2,"victory":true,"max_hp_per_floor":[75,75,75,75,75,75,75,75,75,75,75,75,75,75,75,75,75,75,75,75,75,75,75,80,80,80,80,80,80,80,80,80,80,80,80,80,80,80,80,80,80,80,80,76,76,76,76,76,76,76],"card_choices":[{"not_picked":["Capacitor","Rebound"],"picked":"Rip and Tear","floor":1},{"not_picked":["Cold Snap","Skim"],"picked":"Turbo","floor":3},{"not_picked":["Cold Snap","Stack"],"picked":"Rebound","floor":5},{"not_picked":["Darkness","Gash"],"picked":"Reprogram","floor":11},{"not_picked":["Capacitor","Compile Driver"],"picked":"White Noise","floor":13},{"not_picked":["Darkness","Stack","Redo"],"picked":"SKIP","floor":14},{"not_picked":["Thunder Strike","Core Surge"],"picked":"Seek","floor":16},{"not_picked":["Streamline","Auto Shields"],"picked":"Coolheaded","floor":18},{"not_picked":["Beam Cell","Steam Power"],"picked":"Conserve Battery+1","floor":20},{"not_picked":["Ball Lightning+1","Reprogram+1","Redo"],"picked":"SKIP","floor":21},{"not_picked":["Steam","Compile Driver"],"picked":"Loop","floor":23},{"not_picked":["All For One","Gash"],"picked":"White Noise","floor":28},{"not_picked":["Compile Driver+1","Gash","Hologram"],"picked":"SKIP","floor":29},{"not_picked":["Conserve Battery","Steam"],"picked":"Go for the Eyes+1","floor":31},{"not_picked":["Creative AI","Rainbow"],"picked":"Meteor Strike","floor":33},{"not_picked":["Rip and Tear+1"],"picked":"SKIP","floor":35},{"not_picked":["Barrage+1"],"picked":"SKIP","floor":38},{"not_picked":["Rebound"],"picked":"SKIP","floor":41},{"not_picked":["Rebound+1"],"picked":"SKIP","floor":48}],"player_experience":3432920,"relics_obtained":[{"floor":9,"key":"Omamori"},{"floor":14,"key":"Pocketwatch"},{"floor":22,"key":"Enchiridion"},{"floor":23,"key":"Meat on the Bone"},{"floor":26,"key":"Bag of Preparation"},{"floor":37,"key":"Ginger"},{"floor":43,"key":"Bottled Lightning"},{"floor":48,"key":"Pen Nib"}],"event_choices":[{"damage_healed":0,"gold_gain":75,"player_choice":"Gather Gold","damage_taken":11,"max_hp_gain":0,"max_hp_loss":0,"event_name":"World of Goop","floor":2,"gold_loss":0},{"damage_healed":0,"gold_gain":0,"player_choice":"Success","damage_taken":12,"relics_obtained":["Unceasing Top"],"max_hp_gain":0,"max_hp_loss":0,"event_name":"Scrap Ooze","floor":4,"gold_loss":0},{"damage_healed":0,"gold_gain":0,"cards_transformed":["Strike_B"],"player_choice":"Transformed","damage_taken":0,"max_hp_gain":0,"max_hp_loss":0,"event_name":"Transmorgrifier","floor":10,"gold_loss":0,"cards_obtained":["Melter"]},{"damage_healed":0,"gold_gain":0,"cards_transformed":["Strike_B","Defend_B"],"player_choice":"Became Test Subject","damage_taken":0,"max_hp_gain":0,"max_hp_loss":0,"event_name":"Drug Dealer","floor":19,"gold_loss":0,"cards_obtained":["Rainbow","Hello World"]},{"damage_healed":0,"gold_gain":0,"player_choice":"Obtained Book","damage_taken":16,"max_hp_gain":0,"max_hp_loss":0,"event_name":"Cursed Tome","floor":22,"gold_loss":0},{"damage_healed":0,"gold_gain":0,"player_choice":"Shed Blood","damage_taken":19,"max_hp_gain":5,"max_hp_loss":0,"event_name":"Forgotten Altar","floor":24,"gold_loss":0},{"damage_healed":0,"gold_gain":0,"player_choice":"Ignored","damage_taken":0,"max_hp_gain":0,"max_hp_loss":0,"event_name":"Tomb of Lord Red Mask","floor":36,"gold_loss":0},{"damage_healed":0,"gold_gain":0,"player_choice":"Fight","damage_taken":0,"max_hp_gain":0,"max_hp_loss":0,"event_name":"MindBloom","floor":37,"gold_loss":0},{"damage_healed":0,"gold_gain":0,"player_choice":"Max HP","damage_taken":0,"max_hp_gain":0,"max_hp_loss":4,"event_name":"Winding Halls","floor":44,"gold_loss":0},{"damage_healed":0,"gold_gain":0,"player_choice":"Ignored","damage_taken":0,"max_hp_gain":0,"max_hp_loss":0,"event_name":"Mysterious Sphere","floor":46,"gold_loss":0},{"cards_removed":["Hello World"],"damage_healed":0,"gold_gain":0,"player_choice":"Removed Power","damage_taken":0,"max_hp_gain":0,"max_hp_loss":0,"event_name":"Falling","floor":47,"gold_loss":0}],"is_beta":false,"boss_relics":[{"not_picked":["Velvet Choker","FrozenCore"],"picked":"Runic Pyramid"},{"not_picked":["Fusion Hammer","Snecko Eye"],"picked":"Busted Crown"}],"items_purged_floors":[25,30],"is_endless":false,"potions_floor_spawned":[1,13,14,20,28,33,37],"ascension_level":0}