{"gold_per_floor":[116,291,307,323,342,342,342,342],"floor_reached":8,"playtime":362,"items_purged":[],"score":62,"play_id":"735bf21e-51f4-47b8-a179-6e9bf3f6bf68","local_time":"20181205235743","is_ascension_mode":true,"campfire_choices":[{"data":"Uppercut","floor":6,"key":"SMITH"}],"neow_cost":"PERCENT_DAMAGE","seed_source_timestamp":1906625624018081,"circlet_count":0,"master_deck":["Strike_R","Strike_R","Strike_R","Strike_R","Strike_R","Defend_R","Defend_R","Defend_R","Defend_R","Bash","Barricade","True Grit","Doubt","Body Slam","Uppercut+1","Metallicize"],"relics":["Burning Blood","Torii"],"potions_floor_usage":[],"damage_taken":[{"damage":0,"enemies":"2 Louse","floor":1,"turns":4},{"damage":11,"enemies":"Jaw Worm","floor":3,"turns":4},{"damage":10,"enemies":"Small Slimes","floor":4,"turns":5},{"damage":14,"enemies":"Blue Slaver","floor":5,"turns":7},{"damage":25,"enemies":"Gremlin Nob","floor":8,"turns":3}],"seed_played":"9206328266328325493","potions_obtained":[{"floor":3,"key":"Dexterity Potion"}],"is_trial":false,"path_per_floor":["M","?","M","M","M","R","?","E"],"character_chosen":"IRONCLAD","items_purchased":[],"campfire_rested":0,"item_purchase_floors":[],"current_hp_per_floor":[57,57,52,48,40,40,22,0],"gold":342,"neow_bonus":"THREE_RARE_CARDS","is_prod":false,"is_daily":false,"chose_seed":false,"campfire_upgraded":1,"win_rate":0,"timestamp":1544072263,"path_taken":["M","?","M","M","M","R","?","E"],"build_version":"2018-11-15","purchased_purges":0,"victory":false,"max_hp_per_floor":[80,80,80,80,80,80,80,80],"card_choices":[{"not_picked":["Juggernaut","Offering"],"picked":"Barricade","floor":0},{"not_picked":["Iron Wave","Feel No Pain"],"picked":"True Grit","floor":1},{"not_picked":["Heavy Blade","Havoc"],"picked":"Body Slam","floor":3},{"not_picked":["Flame Barrier","Sword Boomerang"],"picked":"Uppercut","floor":4},{"not_picked":["Body Slam","Flex"],"picked":"Metallicize","floor":5}],"player_experience":2683395,"relics_obtained":[],"event_choices":[{"damage_healed":0,"gold_gain":175,"player_choice":"AGREE","damage_taken":0,"max_hp_gain":0,"max_hp_loss":0,"event_name":"Liars Game","floor":2,"gold_loss":0,"cards_obtained":["Doubt"]},{"damage_healed":0,"gold_gain":0,"player_choice":"Success","damage_taken":18,"relics_obtained":["Torii"],"max_hp_gain":0,"max_hp_loss":0,"event_name":"Scrap Ooze","floor":7,"gold_loss":0}],"is_beta":false,"boss_relics":[],"items_purged_floors":[],"is_endless":false,"potions_floor_spawned":[3],"killed_by":"Gremlin Nob","ascension_level":6}