{"gold_per_floor":[110,110,124,31,50,81,100,120,120,139,149,163,163,180,180,276,276,292,302,51,71,81,108,33,68,68,68,68,68,68,86,86,86],"floor_reached":33,"playtime":2425,"items_purged":["Defend_G"],"score":293,"play_id":"a4e24795-6a44-455a-87c5-a14467204d64","local_time":"20190719141513","is_ascension_mode":false,"campfire_choices":[{"floor":13,"key":"REST"},{"data":"Terror","floor":15,"key":"SMITH"},{"floor":27,"key":"REST"},{"floor":29,"key":"REST"},{"floor":32,"key":"REST"}],"neow_cost":"NONE","seed_source_timestamp":700199188142666,"circlet_count":0,"master_deck":["Strike_G","Strike_G","Strike_G","Strike_G","Strike_G","Survivor","Neutralize","Unload","Dagger Spray","Blade Dance","Flying Knee","Poisoned Stab","Slice","Sucker Punch","Bouncing Flask","All Out Attack","Terror+1","Flying Knee","Blur","Predator","Glass Knife","Dash","PiercingWail+1","Quick Slash","Poisoned Stab","Blade Dance","Finisher","Dodge and Roll","A Thousand Cuts","Expertise","Iron Wave","Sucker Punch+1"],"relics":["Ring of the Snake","Happy Flower","Incense Burner","White Beast Statue","Vajra","Pocketwatch","Mummified Hand","Gremlin Horn"],"potions_floor_usage":[14,16,18,19,22,22,23,25,33,33],"damage_taken":[{"damage":0,"enemies":"Cultist","floor":1,"turns":3},{"damage":0,"enemies":"2 Louse","floor":3,"turns":3},{"damage":0,"enemies":"Small Slimes","floor":5,"turns":2},{"damage":30,"enemies":"Lagavulin","floor":6,"turns":6},{"damage":5,"enemies":"Red Slaver","floor":7,"turns":2},{"damage":0,"enemies":"Looter","floor":8,"turns":3},{"damage":0,"enemies":"Exordium Wildlife","floor":10,"turns":2},{"damage":9,"enemies":"2 Fungi Beasts","floor":11,"turns":2},{"damage":2,"enemies":"Looter","floor":12,"turns":2},{"damage":1,"enemies":"Red Slaver","floor":14,"turns":2},{"damage":8,"enemies":"Slime Boss","floor":16,"turns":7},{"damage":1,"enemies":"Chosen","floor":18,"turns":3},{"damage":24,"enemies":"2 Thieves","floor":19,"turns":4},{"damage":0,"enemies":"Snake Plant","floor":21,"turns":3},{"damage":14,"enemies":"Centurion and Healer","floor":22,"turns":6},{"damage":25,"enemies":"Book of Stabbing","floor":23,"turns":6},{"damage":18,"enemies":"Slavers","floor":25,"turns":5},{"damage":12,"enemies":"Shelled Parasite and Fungi","floor":31,"turns":4},{"damage":63,"enemies":"Automaton","floor":33,"turns":10}],"seed_played":"119073281138627859","potions_obtained":[{"floor":3,"key":"SpeedPotion"},{"floor":7,"key":"FairyPotion"},{"floor":10,"key":"GhostInAJar"},{"floor":11,"key":"Strength Potion"},{"floor":16,"key":"GamblersBrew"},{"floor":18,"key":"LiquidBronze"},{"floor":19,"key":"EntropicBrew"},{"floor":21,"key":"Regen Potion"},{"floor":22,"key":"Block Potion"},{"floor":23,"key":"SkillPotion"},{"floor":25,"key":"Ancient Potion"},{"floor":31,"key":"Block Potion"}],"is_trial":false,"path_per_floor":["M","?","M","$","M","E","M","M","T","M","M","M","R","M","R","B",null,"M","M","$","M","M","E","$","E","T","R","?","R","?","M","R","B"],"character_chosen":"THE_SILENT","items_purchased":["Flying Knee","Poisoned Stab","Vajra","GhostInAJar","Quick Slash"],"campfire_rested":4,"item_purchase_floors":[4,4,20,20,20],"current_hp_per_floor":[70,70,70,70,70,40,35,35,35,35,26,24,45,44,44,36,70,69,45,45,45,46,21,21,3,3,24,24,45,45,33,54,0],"gold":86,"neow_bonus":"ONE_RANDOM_RARE_CARD","is_prod":false,"is_daily":false,"chose_seed":false,"campfire_upgraded":1,"win_rate":0.0,"timestamp":1563563713,"path_taken":["M","?","M","?","M","E","M","M","T","M","M","?","R","M","R","BOSS","M","M","$","M","M","E","$","E","T","R","?","R","?","?","R","BOSS"],"build_version":"2019-07-17","purchased_purges":1,"victory":false,"max_hp_per_floor":[70,70,70,70,70,70,70,70,70,70,70,70,70,70,70,70,70,70,70,70,70,70,70,70,70,70,70,70,70,70,70,70,70],"card_choices":[{"not_picked":["Sucker Punch","Deflect"],"picked":"Dagger Spray","floor":1},{"not_picked":["Dodge and Roll","Outmaneuver"],"picked":"Blade Dance","floor":3},{"not_picked":["Sucker Punch","Deadly Poison"],"picked":"Slice","floor":5},{"not_picked":["Deadly Poison","Tools of the Trade"],"picked":"Sucker Punch","floor":6},{"not_picked":["Deadly Poison","Calculated Gamble"],"picked":"Bouncing Flask","floor":7},{"not_picked":["Quick Slash","Slice"],"picked":"All Out Attack","floor":8},{"not_picked":["Flechettes","Masterful Stab"],"picked":"Terror","floor":10},{"not_picked":["Backflip","Dash"],"picked":"Flying Knee","floor":11},{"not_picked":["Eviscerate","Tools of the Trade"],"picked":"Blur","floor":12},{"not_picked":["Leg Sweep","Eviscerate"],"picked":"Predator","floor":14},{"not_picked":["Wraith Form v2","After Image"],"picked":"Glass Knife","floor":16},{"not_picked":["Dodge and Roll","Expertise"],"picked":"Dash","floor":18},{"not_picked":["Underhanded Strike","Dash"],"picked":"PiercingWail+1","floor":19},{"not_picked":["Underhanded Strike","Sucker Punch"],"picked":"Poisoned Stab","floor":21},{"not_picked":["Deadly Poison","Masterful Stab"],"picked":"Blade Dance","floor":22},{"not_picked":["Unload","Outmaneuver"],"picked":"Finisher","floor":23},{"not_picked":["Prepared","Dagger Spray"],"picked":"Dodge and Roll","floor":25},{"not_picked":["Dodge and Roll+1","All Out Attack"],"picked":"Sucker Punch+1","floor":31}],"player_experience":5651,"relics_obtained":[{"floor":6,"key":"Happy Flower"},{"floor":9,"key":"Incense Burner"},{"floor":23,"key":"Pocketwatch"},{"floor":25,"key":"Mummified Hand"},{"floor":26,"key":"Gremlin Horn"}],"event_choices":[{"cards_removed":["Defend_G"],"damage_healed":0,"gold_gain":0,"player_choice":"Purged","damage_taken":0,"max_hp_gain":0,"max_hp_loss":0,"event_name":"Purifier","floor":2,"gold_loss":0},{"damage_healed":0,"gold_gain":0,"cards_transformed":["Defend_G","Defend_G"],"player_choice":"Became Test Subject","damage_taken":0,"max_hp_gain":0,"max_hp_loss":0,"event_name":"Drug Dealer","floor":28,"gold_loss":0,"cards_obtained":["A Thousand Cuts","Expertise"]},{"cards_removed":["Defend_G"],"damage_healed":0,"gold_gain":0,"player_choice":"Took Card","damage_taken":0,"max_hp_gain":0,"max_hp_loss":0,"event_name":"NoteForYourself","floor":30,"gold_loss":0,"cards_obtained":["Iron Wave"]}],"is_beta":false,"boss_relics":[{"not_picked":["Cursed Key","Busted Crown"],"picked":"White Beast Statue"}],"items_purged_floors":[24],"is_endless":false,"potions_floor_spawned":[3,7,10,11,16,18,19,21,22,23,25,31],"killed_by":"Automaton","ascension_level":0}