{"gold_per_floor":[114,131,108,108,123,148,148,161,161,171,171,186,201,219,219,314,314,285,305,305,305],"floor_reached":21,"playtime":1683,"items_purged":[],"score":187,"play_id":"45d6f878-f356-4db0-a2d2-e4c9187fe9b2","local_time":"20190706052028","is_ascension_mode":false,"campfire_choices":[{"floor":7,"key":"REST"},{"floor":11,"key":"REST"},{"floor":15,"key":"REST"}],"neow_cost":"NONE","seed_source_timestamp":573096704321466,"circlet_count":0,"master_deck":["Strike_R","Strike_R","Strike_R","Strike_R","Strike_R","Defend_R","Defend_R","Defend_R+1","Defend_R+1","Perfected Strike","Perfected Strike","Clash","Clothesline","Cleave","Armaments","Carnage","Feed","Armaments+1","Burning Pact+1","Dual Wield+1","Seeing Red"],"relics":["Runic Pyramid","Centennial Puzzle","War Paint","Astrolabe"],"potions_floor_usage":[16,16,20],"damage_taken":[{"damage":1,"enemies":"Cultist","floor":1,"turns":3},{"damage":7,"enemies":"Small Slimes","floor":2,"turns":4},{"damage":8,"enemies":"2 Louse","floor":5,"turns":4},{"damage":40,"enemies":"Lagavulin","floor":6,"turns":8},{"damage":7,"enemies":"Large Slime","floor":8,"turns":4},{"damage":7,"enemies":"Exordium Thugs","floor":10,"turns":4},{"damage":8,"enemies":"Gremlin Gang","floor":12,"turns":4},{"damage":8,"enemies":"2 Fungi Beasts","floor":13,"turns":3},{"damage":7,"enemies":"Blue Slaver","floor":14,"turns":2},{"damage":52,"enemies":"The Guardian","floor":16,"turns":12},{"damage":25,"enemies":"2 Thieves","floor":18,"turns":5},{"damage":18,"enemies":"Spheric Guardian","floor":19,"turns":5},{"damage":35,"enemies":"Snecko","floor":20,"turns":7},{"damage":5,"enemies":"Snake Plant","floor":21,"turns":2}],"seed_played":"-8262670139761121063","potions_obtained":[{"floor":1,"key":"EssenceOfSteel"},{"floor":12,"key":"EssenceOfSteel"},{"floor":13,"key":"GamblersBrew"}],"is_trial":false,"path_per_floor":["M","M","$","?","M","E","R","M","T","M","R","M","M","M","R","B",null,"M","M","M","M"],"character_chosen":"IRONCLAD","items_purchased":["Perfected Strike"],"campfire_rested":3,"item_purchase_floors":[3],"current_hp_per_floor":[79,72,72,72,64,24,48,41,41,34,58,50,42,35,59,7,80,55,40,5,0],"gold":305,"neow_bonus":"BOSS_RELIC","is_prod":false,"is_daily":false,"chose_seed":false,"campfire_upgraded":0,"win_rate":0.0,"timestamp":1562408428,"path_taken":["M","M","$","?","M","E","R","M","T","M","R","M","?","M","R","BOSS","M","M","M","M"],"build_version":"2019-07-05","purchased_purges":0,"victory":false,"max_hp_per_floor":[80,80,80,80,80,80,80,80,80,80,80,80,80,80,80,80,80,80,83,83,83],"card_choices":[{"not_picked":["Spot Weakness","Carnage"],"picked":"Heavy Blade","floor":1},{"not_picked":["Corruption","Second Wind","Flex"],"picked":"SKIP","floor":2},{"not_picked":["Anger","Spot Weakness"],"picked":"Perfected Strike","floor":5},{"not_picked":["Fiend Fire","Body Slam"],"picked":"Clash","floor":6},{"not_picked":["Burning Pact","Thunderclap"],"picked":"Twin Strike","floor":8},{"not_picked":["Thunderclap","Dark Embrace"],"picked":"Clothesline","floor":10},{"not_picked":["Anger","Pommel Strike"],"picked":"Cleave","floor":12},{"not_picked":["Flex","Uppercut"],"picked":"Armaments","floor":13},{"not_picked":["Thunderclap","Hemokinesis"],"picked":"Carnage","floor":14},{"not_picked":["Impervious","Juggernaut"],"picked":"Feed","floor":16},{"not_picked":["Pommel Strike","Cleave+1","Pummel"],"picked":"SKIP","floor":18},{"not_picked":["Armaments","Body Slam+1","Anger"],"picked":"SKIP","floor":19},{"not_picked":["Corruption","Battle Trance"],"picked":"Seeing Red","floor":20}],"player_experience":16741,"relics_obtained":[{"floor":6,"key":"Centennial Puzzle"},{"floor":9,"key":"War Paint"}],"event_choices":[{"damage_healed":0,"gold_gain":0,"player_choice":"Ignored","damage_taken":0,"max_hp_gain":0,"max_hp_loss":0,"event_name":"NoteForYourself","floor":4,"gold_loss":0}],"is_beta":false,"boss_relics":[{"not_picked":["Velvet Choker","Ectoplasm"],"picked":"Astrolabe"}],"items_purged_floors":[],"is_endless":false,"potions_floor_spawned":[1,12,13,14,20],"killed_by":"Snake Plant","ascension_level":0}