{"path_per_floor":["M","M","M","M","M","R","E","M","T","?","M","M","M","$","R","B",null,"M","M","M","M","M","R","M","M","T","M","E","M","?","M","R","B",null,"M","?","M","M","$","E","M","M","T","M","M","M","M","E","R","B"],"character_chosen":"THE_SILENT","items_purchased":["Blur","Apotheosis","Shuriken","Tough Bandages","Ornamental Fan"],"gold_per_floor":[114,129,144,159,174,174,204,219,219,559,574,589,604,77,77,177,177,192,207,222,237,252,252,267,282,282,297,327,342,342,357,357,457,457,472,472,487,502,2,32,47,62,62,77,92,107,122,152,152,152],"floor_reached":51,"campfire_rested":0,"playtime":5602,"current_hp_per_floor":[70,70,70,70,70,70,77,73,83,58,60,62,54,54,54,46,87,87,87,87,87,84,84,86,87,93,93,93,93,93,93,93,93,93,93,93,93,93,93,95,95,95,95,95,95,95,95,95,95,95],"items_purged":[],"gold":152,"score":1001,"play_id":"b52a0f01-523b-4548-8844-a92a0d186083","local_time":"20180417225053","daily_mods":["Draft","Night Terrors","Vintage"],"is_prod":false,"is_daily":true,"chose_seed":false,"is_ascension_mode":false,"campfire_upgraded":5,"timestamp":1524019853,"path_taken":["M","M","M","M","M","R","E","M","T","?","M","M","M","$","R","BOSS","M","M","M","M","?","R","M","M","T","M","E","M","?","M","R","BOSS","M","?","M","M","$","E","M","M","T","M","M","M","M","E","R","BOSS"],"build_version":"2018-04-12","seed_source_timestamp":0,"purchased_purges":1,"victory":true,"master_deck":["Calculated Gamble+1","Backflip","Dodge and Roll","Flying Knee","Prepared+1","Dagger Spray+1","Poisoned Stab+1","Blade Dance","Riddle With Holes+1","Leg Sweep","Quick Slash","Deadly Poison+1","Dodge and Roll","Prepared","Backflip","Dash","Blur+1","Apotheosis+1","After Image+1","A Thousand Cuts+1","Blur+1"],"max_hp_per_floor":[70,70,70,70,70,70,77,77,87,87,87,87,87,87,87,87,87,87,87,87,87,87,87,87,87,93,93,93,93,93,93,93,93,93,93,93,93,93,93,95,95,95,95,95,95,95,95,95,95,95],"relics":["Ring of the Snake","Ninja Scroll","Blue Candle","Blood Vial","Regal Pillow","Letter Opener","Strawberry","Darkstone Periapt","Pear","Old Coin","Snake Skull","Gambling Chip","Calipers","Shuriken","Bag of Preparation","Cursed Key","Meat on the Bone","Paper Crane","Oddly Smooth Stone","Orichalcum","Unceasing Top","War Paint","Molten Egg 2","Matryoshka","Art of War","Frozen Egg 2","Singing Bowl","Pen Nib","Whetstone","Sozu","Happy Flower","Bronze Scales","Lantern","Tough Bandages","Ornamental Fan","Omamori","Toxic Egg 2","Ancient Tea Set","Dream Catcher","Mummified Hand","Bottled Flame","Prayer Wheel","Mercury Hourglass","Bottled Lightning","Bag of Marbles"],"card_choices":[{"not_picked":["Outmaneuver","Sucker Punch"],"picked":"Calculated Gamble","floor":0},{"not_picked":["Cloak And Dagger","Dodge and Roll"],"picked":"Backflip","floor":0},{"not_picked":["Reflex","Finisher"],"picked":"Dodge and Roll","floor":0},{"not_picked":["Acrobatics","Leg Sweep"],"picked":"Flying Knee","floor":0},{"not_picked":["Sucker Punch","Choke"],"picked":"Prepared","floor":0},{"not_picked":["Sucker Punch","Underhanded Strike"],"picked":"Dagger Spray","floor":0},{"not_picked":["Underhanded Strike","Outmaneuver"],"picked":"Poisoned Stab","floor":0},{"not_picked":["Bane","Slice"],"picked":"Blade Dance","floor":0},{"not_picked":["Sucker Punch","Masterful Stab"],"picked":"Riddle With Holes","floor":0},{"not_picked":["Bane","Distraction"],"picked":"Leg Sweep","floor":0},{"not_picked":["Deadly Poison","Slice"],"picked":"Quick Slash","floor":0},{"not_picked":["Sucker Punch","Dagger Throw"],"picked":"Deadly Poison","floor":0},{"not_picked":["Endless Agony","Outmaneuver"],"picked":"Dodge and Roll","floor":0},{"not_picked":["Infinite Blades","Riddle With Holes"],"picked":"Prepared","floor":0},{"not_picked":["Quick Slash","Outmaneuver"],"picked":"Backflip","floor":0},{"not_picked":["Quick Slash","Outmaneuver"],"picked":"Dash","floor":10},{"not_picked":["Corpse Explosion","Unload"],"picked":"After Image","floor":16},{"not_picked":["Night Terror","Bullet Time"],"picked":"A Thousand Cuts","floor":33},{"not_picked":["Choke","PiercingWail"],"picked":"Blur","floor":48}],"player_experience":1195641,"potions_floor_usage":[5,7,16,16,20,20,33,33,33],"damage_taken":[{"damage":0,"enemies":"Jaw Worm","floor":1,"turns":3},{"damage":0,"enemies":"2 Louse","floor":2,"turns":2},{"damage":0,"enemies":"Cultist","floor":3,"turns":2},{"damage":0,"enemies":"Large Slime","floor":4,"turns":4},{"damage":0,"enemies":"3 Louse","floor":5,"turns":1},{"damage":0,"enemies":"Gremlin Nob","floor":7,"turns":2},{"damage":4,"enemies":"2 Fungi Beasts","floor":8,"turns":2},{"damage":27,"enemies":"3 Sentries","floor":10,"turns":5},{"damage":0,"enemies":"Lots of Slimes","floor":11,"turns":2},{"damage":0,"enemies":"Red Slaver","floor":12,"turns":3},{"damage":10,"enemies":"Exordium Thugs","floor":13,"turns":3},{"damage":10,"enemies":"Hexaghost","floor":16,"turns":6},{"damage":0,"enemies":"Shell Parasite","floor":18,"turns":4},{"damage":0,"enemies":"Chosen","floor":19,"turns":3},{"damage":0,"enemies":"3 Cultists","floor":20,"turns":4},{"damage":0,"enemies":"Sentry and Sphere","floor":21,"turns":5},{"damage":3,"enemies":"Slaver and Parasite","floor":22,"turns":6},{"damage":0,"enemies":"Cultist and Chosen","floor":24,"turns":5},{"damage":0,"enemies":"Chosen and Byrds","floor":25,"turns":3},{"damage":0,"enemies":"Slaver and Parasite","floor":27,"turns":5},{"damage":0,"enemies":"Book of Stabbing","floor":28,"turns":5},{"damage":0,"enemies":"Centurion and Healer","floor":29,"turns":4},{"damage":0,"enemies":"Snecko","floor":31,"turns":3},{"damage":0,"enemies":"Automaton","floor":33,"turns":8},{"damage":0,"enemies":"Orb Walker","floor":35,"turns":2},{"damage":0,"enemies":"3 Shapes","floor":37,"turns":2},{"damage":0,"enemies":"Sphere and 2 Shapes","floor":38,"turns":3},{"damage":0,"enemies":"2 Orb Walkers","floor":40,"turns":3},{"damage":0,"enemies":"4 Shapes","floor":41,"turns":1},{"damage":0,"enemies":"3 Darklings","floor":42,"turns":3},{"damage":0,"enemies":"Maw","floor":44,"turns":4},{"damage":0,"enemies":"Sphere and 2 Shapes","floor":45,"turns":2},{"damage":0,"enemies":"4 Shapes","floor":46,"turns":2},{"damage":0,"enemies":"Maw","floor":47,"turns":4},{"damage":0,"enemies":"Giant Head","floor":48,"turns":6},{"damage":0,"enemies":"Awakened One","floor":50,"turns":8}],"event_choices":[{"event_name":"Dead Adventurer","player_choice":"Searched \u00271\u0027 times","floor":10,"damage_taken":0},{"event_name":"Back to Basics","player_choice":"Elegance","floor":30,"damage_taken":0},{"event_name":"SecretPortal","player_choice":"Rejected Portal.","floor":36,"damage_taken":0}],"boss_relics":[{"not_picked":["Runic Dome","White Beast Statue"],"picked":"Cursed Key"},{"not_picked":["Snecko Eye","Black Star"],"picked":"Sozu"}],"potions_floor_spawned":[1,2,7,10,11,13,18,19,21,27,31,35,37,40,45,48],"seed_played":"-4643760058957999775","ascension_level":0,"is_trial":false}