{"gold_per_floor":[118,118,133,149,162,162,178,212,212,223,223,223,250,277,277,378,378,396,25,25,25,43,43,61,61,87,97,97,97,132,147,147,249,249,262,262,282,282,295,295,295,311,311,322,322,339,339,353,353,353],"floor_reached":51,"playtime":3051,"items_purged":["Strike_R"],"score":706,"play_id":"aa7958ba-623b-48de-b5af-69f981e747c9","local_time":"20190715113858","is_ascension_mode":false,"campfire_choices":[{"data":"Bash","floor":6,"key":"SMITH"},{"data":"Pommel Strike","floor":12,"key":"SMITH"},{"data":"Inflame","floor":15,"key":"SMITH"},{"data":"Demon Form","floor":23,"key":"SMITH"},{"data":"Heavy Blade","floor":25,"key":"SMITH"},{"data":"Burning Pact","floor":29,"key":"SMITH"},{"floor":32,"key":"REST"},{"data":"Feed","floor":40,"key":"SMITH"},{"data":"Berserk","floor":45,"key":"SMITH"},{"data":"Forethought","floor":47,"key":"SMITH"},{"data":"Shockwave","floor":49,"key":"SMITH"}],"neow_cost":"NONE","seed_source_timestamp":383600172553683,"circlet_count":0,"master_deck":["Strike_R","Strike_R","Defend_R","Defend_R","Defend_R","Defend_R","Bash+1","Heavy Blade+1","Pommel Strike+1","Shrug It Off","Headbutt","Cleave","Inflame+1","Demon Form+1","Shrug It Off","Shrug It Off","Jack Of All Trades","Evolve+1","Rampage+1","Burning Pact+1","Berserk+1","Feed+1","Forethought+1","Corruption+1","Clothesline+1","Reaper","Shockwave+1"],"relics":["Burning Blood","Bag of Marbles","Bottled Lightning","Anchor","Magic Flower","PreservedInsect","Runic Pyramid","Bag of Preparation","Red Skull","Du-Vu Doll","Sozu","Lantern"],"potions_floor_usage":[7,13,16,33,33,33,50],"damage_taken":[{"damage":7,"enemies":"Small Slimes","floor":1,"turns":3},{"damage":1,"enemies":"Cultist","floor":3,"turns":3},{"damage":1,"enemies":"2 Louse","floor":4,"turns":2},{"damage":2,"enemies":"Blue Slaver","floor":5,"turns":5},{"damage":16,"enemies":"Lots of Slimes","floor":7,"turns":4},{"damage":28,"enemies":"3 Sentries","floor":8,"turns":8},{"damage":0,"enemies":"3 Louse","floor":10,"turns":3},{"damage":18,"enemies":"Lagavulin","floor":13,"turns":5},{"damage":47,"enemies":"Hexaghost","floor":16,"turns":9},{"damage":12,"enemies":"2 Thieves","floor":18,"turns":4},{"damage":2,"enemies":"Shell Parasite","floor":22,"turns":4},{"damage":20,"enemies":"3 Cultists","floor":24,"turns":4},{"damage":5,"enemies":"Chosen and Byrds","floor":27,"turns":6},{"damage":39,"enemies":"Slavers","floor":30,"turns":5},{"damage":4,"enemies":"Snecko","floor":31,"turns":4},{"damage":22,"enemies":"Automaton","floor":33,"turns":6},{"damage":0,"enemies":"Orb Walker","floor":35,"turns":2},{"damage":23,"enemies":"3 Darklings","floor":37,"turns":5},{"damage":34,"enemies":"Jaw Worm Horde","floor":39,"turns":4},{"damage":2,"enemies":"4 Shapes","floor":42,"turns":5},{"damage":17,"enemies":"Maw","floor":44,"turns":6},{"damage":6,"enemies":"Sphere and 2 Shapes","floor":46,"turns":5},{"damage":31,"enemies":"3 Darklings","floor":48,"turns":7},{"damage":87,"enemies":"Donu and Deca","floor":50,"turns":7}],"seed_played":"1316364803665862654","potions_obtained":[{"floor":4,"key":"Fruit Juice"},{"floor":5,"key":"BloodPotion"},{"floor":8,"key":"SteroidPotion"},{"floor":16,"key":"Explosive Potion"},{"floor":22,"key":"SteroidPotion"},{"floor":33,"key":"Fire Potion"}],"is_trial":false,"path_per_floor":["M","?","M","M","M","R","M","E","T","M","?","R","E","T","R","B",null,"M","$","?","?","M","R","M","R","T","M","?","R","E","M","R","B",null,"M","?","M","?","M","R","?","M","T","M","R","M","R","M","R","B",null],"character_chosen":"IRONCLAD","items_purchased":["Bag of Preparation","Shrug It Off","Dexterity Potion","Poison Potion"],"campfire_rested":1,"item_purchase_floors":[19,19,19,19],"current_hp_per_floor":[79,79,80,80,80,80,75,53,53,59,47,47,56,56,56,18,85,82,82,82,82,85,85,74,74,74,78,78,78,48,53,78,65,85,85,75,66,66,46,46,46,59,59,57,57,66,66,99,99,76],"gold":353,"neow_bonus":"REMOVE_CARD","is_prod":false,"is_daily":false,"chose_seed":false,"campfire_upgraded":10,"win_rate":0,"timestamp":1563205138,"path_taken":["M","?","M","?","?","R","M","E","T","M","?","R","E","?","R","BOSS","M","$","?","?","M","R","?","R","T","M","?","R","E","M","R","BOSS","M","?","M","?","M","R","?","M","T","M","R","M","R","M","R","BOSS"],"build_version":"2019-07-05","purchased_purges":1,"victory":true,"max_hp_per_floor":[80,80,80,80,80,80,85,85,85,85,85,85,85,85,85,85,85,85,85,85,85,85,85,85,85,85,85,85,85,85,85,85,85,85,85,85,88,84,87,87,87,91,91,95,95,99,99,99,99,99],"card_choices":[{"not_picked":["Body Slam","Rupture"],"picked":"Heavy Blade","floor":1},{"not_picked":["Flex","Havoc"],"picked":"Pommel Strike","floor":3},{"not_picked":["Armaments","Iron Wave"],"picked":"Shrug It Off","floor":4},{"not_picked":["Warcry","Iron Wave"],"picked":"Headbutt","floor":5},{"not_picked":["Brutality","Infernal Blade","Pummel"],"picked":"SKIP","floor":7},{"not_picked":["True Grit","Rupture"],"picked":"Cleave","floor":8},{"not_picked":["Headbutt","Reckless Charge","Feel No Pain"],"picked":"SKIP","floor":10},{"not_picked":["Headbutt","Iron Wave"],"picked":"Inflame","floor":13},{"not_picked":["Offering","Double Tap"],"picked":"Demon Form","floor":16},{"not_picked":["Perfected Strike","Flex","Sever Soul"],"picked":"SKIP","floor":18},{"not_picked":["Fire Breathing","Twin Strike"],"picked":"Evolve+1","floor":22},{"not_picked":["Warcry+1","Spot Weakness"],"picked":"Rampage+1","floor":24},{"not_picked":["Rampage","Fire Breathing+1"],"picked":"Burning Pact","floor":27},{"not_picked":["Body Slam","Spot Weakness"],"picked":"Berserk","floor":30},{"not_picked":["Spot Weakness","Havoc+1","Pommel Strike"],"picked":"SKIP","floor":31},{"not_picked":["Immolate","Reaper"],"picked":"Feed","floor":33},{"not_picked":["True Grit","Headbutt","Wild Strike"],"picked":"SKIP","floor":35},{"not_picked":["HandOfGreed","Deep Breath"],"picked":"Forethought","floor":36},{"not_picked":["Thunderclap","Twin Strike+1","Carnage+1"],"picked":"SKIP","floor":37},{"not_picked":["Armaments+1","Headbutt+1"],"picked":"Corruption+1","floor":39},{"not_picked":["Warcry","Metallicize","Pummel"],"picked":"SKIP","floor":42},{"not_picked":["Flex","Reckless Charge+1"],"picked":"Clothesline+1","floor":44},{"not_picked":["Feel No Pain","Anger"],"picked":"Reaper","floor":46},{"not_picked":["Bloodletting+1","Clothesline+1"],"picked":"Shockwave","floor":48}],"player_experience":3965974,"relics_obtained":[{"floor":8,"key":"Bag of Marbles"},{"floor":9,"key":"Bottled Lightning"},{"floor":13,"key":"Magic Flower"},{"floor":14,"key":"PreservedInsect"},{"floor":26,"key":"Red Skull"},{"floor":30,"key":"Du-Vu Doll"},{"floor":43,"key":"Lantern"}],"event_choices":[{"cards_removed":["Strike_R"],"damage_healed":0,"gold_gain":0,"player_choice":"Purged","damage_taken":0,"max_hp_gain":0,"max_hp_loss":0,"event_name":"Purifier","floor":2,"gold_loss":0},{"damage_healed":0,"gold_gain":0,"player_choice":"Success","damage_taken":12,"relics_obtained":["Anchor"],"max_hp_gain":0,"max_hp_loss":0,"event_name":"Scrap Ooze","floor":11,"gold_loss":0},{"damage_healed":0,"gold_gain":0,"player_choice":"Read","damage_taken":0,"max_hp_gain":0,"max_hp_loss":0,"event_name":"The Library","floor":20,"gold_loss":0,"cards_obtained":["Shrug It Off"]},{"damage_healed":0,"gold_gain":0,"player_choice":"1 cards matched","damage_taken":0,"max_hp_gain":0,"max_hp_loss":0,"event_name":"Match and Keep!","floor":21,"gold_loss":0,"cards_obtained":["Jack Of All Trades"]},{"damage_healed":0,"gold_gain":0,"player_choice":"1 cards matched","damage_taken":0,"max_hp_gain":0,"max_hp_loss":0,"event_name":"Match and Keep!","floor":21,"gold_loss":0,"cards_obtained":["Jack Of All Trades"]},{"damage_healed":0,"gold_gain":0,"player_choice":"Ignored","damage_taken":0,"max_hp_gain":0,"max_hp_loss":0,"event_name":"Ghosts","floor":28,"gold_loss":0},{"damage_healed":0,"gold_gain":0,"player_choice":"Memory 3","damage_taken":10,"max_hp_gain":0,"max_hp_loss":0,"event_name":"SensoryStone","floor":36,"gold_loss":0},{"damage_healed":0,"gold_gain":0,"player_choice":"Max HP","damage_taken":0,"max_hp_gain":0,"max_hp_loss":4,"event_name":"Winding Halls","floor":38,"gold_loss":0},{"damage_healed":0,"gold_gain":0,"player_choice":"Ignored","damage_taken":0,"max_hp_gain":0,"max_hp_loss":0,"event_name":"Mysterious Sphere","floor":41,"gold_loss":0}],"is_beta":false,"boss_relics":[{"not_picked":["Coffee Dripper","Tiny House"],"picked":"Runic Pyramid"},{"not_picked":["Runic Cube","Fusion Hammer"],"picked":"Sozu"}],"items_purged_floors":[19],"is_endless":false,"potions_floor_spawned":[4,5,8,16,22,27,33,35,42,48],"ascension_level":0}