{"gold_per_floor":[118,118,134,134,198,226,174,174,174,174,124,124,141,141,141,244,244,263,263,274,199,298,298,333,333,356,356,356,369,45,56,56,151,151,161,181,181,281,281,281],"floor_reached":40,"playtime":1312,"items_purged":["Injury"],"score":575,"play_id":"badfdb0e-9fe6-4739-b963-f4847a522c77","local_time":"20190721140542","is_ascension_mode":true,"campfire_choices":[{"data":"Barricade","floor":8,"key":"SMITH"},{"data":"Flex","floor":10,"key":"SMITH"},{"data":"Heavy Blade","floor":12,"key":"SMITH"},{"data":"Bash","floor":15,"key":"SMITH"},{"floor":23,"key":"REST"},{"data":"Pommel Strike","floor":25,"key":"SMITH"},{"floor":27,"key":"REST"},{"floor":32,"key":"REST"}],"neow_cost":"NONE","seed_source_timestamp":324315379554080,"circlet_count":0,"master_deck":["Strike_R+1","Strike_R+1","Strike_R+1","Defend_R+1","Defend_R+1","Defend_R+1","Defend_R+1","Bash+1","Pommel Strike+1","Heavy Blade+1","Barricade+1","Flex+1","Immolate","Spot Weakness+1","Pommel Strike+1","Armaments+1","Blood for Blood+1","Battle Trance","Madness","Madness","Disarm+1"],"relics":["Burning Blood","NeowsBlessing","Mango","Bottled Lightning","Cursed Key","Mummified Hand","Vajra","Matryoshka","Bottled Tornado","Snecko Eye","Champion Belt"],"potions_floor_usage":[20,33],"damage_taken":[{"damage":0,"enemies":"Jaw Worm","floor":1,"turns":1},{"damage":0,"enemies":"Small Slimes","floor":3,"turns":1},{"damage":0,"enemies":"3 Sentries","floor":6,"turns":1},{"damage":0,"enemies":"2 Louse","floor":13,"turns":2},{"damage":88,"enemies":"Hexaghost","floor":16,"turns":9},{"damage":35,"enemies":"Shell Parasite","floor":18,"turns":4},{"damage":11,"enemies":"2 Thieves","floor":20,"turns":3},{"damage":32,"enemies":"Gremlin Leader","floor":24,"turns":5},{"damage":9,"enemies":"Centurion and Healer","floor":29,"turns":3},{"damage":24,"enemies":"Snake Plant","floor":31,"turns":3},{"damage":51,"enemies":"Champ","floor":33,"turns":6},{"damage":0,"enemies":"3 Shapes","floor":35,"turns":2},{"damage":3,"enemies":"Orb Walker","floor":36,"turns":2},{"damage":13,"enemies":"Mind Bloom Boss Battle","floor":38,"turns":3},{"damage":78,"enemies":"Donu and Deca","floor":40,"turns":4}],"seed_played":"6545192083212658607","potions_obtained":[{"floor":16,"key":"SteroidPotion"},{"floor":29,"key":"SteroidPotion"},{"floor":31,"key":"Fire Potion"}],"is_trial":false,"path_per_floor":["M","$","M","?","?","E","$","R","T","R","?","R","M","?","R","B",null,"M","?","M","?","?","R","E","R","T","R","?","M","$","M","R","B",null,"M","M","?","?","?","B"],"character_chosen":"IRONCLAD","items_purchased":["Flex","Bottled Tornado"],"campfire_rested":3,"item_purchase_floors":[7,30],"current_hp_per_floor":[78,78,80,85,85,99,99,99,99,99,99,99,99,99,99,17,79,50,50,45,45,45,74,48,48,48,77,77,74,74,56,85,40,84,90,93,81,74,74,0],"gold":281,"neow_bonus":"THREE_ENEMY_KILL","is_prod":false,"is_daily":false,"chose_seed":false,"campfire_upgraded":5,"win_rate":0,"timestamp":1563743142,"path_taken":["M","$","M","?","?","E","$","R","T","R","?","R","M","?","R","BOSS","M","?","M","?","?","R","E","R","T","R","?","M","$","M","R","BOSS","M","M","?","?","?","BOSS"],"build_version":"2019-07-05","purchased_purges":1,"victory":false,"max_hp_per_floor":[80,80,80,85,85,99,99,99,99,99,99,99,99,99,99,99,99,99,99,99,99,99,99,99,99,99,99,99,99,99,99,99,99,99,99,99,99,99,99,99],"card_choices":[{"not_picked":["Warcry","Clash"],"picked":"Pommel Strike","floor":1},{"not_picked":["Pummel","Seeing Red"],"picked":"Heavy Blade","floor":3},{"not_picked":["Headbutt","Sever Soul"],"picked":"Barricade","floor":6},{"not_picked":["Iron Wave","Infernal Blade"],"picked":"Cleave","floor":13},{"not_picked":["Fiend Fire","Dark Embrace"],"picked":"Immolate","floor":16},{"not_picked":["Power Through","Twin Strike"],"picked":"Spot Weakness+1","floor":18},{"not_picked":["Blood for Blood","Metallicize"],"picked":"Pommel Strike+1","floor":20},{"not_picked":["Whirlwind","Infernal Blade"],"picked":"Armaments+1","floor":24},{"not_picked":["Infernal Blade","Perfected Strike"],"picked":"Blood for Blood+1","floor":29},{"not_picked":["Hemokinesis","True Grit"],"picked":"Battle Trance","floor":31},{"not_picked":["Twin Strike","Flex","Uppercut+1"],"picked":"SKIP","floor":35},{"not_picked":["Pommel Strike+1","Sword Boomerang","Anger"],"picked":"SKIP","floor":36},{"not_picked":["Iron Wave","Immolate"],"picked":"Disarm+1","floor":38}],"player_experience":78043,"relics_obtained":[{"floor":6,"key":"Mango"},{"floor":9,"key":"Bottled Lightning"},{"floor":24,"key":"Mummified Hand"},{"floor":26,"key":"Vajra"},{"floor":38,"key":"Champion Belt"}],"event_choices":[{"damage_healed":0,"gold_gain":0,"player_choice":"Donut","damage_taken":0,"max_hp_gain":5,"max_hp_loss":0,"event_name":"Big Fish","floor":4,"gold_loss":0},{"damage_healed":0,"gold_gain":64,"player_choice":"Gained Gold","damage_taken":0,"max_hp_gain":0,"max_hp_loss":0,"event_name":"Golden Wing","floor":5,"gold_loss":0},{"cards_removed":["Strike_R"],"damage_healed":0,"gold_gain":0,"player_choice":"Card Removal","damage_taken":0,"max_hp_gain":0,"max_hp_loss":0,"event_name":"The Cleric","floor":11,"gold_loss":50},{"cards_removed":["Strike_R"],"damage_healed":0,"gold_gain":0,"player_choice":"Forget","damage_taken":0,"max_hp_gain":0,"max_hp_loss":0,"event_name":"Living Wall","floor":14,"gold_loss":0},{"damage_healed":0,"gold_gain":0,"player_choice":"Simplicity","damage_taken":0,"max_hp_gain":0,"max_hp_loss":0,"event_name":"Back to Basics","floor":19,"gold_loss":0,"cards_upgraded":["Strike_R","Strike_R","Strike_R","Defend_R","Defend_R","Defend_R","Defend_R"]},{"cards_removed":["Cleave"],"damage_healed":0,"gold_gain":0,"player_choice":"Gave Gold","damage_taken":0,"max_hp_gain":0,"max_hp_loss":0,"event_name":"Beggar","floor":21,"gold_loss":75},{"damage_healed":0,"gold_gain":99,"player_choice":"Stole From Cult","damage_taken":0,"max_hp_gain":0,"max_hp_loss":0,"event_name":"Nest","floor":22,"gold_loss":0},{"damage_healed":0,"gold_gain":0,"player_choice":"Opened","damage_taken":0,"relics_obtained":["Matryoshka"],"max_hp_gain":0,"max_hp_loss":0,"event_name":"The Mausoleum","floor":28,"gold_loss":0},{"damage_healed":0,"gold_gain":0,"player_choice":"Embrace Madness","damage_taken":12,"max_hp_gain":0,"max_hp_loss":0,"event_name":"Winding Halls","floor":37,"gold_loss":0,"cards_obtained":["Madness","Madness"]},{"damage_healed":0,"gold_gain":0,"player_choice":"Fight","damage_taken":0,"max_hp_gain":0,"max_hp_loss":0,"event_name":"MindBloom","floor":38,"gold_loss":0},{"damage_healed":0,"gold_gain":0,"player_choice":"Took Portal","damage_taken":0,"max_hp_gain":0,"max_hp_loss":0,"event_name":"SecretPortal","floor":39,"gold_loss":0}],"is_beta":false,"boss_relics":[{"not_picked":["Fusion Hammer","Tiny House"],"picked":"Cursed Key"},{"not_picked":["Astrolabe","Eternal Feather"],"picked":"Snecko Eye"}],"items_purged_floors":[30],"is_endless":false,"potions_floor_spawned":[16,29,31],"killed_by":"Donu and Deca","ascension_level":6}