{"gold_per_floor":[109,109,121,133,155,167,194,206,218,249,275,303,315,339,351,438,450,477,469,495,507,538,568,580,592,628,50,50,66,78,25,25,25],"floor_reached":33,"playtime":2368,"items_purged":["Strike_G"],"score":458,"play_id":"10ffd3b6-9c62-46ea-9ab8-035755c3598e","local_time":"20181111215218","is_ascension_mode":true,"campfire_choices":[{"data":"Quick Slash","floor":6,"key":"SMITH"},{"floor":13,"key":"REST"},{"data":"Dagger Spray","floor":15,"key":"SMITH"},{"floor":24,"key":"REST"},{"floor":28,"key":"REST"},{"data":"Footwork","floor":32,"key":"SMITH"}],"neow_cost":"NONE","seed_source_timestamp":616929185214344,"circlet_count":0,"master_deck":["AscendersBane","Defend_G","Defend_G","Defend_G","Defend_G","Defend_G","Strike_G","Strike_G","Strike_G","Strike_G","Survivor","Neutralize+1","Quick Slash+1","Sucker Punch","Dagger Spray+1","Terror","Outmaneuver","Flying Knee","Cloak And Dagger","Phantasmal Killer","PiercingWail+1","Blur","Backflip","Footwork+1","Riddle With Holes","Whirlwind"],"relics":["Ring of the Snake","Anchor","MawBank","Vajra","Runic Pyramid","Strawberry","PrismaticShard"],"potions_floor_usage":[16,16,20,22,29,30,33],"damage_taken":[{"damage":0,"enemies":"2 Louse","floor":1,"turns":3},{"damage":0,"enemies":"Cultist","floor":5,"turns":3},{"damage":11,"enemies":"Jaw Worm","floor":7,"turns":6},{"damage":0,"enemies":"Lots of Slimes","floor":10,"turns":2},{"damage":0,"enemies":"Blue Slaver","floor":11,"turns":3},{"damage":0,"enemies":"Exordium Wildlife","floor":12,"turns":3},{"damage":13,"enemies":"Exordium Thugs","floor":14,"turns":4},{"damage":30,"enemies":"The Guardian","floor":16,"turns":15},{"damage":17,"enemies":"2 Thieves","floor":18,"turns":5},{"damage":11,"enemies":"3 Byrds","floor":20,"turns":5},{"damage":5,"enemies":"Centurion and Healer","floor":22,"turns":9},{"damage":7,"enemies":"Snecko","floor":23,"turns":6},{"damage":2,"enemies":"Snake Plant","floor":29,"turns":5},{"damage":2,"enemies":"Chosen and Byrds","floor":30,"turns":7},{"damage":87,"enemies":"Automaton","floor":33,"turns":12}],"seed_played":"-5447880272193945999","potions_obtained":[{"floor":1,"key":"Ancient Potion"},{"floor":5,"key":"SpeedPotion"},{"floor":12,"key":"Explosive Potion"},{"floor":16,"key":"SmokeBomb"},{"floor":19,"key":"SkillPotion"},{"floor":20,"key":"GhostInAJar"}],"is_trial":false,"path_per_floor":["M","?","?","$","M","R","M","$","T","M","M","M","R","M","R","B",null,"M","?","M","?","M","M","R","?","T","$","R","M","M","$","R","B"],"character_chosen":"THE_SILENT","items_purchased":["Footwork","PrismaticShard","Regen Potion","Fire Potion","Riddle With Holes","Strength Potion"],"campfire_rested":3,"item_purchase_floors":[27,27,27,27,27,31],"current_hp_per_floor":[59,48,48,48,48,48,37,37,37,37,37,37,56,43,43,13,53,36,36,25,38,33,26,45,27,34,34,57,69,67,67,67,0],"gold":25,"neow_bonus":"RANDOM_COMMON_RELIC","is_prod":false,"is_daily":false,"chose_seed":false,"campfire_upgraded":3,"win_rate":0,"timestamp":1541991138,"path_taken":["M","?","?","$","?","R","M","?","T","?","M","M","R","M","R","BOSS","M","?","?","?","M","M","R","?","T","?","R","M","?","$","R","BOSS"],"build_version":"2018-11-08","purchased_purges":1,"victory":false,"max_hp_per_floor":[66,66,66,66,66,66,66,66,66,66,66,66,66,66,66,66,66,66,66,66,66,66,66,66,71,78,78,78,78,78,78,78,78],"card_choices":[{"not_picked":["Skewer","Acrobatics"],"picked":"Quick Slash","floor":1},{"not_picked":["Underhanded Strike","Backflip"],"picked":"Sucker Punch","floor":5},{"not_picked":["Dodge and Roll","Quick Slash"],"picked":"Dagger Spray","floor":7},{"not_picked":["Flying Knee","Concentrate"],"picked":"Terror","floor":10},{"not_picked":["Acrobatics","Calculated Gamble"],"picked":"Outmaneuver","floor":11},{"not_picked":["Blade Dance","Skewer"],"picked":"Flying Knee","floor":12},{"not_picked":["Concentrate","Deflect"],"picked":"Cloak And Dagger","floor":14},{"not_picked":["Grand Finale","Storm of Steel"],"picked":"Phantasmal Killer","floor":16},{"not_picked":["Choke","Sucker Punch","Poisoned Stab"],"picked":"SKIP","floor":18},{"not_picked":["Prepared","Dagger Throw"],"picked":"PiercingWail+1","floor":20},{"not_picked":["Dagger Throw","PiercingWail"],"picked":"Blur","floor":22},{"not_picked":["Bane","Prepared"],"picked":"Backflip","floor":23},{"not_picked":["Deep Breath","Pummel","Streamline"],"picked":"SKIP","floor":29},{"not_picked":["Blade Dance","Darkness"],"picked":"Whirlwind","floor":30}],"player_experience":2216000,"relics_obtained":[{"floor":9,"key":"Vajra"},{"floor":26,"key":"Strawberry"}],"event_choices":[{"damage_healed":0,"gold_gain":0,"player_choice":"Success","damage_taken":11,"relics_obtained":["MawBank"],"max_hp_gain":0,"max_hp_loss":0,"event_name":"Scrap Ooze","floor":2,"gold_loss":0},{"damage_healed":0,"gold_gain":0,"player_choice":"Forge","damage_taken":0,"max_hp_gain":0,"max_hp_loss":0,"event_name":"Accursed Blacksmith","floor":3,"gold_loss":0,"cards_upgraded":["Neutralize"]},{"damage_healed":0,"gold_gain":0,"player_choice":"Bought 1 Potion","damage_taken":0,"max_hp_gain":0,"max_hp_loss":0,"event_name":"The Woman in Blue","floor":19,"gold_loss":0},{"damage_healed":13,"gold_gain":0,"player_choice":"Heal","damage_taken":0,"max_hp_gain":0,"max_hp_loss":0,"event_name":"The Library","floor":21,"gold_loss":0},{"damage_healed":0,"gold_gain":0,"player_choice":"Shed Blood","damage_taken":23,"max_hp_gain":5,"max_hp_loss":0,"event_name":"Forgotten Altar","floor":25,"gold_loss":0}],"is_beta":false,"boss_relics":[{"not_picked":["Runic Dome","Calling Bell"],"picked":"Runic Pyramid"}],"items_purged_floors":[27],"is_endless":false,"potions_floor_spawned":[1,5,12,16,20],"killed_by":"Automaton","ascension_level":18}