{"gold_per_floor":[111,60,60,76,48,74,74,102,128,146,146],"floor_reached":11,"playtime":272,"items_purged":[],"score":196,"play_id":"a51e7fe0-1ead-43c1-99c4-6a875ecf52fb","local_time":"20190509232504","is_ascension_mode":true,"campfire_choices":[],"neow_cost":"NONE","seed_source_timestamp":2521682923819357,"circlet_count":0,"master_deck":["AscendersBane","Defend_G","Defend_G","Defend_G","Defend_G+1","Defend_G","Strike_G","Strike_G","Strike_G","Strike_G","Strike_G","Survivor+1","Neutralize","Sucker Punch","Dagger Spray","Sucker Punch","Dagger Spray","Caltrops","Poisoned Stab","Dagger Spray"],"relics":["Ring of the Snake","NeowsBlessing","Dream Catcher","Boot","Bronze Scales"],"potions_floor_usage":[8,10,11],"damage_taken":[{"damage":0,"enemies":"Small Slimes","floor":1,"turns":1},{"damage":0,"enemies":"Cultist","floor":4,"turns":1},{"damage":0,"enemies":"Gremlin Nob","floor":6,"turns":1},{"damage":32,"enemies":"3 Sentries","floor":8,"turns":9},{"damage":0,"enemies":"Jaw Worm","floor":10,"turns":3},{"damage":30,"enemies":"Lagavulin","floor":11,"turns":3}],"seed_played":"5325771354535919398","potions_obtained":[{"floor":4,"key":"Poison Potion"},{"floor":8,"key":"Fruit Juice"},{"floor":10,"key":"LiquidBronze"}],"is_trial":false,"path_per_floor":["M","$","?","M","$","E","?","E","T","M","E"],"character_chosen":"THE_SILENT","items_purchased":["Dagger Spray","Dagger Spray"],"campfire_rested":0,"item_purchase_floors":[2,5],"current_hp_per_floor":[59,59,66,66,66,66,46,14,14,19,0],"gold":146,"neow_bonus":"THREE_ENEMY_KILL","is_prod":false,"is_daily":false,"chose_seed":false,"campfire_upgraded":0,"win_rate":0,"timestamp":1557465904,"path_taken":["M","$","?","?","$","E","?","E","T","M","E"],"build_version":"2019-05-07","purchased_purges":0,"victory":false,"max_hp_per_floor":[66,66,66,66,66,66,66,66,66,71,71],"card_choices":[{"not_picked":["Dodge and Roll","Deflect"],"picked":"Sucker Punch","floor":1},{"not_picked":["Dodge and Roll","Outmaneuver"],"picked":"Sucker Punch","floor":4},{"not_picked":["Flying Knee","Backstab"],"picked":"Caltrops","floor":6},{"not_picked":["Reflex","Expertise"],"picked":"Poisoned Stab","floor":8},{"not_picked":["Expertise","Flying Knee"],"picked":"Dagger Spray","floor":10}],"player_experience":983348,"relics_obtained":[{"floor":6,"key":"Dream Catcher"},{"floor":8,"key":"Boot"},{"floor":9,"key":"Bronze Scales"}],"event_choices":[{"damage_healed":7,"gold_gain":0,"player_choice":"Full Heal","damage_taken":0,"max_hp_gain":0,"max_hp_loss":0,"event_name":"Wheel of Change","floor":3,"gold_loss":0},{"damage_healed":0,"gold_gain":0,"player_choice":"Entered Light","damage_taken":20,"max_hp_gain":0,"max_hp_loss":0,"event_name":"Shining Light","floor":7,"gold_loss":0,"cards_upgraded":["Defend_G","Survivor"]}],"is_beta":true,"boss_relics":[],"items_purged_floors":[],"is_endless":false,"potions_floor_spawned":[4,8,10],"killed_by":"Lagavulin","ascension_level":17}