{"gold_per_floor":[144,189,234,279,324,414,459,459,509,599,644,758,708,753,753,1053,1053,1098,1023,125,125,170,260,305,395,395,440,440,485,530,575,575,875,875,920,49,49,151,196,196,241,331,331,331,291,381,381,426,426,426],"floor_reached":51,"playtime":12225,"items_purged":["Strike_R"],"score":938,"play_id":"460bed3c-1d73-4dab-b35e-25d4b2637837","local_time":"20180926213902","daily_mods":["Brewmaster","Midas","Terminal"],"is_ascension_mode":false,"campfire_choices":[{"floor":15,"key":"REST"},{"floor":28,"key":"REST"},{"floor":32,"key":"REST"},{"data":"Strike_R","floor":40,"key":"PURGE"},{"floor":47,"key":"REST"},{"floor":49,"key":"REST"}],"neow_cost":"","seed_source_timestamp":0,"circlet_count":0,"master_deck":["Strike_R+1","Defend_R","Defend_R","Defend_R+1","Bash","Venomology","Venomology","Venomology","Venomology","Venomology","Pommel Strike+1","Entrench","Feel No Pain","Barricade","Ghostly Armor","Battle Trance","Feed","Body Slam+1","Flash of Steel+1","Warcry","RitualDagger+1","Body Slam+1","Thunderclap+1","Dark Embrace+1","Secret Technique","Seeing Red","Inflame+1","Shrug It Off","Entrench"],"special_seed":17800,"relics":["Burning Blood","White Beast Statue","Kunai","Anchor","Frozen Egg 2","Bag of Marbles","Fusion Hammer","Toy Ornithopter","Pear","Molten Egg 2","Mummified Hand","Singing Bowl","Bottled Lightning","Lizard Tail","Oddly Smooth Stone","Peace Pipe","Du-Vu Doll","Whetstone","Blood Vial","Thread and Needle","Ice Cream"],"potions_floor_usage":[1,2,2,3,3,4,4,4,4,4,4,4,5,5,5,5,6,6,6,6,7,7,10,10,10,11,11,11,12,12,12,14,14,16,16,16,16,16,16,18,18,18,22,22,23,23,23,23,23,23,23,24,24,24,24,24,24,25,25,25,25,25,25,27,27,27,27,29,29,29,30,30,30,30,31,31,31,31,33,33,33,33,33,33,35,38,38,38,39,39,41,42,42,42,42,44,44,44,46,46,50,50,50,50,50,50,50,50,50,50,50],"damage_taken":[{"damage":6,"enemies":"Small Slimes","floor":1,"turns":4},{"damage":0,"enemies":"Cultist","floor":2,"turns":3},{"damage":0,"enemies":"Jaw Worm","floor":3,"turns":2},{"damage":0,"enemies":"Exordium Thugs","floor":4,"turns":4},{"damage":26,"enemies":"Exordium Wildlife","floor":5,"turns":7},{"damage":4,"enemies":"3 Sentries","floor":6,"turns":13},{"damage":7,"enemies":"Blue Slaver","floor":7,"turns":3},{"damage":0,"enemies":"Lagavulin","floor":10,"turns":11},{"damage":0,"enemies":"2 Fungi Beasts","floor":11,"turns":5},{"damage":5,"enemies":"Lagavulin Event","floor":12,"turns":9},{"damage":0,"enemies":"Large Slime","floor":14,"turns":5},{"damage":30,"enemies":"Slime Boss","floor":16,"turns":18},{"damage":0,"enemies":"Shell Parasite","floor":18,"turns":10},{"damage":0,"enemies":"2 Thieves","floor":22,"turns":4},{"damage":17,"enemies":"Gremlin Leader","floor":23,"turns":8},{"damage":1,"enemies":"Shelled Parasite and Fungi","floor":24,"turns":8},{"damage":11,"enemies":"Book of Stabbing","floor":25,"turns":6},{"damage":0,"enemies":"Centurion and Healer","floor":27,"turns":4},{"damage":0,"enemies":"Snecko","floor":29,"turns":6},{"damage":5,"enemies":"Snake Plant","floor":30,"turns":4},{"damage":0,"enemies":"3 Cultists","floor":31,"turns":5},{"damage":0,"enemies":"Automaton","floor":33,"turns":4},{"damage":0,"enemies":"Orb Walker","floor":35,"turns":2},{"damage":4,"enemies":"Mysterious Sphere","floor":38,"turns":6},{"damage":0,"enemies":"3 Shapes","floor":39,"turns":5},{"damage":0,"enemies":"Reptomancer","floor":41,"turns":3},{"damage":0,"enemies":"Giant Head","floor":42,"turns":5},{"damage":0,"enemies":"Mind Bloom Boss Battle","floor":44,"turns":5},{"damage":0,"enemies":"Nemesis","floor":46,"turns":3},{"damage":0,"enemies":"Spire Growth","floor":48,"turns":4},{"damage":15,"enemies":"Time Eater","floor":50,"turns":7}],"seed_played":"-9213636199092254619","potions_obtained":[{"floor":1,"key":"Block Potion"},{"floor":2,"key":"FearPotion"},{"floor":3,"key":"Energy Potion"},{"floor":4,"key":"Ancient Potion"},{"floor":5,"key":"Regen Potion"},{"floor":6,"key":"Strength Potion"},{"floor":7,"key":"Energy Potion"},{"floor":10,"key":"Strength Potion"},{"floor":12,"key":"FearPotion"},{"floor":14,"key":"SteroidPotion"},{"floor":16,"key":"SmokeBomb"},{"floor":18,"key":"PowerPotion"},{"floor":22,"key":"LiquidBronze"},{"floor":23,"key":"Weak Potion"},{"floor":24,"key":"Weak Potion"},{"floor":25,"key":"Poison Potion"},{"floor":27,"key":"SteroidPotion"},{"floor":30,"key":"Regen Potion"},{"floor":31,"key":"Energy Potion"},{"floor":33,"key":"Regen Potion"},{"floor":35,"key":"Weak Potion"},{"floor":38,"key":"Strength Potion"},{"floor":41,"key":"Fire Potion"},{"floor":42,"key":"Block Potion"},{"floor":45,"key":"EntropicBrew"}],"is_trial":false,"path_per_floor":["M","M","M","M","M","E","M","?","T","E","M","?","?","M","R","B",null,"M","?","$","?","M","E","M","E","T","M","R","M","M","M","R","B",null,"M","$","?","?","M","R","M","E","T","?","?","E","R","M","R","B"],"character_chosen":"IRONCLAD","items_purchased":["Toy Ornithopter","Pear","Molten Egg 2","Flash of Steel+1","Warcry","Oddly Smooth Stone","Secret Technique","Peace Pipe","Seeing Red","Inflame+1","Shrug It Off","AttackPotion"],"campfire_rested":5,"item_purchase_floors":[20,20,20,20,20,36,36,36,36,36,36,36],"current_hp_per_floor":[78,77,76,75,74,73,72,58,58,64,68,67,66,65,64,40,62,64,63,72,66,73,72,74,71,71,71,70,71,70,71,70,71,70,71,70,69,70,74,73,74,75,74,73,72,73,72,73,72,71],"gold":426,"neow_bonus":"","is_prod":false,"is_daily":true,"chose_seed":false,"campfire_upgraded":0,"win_rate":0,"timestamp":1538012342,"path_taken":["M","M","M","M","M","E","M","?","T","E","M","?","?","M","R","BOSS","M","?","$","?","M","E","M","E","T","?","R","M","M","M","R","BOSS","M","$","?","?","?","R","M","E","T","?","?","E","R","M","R","BOSS"],"build_version":"2018-09-20","purchased_purges":1,"victory":true,"max_hp_per_floor":[78,77,76,75,74,73,72,71,70,69,68,67,66,65,64,63,62,64,63,72,71,73,72,74,73,72,71,70,71,70,71,70,71,70,71,70,69,70,74,73,74,75,74,73,72,73,72,73,72,71],"card_choices":[{"not_picked":["Armaments","Iron Wave"],"picked":"Pommel Strike","floor":1},{"not_picked":["Searing Blow","Heavy Blade","Headbutt"],"picked":"SKIP","floor":2},{"not_picked":["Anger","Armaments"],"picked":"Entrench","floor":3},{"not_picked":["Twin Strike","Intimidate","Thunderclap"],"picked":"SKIP","floor":4},{"not_picked":["Hemokinesis","True Grit"],"picked":"Feel No Pain","floor":5},{"not_picked":["Warcry","Pommel Strike"],"picked":"Barricade","floor":6},{"not_picked":["Clothesline","Rupture"],"picked":"Ghostly Armor","floor":7},{"not_picked":["Twin Strike","Shrug It Off"],"picked":"Battle Trance","floor":10},{"not_picked":["Pummel","Armaments","Power Through"],"picked":"SKIP","floor":11},{"not_picked":["Sword Boomerang","Corruption+1","Headbutt"],"picked":"SKIP","floor":14},{"not_picked":["Demon Form+1","Double Tap"],"picked":"Feed","floor":16},{"not_picked":["Anger","Armaments+1"],"picked":"Body Slam","floor":18},{"not_picked":["Perfected Strike+1","Pommel Strike+1","Anger+1"],"picked":"SKIP","floor":22},{"not_picked":["Battle Trance","Rage","Anger+1"],"picked":"SKIP","floor":23},{"not_picked":["Shrug It Off","Flame Barrier","Burning Pact+1"],"picked":"SKIP","floor":24},{"not_picked":["Flex","Heavy Blade+1"],"picked":"Body Slam+1","floor":25},{"not_picked":["Fire Breathing+1","Reaper+1"],"picked":"Thunderclap+1","floor":27},{"not_picked":["Fire Breathing+1","Sword Boomerang+1","Iron Wave+1"],"picked":"Singing Bowl","floor":29},{"not_picked":["True Grit","Ghostly Armor"],"picked":"Dark Embrace+1","floor":30},{"not_picked":["True Grit","Blood for Blood+1","Inflame+1"],"picked":"Singing Bowl","floor":31},{"not_picked":["Barricade+1","Reaper+1","Berserk+1"],"picked":"Singing Bowl","floor":33},{"not_picked":["Cleave+1","Clash+1","Body Slam+1"],"picked":"Singing Bowl","floor":35},{"not_picked":["Havoc+1","Fire Breathing+1","Body Slam+1"],"picked":"Singing Bowl","floor":38},{"not_picked":["Clothesline+1","Inflame+1","Clash+1"],"picked":"Singing Bowl","floor":39},{"not_picked":["Sword Boomerang+1","Headbutt+1","Flex"],"picked":"Singing Bowl","floor":41},{"not_picked":["Iron Wave+1","Pommel Strike+1","Sword Boomerang+1"],"picked":"Singing Bowl","floor":42},{"not_picked":["Juggernaut+1","Shockwave+1"],"picked":"Entrench","floor":44},{"not_picked":["True Grit+1","Clothesline+1","Pommel Strike+1"],"picked":"Singing Bowl","floor":46},{"not_picked":["True Grit","Headbutt+1","Havoc+1"],"picked":"Singing Bowl","floor":48}],"player_experience":2077057,"relics_obtained":[{"floor":6,"key":"Kunai"},{"floor":9,"key":"Anchor"},{"floor":10,"key":"Frozen Egg 2"},{"floor":23,"key":"Mummified Hand"},{"floor":25,"key":"Singing Bowl"},{"floor":26,"key":"Bottled Lightning"},{"floor":38,"key":"Du-Vu Doll"},{"floor":42,"key":"Whetstone"},{"floor":43,"key":"Blood Vial"},{"floor":44,"key":"Thread and Needle"},{"floor":46,"key":"Ice Cream"}],"event_choices":[{"event_name":"Shining Light","player_choice":"Entered Light","floor":8,"damage_taken":0},{"event_name":"Dead Adventurer","player_choice":"Searched \u00273\u0027 times","floor":12,"damage_taken":0},{"event_name":"The Cleric","player_choice":"Card Removal","floor":13,"damage_taken":0},{"event_name":"Beggar","player_choice":"Gave Gold","floor":19,"damage_taken":0},{"event_name":"Nest","player_choice":"Joined the Cult","floor":21,"damage_taken":0},{"event_name":"Falling","player_choice":"Removed Skill","floor":37,"damage_taken":0},{"event_name":"Mysterious Sphere","player_choice":"Fight","floor":38,"damage_taken":0},{"event_name":"MindBloom","player_choice":"Fight","floor":44,"damage_taken":0},{"event_name":"The Woman in Blue","player_choice":"Bought 3 Potions","floor":45,"damage_taken":0}],"is_beta":false,"boss_relics":[{"not_picked":["Astrolabe","Pandora\u0027s Box"],"picked":"Fusion Hammer"},{"not_picked":["Runic Cube","Cursed Key"],"picked":"Lizard Tail"}],"items_purged_floors":[20],"is_endless":false,"potions_floor_spawned":[1,2,3,4,5,6,7,10,11,12,14,16,18,22,23,24,25,27,29,30,31,33,35,38,39,41,42,44,46,48],"ascension_level":0}