{"gold_per_floor":[111,5,5,80,80,80,120,144,144,144,144,165,165,183,183,282,282,303,100,150,150,50,50,50,50,50,50],"floor_reached":27,"playtime":955,"items_purged":["Strike_B"],"score":410,"play_id":"a6471187-096f-46e9-b31f-7584cdb2598b","local_time":"20190507092946","is_ascension_mode":true,"campfire_choices":[{"data":"Cold Snap","floor":6,"key":"SMITH"},{"floor":10,"key":"REST"},{"data":"Zap","floor":13,"key":"SMITH"},{"data":"Cold Snap","floor":15,"key":"SMITH"},{"floor":23,"key":"REST"},{"floor":24,"key":"REST"},{"data":"Glacier","floor":25,"key":"SMITH"}],"neow_cost":"NONE","seed_source_timestamp":2383669585336665,"circlet_count":0,"master_deck":["AscendersBane","Strike_B","Strike_B","Strike_B","Defend_B","Defend_B","Defend_B","Defend_B","Zap+1","Dualcast","Cold Snap+1","Coolheaded","Chill","Cold Snap+1","Leap","Auto Shields","Echo Form","Glacier+1","Turbo","Reinforced Body"],"relics":["Lizard Tail","Bloody Idol","WingedGreaves","Pantograph","Sozu","Dodecahedron"],"potions_floor_usage":[7,14,16,16],"damage_taken":[{"damage":13,"enemies":"Jaw Worm","floor":1,"turns":8},{"damage":44,"enemies":"Gremlin Nob","floor":7,"turns":5},{"damage":17,"enemies":"Small Slimes","floor":8,"turns":3},{"damage":2,"enemies":"2 Louse","floor":12,"turns":3},{"damage":2,"enemies":"Lots of Slimes","floor":14,"turns":5},{"damage":25,"enemies":"The Guardian","floor":16,"turns":13},{"damage":45,"enemies":"3 Byrds","floor":18,"turns":7},{"damage":2,"enemies":"2 Thieves","floor":22,"turns":5},{"damage":66,"enemies":"3 Cultists","floor":27,"turns":5}],"seed_played":"2699712538201845615","potions_obtained":[{"floor":11,"key":"Ancient Potion"},{"floor":11,"key":"FairyPotion"},{"floor":12,"key":"LiquidBronze"},{"floor":14,"key":"Strength Potion"}],"is_trial":false,"path_per_floor":["M","$","?","?","?","R","E","M","T","R","?","M","R","M","R","B",null,"M","$","?","?","M","R","R","R","T","M"],"character_chosen":"DEFECT","items_purchased":["Coolheaded","Fire Potion","Glacier","Turbo"],"campfire_rested":3,"item_purchase_floors":[2,2,19,19],"current_hp_per_floor":[51,51,56,45,45,45,1,29,29,49,49,47,47,45,45,44,63,18,18,18,18,16,36,56,56,56,0],"gold":50,"neow_bonus":"BOSS_RELIC","is_prod":false,"is_daily":false,"chose_seed":false,"campfire_upgraded":4,"win_rate":0,"timestamp":1557235786,"path_taken":["M","$","?","?","?","R","E","?","T","R","?","?","R","M","R","BOSS","M","$","?","?","?","R","R","R","T","M"],"build_version":"2019-01-23","purchased_purges":1,"victory":false,"max_hp_per_floor":[71,71,76,76,69,69,69,69,69,69,69,69,69,69,69,69,69,69,69,69,69,69,69,69,69,69,69],"card_choices":[{"not_picked":["Beam Cell","Hologram"],"picked":"Cold Snap","floor":1},{"not_picked":["Sweeping Beam","Darkness"],"picked":"Chill","floor":7},{"not_picked":["Fusion","Ball Lightning"],"picked":"Cold Snap","floor":8},{"not_picked":["Cold Snap","Turbo"],"picked":"Leap","floor":12},{"not_picked":["Lockon","Barrage"],"picked":"Auto Shields","floor":14},{"not_picked":["All For One","Meteor Strike"],"picked":"Echo Form","floor":16},{"not_picked":["Leap","Static Discharge","Hologram"],"picked":"SKIP","floor":18},{"not_picked":["Cold Snap","Gash"],"picked":"Reinforced Body","floor":22}],"player_experience":3618544,"relics_obtained":[{"floor":7,"key":"WingedGreaves"},{"floor":9,"key":"Pantograph"},{"floor":26,"key":"Dodecahedron"}],"event_choices":[{"damage_healed":0,"gold_gain":0,"player_choice":"Donut","damage_taken":0,"max_hp_gain":5,"max_hp_loss":0,"event_name":"Big Fish","floor":3,"gold_loss":0},{"damage_healed":0,"gold_gain":75,"player_choice":"Gather Gold","damage_taken":11,"max_hp_gain":0,"max_hp_loss":0,"event_name":"World of Goop","floor":4,"gold_loss":0},{"damage_healed":0,"gold_gain":0,"player_choice":"Lose Max HP","damage_taken":0,"relics_obtained":["Golden Idol"],"max_hp_gain":0,"max_hp_loss":7,"event_name":"Golden Idol","floor":5,"gold_loss":0},{"damage_healed":0,"gold_gain":0,"player_choice":"Got Potions","damage_taken":0,"max_hp_gain":0,"max_hp_loss":0,"event_name":"Lab","floor":11,"gold_loss":0},{"damage_healed":0,"gold_gain":50,"player_choice":"Stole From Cult","damage_taken":0,"max_hp_gain":0,"max_hp_loss":0,"event_name":"Nest","floor":20,"gold_loss":0},{"damage_healed":0,"gold_gain":0,"player_choice":"Gave Idol","damage_taken":0,"relics_obtained":["Bloody Idol"],"max_hp_gain":0,"max_hp_loss":0,"event_name":"Forgotten Altar","floor":21,"relics_lost":["Golden Idol"],"gold_loss":0}],"is_beta":false,"boss_relics":[{"not_picked":["Black Star","Calling Bell"],"picked":"Sozu"}],"items_purged_floors":[19],"is_endless":false,"potions_floor_spawned":[12,14],"killed_by":"3 Cultists","ascension_level":20}