{"gold_per_floor":[119,130,143,155,165,197,208,208,208,240,240,259,13,54,54,174,237,252,252,235,258,258,292,292,67,120,143,181,181,181,202,202,202],"floor_reached":33,"playtime":3771,"items_purged":["Strike_B"],"score":289,"play_id":"23b3eceb-b729-43b3-8582-24d65ecf603b","local_time":"20181105094626","is_ascension_mode":false,"campfire_choices":[{"data":"Genetic Algorithm","floor":8,"key":"SMITH"},{"data":"Defragment","floor":15,"key":"SMITH"},{"data":"Darkness","floor":24,"key":"SMITH"},{"data":"Dualcast","floor":29,"key":"SMITH"},{"floor":32,"key":"REST"}],"neow_cost":"NONE","seed_source_timestamp":53569648704631,"circlet_count":0,"master_deck":["Strike_B","Strike_B","Strike_B","Defend_B+1","Defend_B","Defend_B","Defend_B","Zap","Dualcast+1","Ball Lightning","Conserve Battery+1","Conserve Battery","Chill+1","Darkness+1","Defragment+1","Genetic Algorithm+1","Hologram+1","Chaos+1","Reboot+1","Genetic Algorithm+1","Conserve Battery+1","Hologram+1","Sweeping Beam+1","Sweeping Beam+1","Turbo+1","Stack+1"],"relics":["Cracked Core","Strawberry","War Paint","Toxic Egg 2","Golden Idol","Bottled Lightning","Bag of Preparation","Tiny House","MutagenicStrength","Kunai","Ancient Tea Set","Juzu Bracelet","Red Mask","Enchiridion"],"potions_floor_usage":[6,7,10,16,21,23,23,28,28,33,33],"damage_taken":[{"damage":0,"enemies":"Small Slimes","floor":1,"turns":4},{"damage":8,"enemies":"2 Louse","floor":2,"turns":2},{"damage":6,"enemies":"Jaw Worm","floor":3,"turns":4},{"damage":6,"enemies":"2 Fungi Beasts","floor":4,"turns":2},{"damage":0,"enemies":"Large Slime","floor":5,"turns":5},{"damage":7,"enemies":"3 Sentries","floor":6,"turns":7},{"damage":1,"enemies":"Exordium Wildlife","floor":7,"turns":5},{"damage":18,"enemies":"Lagavulin","floor":10,"turns":7},{"damage":6,"enemies":"3 Louse","floor":12,"turns":3},{"damage":8,"enemies":"3 Sentries","floor":14,"turns":7},{"damage":3,"enemies":"The Guardian","floor":16,"turns":12},{"damage":3,"enemies":"Spheric Guardian","floor":18,"turns":5},{"damage":0,"enemies":"2 Thieves","floor":20,"turns":4},{"damage":20,"enemies":"Centurion and Healer","floor":21,"turns":10},{"damage":29,"enemies":"Gremlin Leader","floor":23,"turns":12},{"damage":0,"enemies":"Snake Plant","floor":27,"turns":5},{"damage":15,"enemies":"Masked Bandits","floor":28,"turns":5},{"damage":0,"enemies":"Sentry and Sphere","floor":31,"turns":3},{"damage":48,"enemies":"Collector","floor":33,"turns":10}],"seed_played":"1219470661340160528","potions_obtained":[{"floor":5,"key":"AttackPotion"},{"floor":6,"key":"EssenceOfSteel"},{"floor":7,"key":"Regen Potion"},{"floor":10,"key":"Strength Potion"},{"floor":14,"key":"Swift Potion"},{"floor":16,"key":"SneckoOil"},{"floor":17,"key":"Regen Potion"},{"floor":21,"key":"PowerPotion"},{"floor":27,"key":"SpeedPotion"},{"floor":28,"key":"Block Potion"},{"floor":31,"key":"AttackPotion"}],"is_trial":false,"path_per_floor":["M","M","M","M","M","E","M","R","T","E","?","M","$","E","R","B",null,"M","?","M","M","?","E","R","$","T","M","?","R","?","M","R","B"],"character_chosen":"DEFECT","items_purchased":["Bottled Lightning","Ancient Tea Set"],"campfire_rested":1,"item_purchase_floors":[13,25],"current_hp_per_floor":[82,74,68,62,62,62,61,61,61,55,55,49,49,41,41,38,87,84,84,84,64,64,50,50,50,50,50,35,35,19,19,45,0],"gold":202,"neow_bonus":"TEN_PERCENT_HP_BONUS","is_prod":false,"is_daily":false,"chose_seed":false,"campfire_upgraded":4,"win_rate":0,"timestamp":1541429186,"path_taken":["M","M","M","M","M","E","M","R","T","E","?","M","$","E","R","BOSS","M","?","M","M","?","E","R","$","T","M","?","R","?","M","R","BOSS"],"build_version":"2018-11-01","purchased_purges":1,"victory":false,"max_hp_per_floor":[82,82,82,82,82,89,89,89,89,89,82,82,82,82,82,82,87,87,87,87,87,87,87,87,87,87,87,87,87,87,87,87,87],"card_choices":[{"not_picked":["Streamline","Steam"],"picked":"Ball Lightning","floor":1},{"not_picked":["Stack","Beam Cell"],"picked":"Conserve Battery","floor":2},{"not_picked":["Static Discharge","Streamline"],"picked":"Conserve Battery","floor":3},{"not_picked":["Go for the Eyes","Blizzard"],"picked":"Chill","floor":4},{"not_picked":["Rip and Tear","Rebound"],"picked":"Darkness","floor":5},{"not_picked":["Auto Shields","Turbo"],"picked":"Defragment","floor":6},{"not_picked":["Static Discharge","Double Energy"],"picked":"Genetic Algorithm","floor":7},{"not_picked":["Rip and Tear","Self Repair","Barrage"],"picked":"SKIP","floor":10},{"not_picked":["Steam Power+1","Loop"],"picked":"Hologram+1","floor":12},{"not_picked":["Hyperbeam","Turbo+1"],"picked":"Chaos+1","floor":14},{"not_picked":["All For One","Meteor Strike"],"picked":"Reboot+1","floor":16},{"not_picked":["Gash","Ball Lightning"],"picked":"Genetic Algorithm+1","floor":18},{"not_picked":["Beam Cell","Biased Cognition"],"picked":"Conserve Battery+1","floor":20},{"not_picked":["Streamline+1","Rebound"],"picked":"Hologram+1","floor":21},{"not_picked":["Hologram+1","Scrape"],"picked":"Sweeping Beam+1","floor":23},{"not_picked":["Genetic Algorithm+1","Force Field+1"],"picked":"Sweeping Beam+1","floor":27},{"not_picked":["Ball Lightning","Beam Cell+1"],"picked":"Turbo+1","floor":28},{"not_picked":["Barrage","Aggregate+1"],"picked":"Stack+1","floor":31}],"player_experience":2133572,"relics_obtained":[{"floor":6,"key":"Strawberry"},{"floor":9,"key":"War Paint"},{"floor":10,"key":"Toxic Egg 2"},{"floor":14,"key":"Bag of Preparation"},{"floor":23,"key":"Kunai"},{"floor":26,"key":"Juzu Bracelet"},{"floor":28,"key":"Red Mask"},{"floor":30,"key":"Enchiridion"}],"event_choices":[{"damage_healed":0,"gold_gain":0,"player_choice":"Lose Max HP","damage_taken":0,"relics_obtained":["Golden Idol"],"max_hp_gain":0,"max_hp_loss":7,"event_name":"Golden Idol","floor":11,"gold_loss":0},{"damage_healed":0,"gold_gain":0,"player_choice":"Ignored","damage_taken":0,"max_hp_gain":0,"max_hp_loss":0,"event_name":"Vampires","floor":19,"gold_loss":0},{"damage_healed":0,"gold_gain":0,"player_choice":"Inject Mutagens","damage_taken":0,"relics_obtained":["MutagenicStrength"],"max_hp_gain":0,"max_hp_loss":0,"event_name":"Drug Dealer","floor":22,"gold_loss":0},{"damage_healed":0,"gold_gain":0,"player_choice":"Fought Bandits","damage_taken":0,"max_hp_gain":0,"max_hp_loss":0,"event_name":"Masked Bandits","floor":28,"gold_loss":0},{"damage_healed":0,"gold_gain":0,"player_choice":"Obtained Book","damage_taken":16,"max_hp_gain":0,"max_hp_loss":0,"event_name":"Cursed Tome","floor":30,"gold_loss":0}],"is_beta":false,"boss_relics":[{"not_picked":["Runic Pyramid","Eternal Feather"],"picked":"Tiny House"}],"items_purged_floors":[25],"is_endless":false,"potions_floor_spawned":[5,6,7,10,14,16,21,27,28,31],"killed_by":"Collector","ascension_level":0}