{"path_per_floor":["M","M","?","M","M","R","?","E","T","?","R","$","R","M","R","B",null,"M","$","M","M","?","E","R","E","T","$","?","M","E","M","R","B",null,"M","?","?","$","$","R","E","M","T","R","M","E","R","T","R","B"],"character_chosen":"THE_SILENT","items_purchased":["Bandage Up","Jack Of All Trades","Vajra","Oddly Smooth Stone","Backflip"],"gold_per_floor":[118,132,132,150,161,161,161,186,186,186,186,24,24,34,34,131,131,148,53,73,91,91,119,119,154,154,10,10,29,54,70,70,167,167,178,178,233,58,58,58,86,103,127,127,142,174,174,174,174,174],"floor_reached":51,"campfire_rested":4,"playtime":3078,"current_hp_per_floor":[66,64,64,64,62,62,48,31,31,31,67,67,67,70,70,57,70,63,63,57,52,52,32,68,53,53,53,53,54,53,57,57,3,70,67,57,46,46,46,70,28,34,41,77,67,71,71,85,85,89],"items_purged":["Strike_G"],"gold":174,"score":886,"play_id":"8965a8cb-c871-4a2f-a2f6-1866752c96b5","local_time":"20180404120111","is_prod":false,"is_daily":false,"is_ascension_mode":false,"campfire_upgraded":6,"timestamp":1522857671,"path_taken":["M","M","?","M","M","R","?","E","T","?","R","$","R","?","R","BOSS","M","$","M","?","?","E","R","E","T","?","?","M","E","M","R","BOSS","M","?","?","?","$","R","E","?","T","R","M","E","R","?","R","BOSS"],"build_version":"2018-03-29v2","purchased_purges":1,"victory":true,"master_deck":["Defend_G","Defend_G","Defend_G","Defend_G","Defend_G+1","Strike_G+1","Strike_G+1","Strike_G+1","Survivor","Neutralize+1","Dodge and Roll","Predator+1","Catalyst+1","Quick Slash","Blur","Bullet Time+1","Bandage Up","Poisoned Stab+1","Die Die Die","Escape Plan","Jack Of All Trades+1","Dagger Spray","Flechettes+1","Backstab","Noxious Fumes+1","Deadly Poison+1","After Image","PiercingWail+1","Envenom+1","Backflip+1","Apotheosis+1","Flash of Steel","Trip","Backflip","Distraction+1","Catalyst"],"max_hp_per_floor":[70,70,70,70,70,70,70,70,70,70,70,70,70,70,70,70,70,70,70,70,70,70,70,70,70,70,70,70,70,70,70,70,70,70,70,70,70,70,70,70,70,70,77,77,77,77,77,91,91,91],"relics":["Ring of the Snake","Regal Pillow","Bronze Scales","Omamori","Sozu","Dead Branch","Sundial","Whetstone","Vajra","War Paint","Black Star","Thread and Needle","Oddly Smooth Stone","Snake Skull","Happy Flower","Strawberry","Anchor","Prayer Wheel","Mango"],"card_choices":[{"not_picked":["Reflex","Distraction"],"picked":"Dodge and Roll","floor":1},{"not_picked":["Bane","Sucker Punch"],"picked":"Predator","floor":2},{"not_picked":["Dodge and Roll","Backflip"],"picked":"Quick Slash","floor":4},{"not_picked":["Deadly Poison","Dodge and Roll"],"picked":"Blur","floor":5},{"not_picked":["Escape Plan","Eviscerate"],"picked":"Bullet Time","floor":8},{"not_picked":["Sucker Punch","Flying Knee"],"picked":"Poisoned Stab","floor":14},{"not_picked":["Corpse Explosion","Wraith Form"],"picked":"Die Die Die","floor":16},{"not_picked":["Dodge and Roll","Bane"],"picked":"Escape Plan","floor":18},{"not_picked":["All Out Attack","Prepared"],"picked":"Dagger Spray","floor":20},{"not_picked":["Dagger Throw","Bullet Time"],"picked":"Flechettes","floor":21},{"not_picked":["Endless Agony","Distraction"],"picked":"Backstab","floor":23},{"not_picked":["Dagger Spray","Calculated Gamble"],"picked":"Noxious Fumes","floor":25},{"not_picked":["Dodge and Roll","Dagger Throw"],"picked":"Deadly Poison","floor":29},{"not_picked":["Underhanded Strike","Bane"],"picked":"After Image","floor":30},{"not_picked":["Prepared","Escape Plan"],"picked":"PiercingWail","floor":31},{"not_picked":["Bullet Time","Burst"],"picked":"Envenom","floor":33},{"not_picked":["Infinite Blades","Dagger Spray"],"picked":"Backflip","floor":35},{"not_picked":["Sadistic Nature","Thinking Ahead"],"picked":"Apotheosis","floor":36},{"not_picked":["Transmutation","Swift Strike"],"picked":"Flash of Steel","floor":36},{"not_picked":["Secret Technique","Secret Weapon"],"picked":"Trip","floor":36},{"not_picked":["Cloak And Dagger","Choke"],"picked":"Distraction","floor":42},{"not_picked":["Slice","Finisher"],"picked":"Catalyst","floor":46}],"player_experience":1104228,"potions_floor_usage":[16,16,16],"damage_taken":[{"damage":4,"enemies":"Cultist","floor":1,"turns":4},{"damage":2,"enemies":"Small Slimes","floor":2,"turns":3},{"damage":0,"enemies":"2 Louse","floor":4,"turns":2},{"damage":2,"enemies":"2 Fungi Beasts","floor":5,"turns":4},{"damage":17,"enemies":"Lagavulin","floor":8,"turns":8},{"damage":0,"enemies":"Looter","floor":14,"turns":3},{"damage":32,"enemies":"Slime Boss","floor":16,"turns":16},{"damage":11,"enemies":"Chosen","floor":18,"turns":6},{"damage":10,"enemies":"Spheric Guardian","floor":20,"turns":3},{"damage":9,"enemies":"Snake Plant","floor":21,"turns":4},{"damage":24,"enemies":"Slavers","floor":23,"turns":5},{"damage":17,"enemies":"Book of Stabbing","floor":25,"turns":4},{"damage":3,"enemies":"Snecko","floor":29,"turns":5},{"damage":5,"enemies":"Slavers","floor":30,"turns":4},{"damage":0,"enemies":"Sentry and Sphere","floor":31,"turns":4},{"damage":58,"enemies":"Champ","floor":33,"turns":14},{"damage":3,"enemies":"Orb Walker","floor":35,"turns":3},{"damage":17,"enemies":"Mysterious Sphere","floor":37,"turns":5},{"damage":42,"enemies":"Nemesis","floor":41,"turns":5},{"damage":0,"enemies":"3 Darklings","floor":42,"turns":5},{"damage":10,"enemies":"4 Shapes","floor":45,"turns":5},{"damage":0,"enemies":"Giant Head","floor":46,"turns":6},{"damage":0,"enemies":"Time Eater","floor":50,"turns":6}],"event_choices":[{"event_name":"Living Wall","player_choice":"Change","floor":3,"damage_taken":0},{"event_name":"Shining Light","player_choice":"Entered Light","floor":7,"damage_taken":0},{"event_name":"Upgrade Shrine","player_choice":"Upgraded","floor":10,"damage_taken":0},{"event_name":"Vampires","player_choice":"Ignored","floor":22,"damage_taken":0},{"event_name":"Ghosts","player_choice":"Ignored","floor":28,"damage_taken":0},{"event_name":"SensoryStone","player_choice":"Memory 3","floor":36,"damage_taken":0},{"event_name":"Mysterious Sphere","player_choice":"Fight","floor":37,"damage_taken":0}],"boss_relics":[{"not_picked":["Velvet Choker","Calling Bell"],"picked":"Sozu"},{"not_picked":["Snecko Eye","Runic Pyramid"],"picked":"Black Star"}],"potions_floor_spawned":[4,5,14,20,21,29,37,41,42],"seed_played":"5366206776395901651","ascension_level":0,"is_trial":false}