{"gold_per_floor":[112,112,187,187,112,141,141,176,176,176,33,81,99,99,99,178,178,190,204,204,223,223,223,241,241,241,258,258,17,44,58,58,135,135,150,150,150,167,9,9,0,0,27,44,44,76,76,90,90,90],"floor_reached":50,"playtime":3556,"items_purged":[],"score":1193,"play_id":"4c5ab40d-b62e-4f9f-9241-cc127d6555e6","local_time":"20190625204616","is_ascension_mode":true,"campfire_choices":[{"data":"Neutralize","floor":7.0,"key":"SMITH"},{"floor":10.0,"key":"REST"},{"data":"A Thousand Cuts","floor":15.0,"key":"SMITH"},{"floor":23.0,"key":"REST"},{"floor":28.0,"key":"REST"},{"floor":32.0,"key":"REST"},{"data":"After Image","floor":42.0,"key":"SMITH"},{"data":"After Image","floor":45.0,"key":"SMITH"},{"data":"Tools of the Trade","floor":47.0,"key":"SMITH"},{"data":"Bullet Time","floor":49.0,"key":"SMITH"}],"neow_cost":"NONE","seed_source_timestamp":0,"circlet_count":0,"master_deck":["AscendersBane","Survivor","Neutralize+1","Dagger Throw","Quick Slash","A Thousand Cuts+1","Cloak And Dagger","Tools of the Trade+1","Backstab","Venomology","Distraction","Bullet Time+1","Reflex","After Image+1","Backflip","After Image+1","Blur","Backflip","Blur","Caltrops","Unload","Dagger Spray","Storm of Steel","Infinite Blades+1","Trip","Writhe","Infinite Blades","Backstab","Concentrate+1","Backflip+1"],"special_seed":0,"relics":["Ring of the Snake","NeowsBlessing","Ninja Scroll","Centennial Puzzle","StoneCalendar","Dodecahedron","Singing Bowl","Art of War","Bottled Tornado","Pandora\u0027s Box","Ice Cream","Blue Candle","Lee\u0027s Waffle","Gremlin Horn","Runic Pyramid","Red Mask","Bag of Preparation","Molten Egg 2"],"potions_floor_usage":[50,50,50],"damage_taken":[{"damage":0.0,"enemies":"Small Slimes","floor":1.0,"turns":1.0},{"damage":0.0,"enemies":"3 Sentries","floor":6.0,"turns":1.0},{"damage":0.0,"enemies":"Lagavulin","floor":8.0,"turns":1.0},{"damage":4.0,"enemies":"Jaw Worm","floor":13.0,"turns":2.0},{"damage":10.0,"enemies":"The Guardian","floor":16.0,"turns":10.0},{"damage":12.0,"enemies":"Chosen","floor":18.0,"turns":4.0},{"damage":13.0,"enemies":"Spheric Guardian","floor":19.0,"turns":4.0},{"damage":30.0,"enemies":"Centurion and Healer","floor":21.0,"turns":5.0},{"damage":10.0,"enemies":"Snecko","floor":24.0,"turns":5.0},{"damage":3.0,"enemies":"Snake Plant","floor":27.0,"turns":5.0},{"damage":37.0,"enemies":"Slavers","floor":30.0,"turns":5.0},{"damage":18.0,"enemies":"Centurion and Healer","floor":31.0,"turns":4.0},{"damage":50.0,"enemies":"Champ","floor":33.0,"turns":17.0},{"damage":0.0,"enemies":"3 Darklings","floor":35.0,"turns":3.0},{"damage":3.0,"enemies":"Orb Walker","floor":38.0,"turns":2.0},{"damage":0.0,"enemies":"Giant Head","floor":40.0,"turns":1.0},{"damage":3.0,"enemies":"4 Shapes","floor":44.0,"turns":3.0},{"damage":1.0,"enemies":"Reptomancer","floor":46.0,"turns":4.0},{"damage":4.0,"enemies":"Transient","floor":48.0,"turns":6.0},{"damage":82,"enemies":"Awakened One","floor":50,"turns":8}],"seed_played":"2367150481194408988","potions_obtained":[{"floor":6.0,"key":"GamblersBrew"},{"floor":13.0,"key":"FearPotion"},{"floor":16.0,"key":"AttackPotion"},{"floor":18.0,"key":"GamblersBrew"},{"floor":24.0,"key":"EntropicBrew"},{"floor":33.0,"key":"Fire Potion"},{"floor":44.0,"key":"GamblersBrew"},{"floor":46.0,"key":"PowerPotion"}],"is_trial":false,"path_per_floor":["M","?","?","?","?","E","R","E","T","R","$","T","M","T","R","B",null,"M","M","?","M","?","R","M","?","T","M","R","$","E","M","R","B",null,"M","?","?","M","$","E","?","R","T","M","R","E","R","M","R","B"],"character_chosen":"THE_SILENT","items_purchased":["A Thousand Cuts","Cloak And Dagger","Lee\u0027s Waffle","Dagger Spray","Infinite Blades","Backstab"],"campfire_rested":4,"item_purchase_floors":[11,11,29,29,39,39],"current_hp_per_floor":[59,59,48,37,37,37,37,37,37,56,56,56,54,54,54,44,62,50,37,37,9,9,30,20,20,20,19,40,79,44,28,52,17,67,67,67,83,82,82,82,82,82,82,79,79,78,78,76,76,0],"gold":90,"neow_bonus":"THREE_ENEMY_KILL","is_prod":false,"is_daily":false,"chose_seed":false,"campfire_upgraded":6,"win_rate":0,"timestamp":1561517176,"path_taken":["M","?","?","?","?","E","R","E","T","R","$","?","?","?","R","BOSS","M","M","?","?","?","R","M","?","T","M","R","$","E","M","R","BOSS","M","?","?","M","$","E","?","R","T","M","R","E","R","M","R","BOSS"],"build_version":"2019-06-24","purchased_purges":0,"victory":false,"max_hp_per_floor":[66,66,66,66,66,66,66,66,66,66,66,66,68,68,68,68,68,68,68,68,70,70,70,70,70,70,72,72,79,81,83,83,83,83,83,83,83,85,85,85,85,85,85,85,85,85,85,87,87,87],"card_choices":[{"not_picked":["Deadly Poison","PiercingWail"],"picked":"Dagger Throw","floor":1.0},{"not_picked":["Quick Slash","Setup"],"picked":"Dodge and Roll","floor":6.0},{"not_picked":["Blade Dance","Night Terror"],"picked":"Quick Slash","floor":8.0},{"not_picked":["Deflect","Setup","Prepared"],"picked":"Singing Bowl","floor":13.0},{"not_picked":["Wraith Form v2","Die Die Die"],"picked":"Tools of the Trade","floor":16.0},{"not_picked":["Dodge and Roll","Prepared"],"picked":"Blur","floor":18.0},{"not_picked":["Cloak And Dagger","Setup"],"picked":"Backflip","floor":19.0},{"not_picked":["Deflect","Skewer","Dagger Spray"],"picked":"Singing Bowl","floor":21.0},{"not_picked":["Flying Knee","Dagger Spray"],"picked":"Blur","floor":24.0},{"not_picked":["Phantasmal Killer","Outmaneuver","Acrobatics"],"picked":"Singing Bowl","floor":27.0},{"not_picked":["Blade Dance","Poisoned Stab","Dagger Throw"],"picked":"Singing Bowl","floor":30.0},{"not_picked":["PiercingWail","Reflex","Flying Knee"],"picked":"Singing Bowl","floor":31.0},{"not_picked":["Bullet Time","Wraith Form v2"],"picked":"Storm of Steel","floor":33.0},{"not_picked":["Calculated Gamble+1","Dagger Spray+1"],"picked":"Infinite Blades+1","floor":35.0},{"not_picked":["Mind Blast","Metamorphosis"],"picked":"Trip","floor":36.0},{"not_picked":["Dagger Spray","Deadly Poison","Dash"],"picked":"Singing Bowl","floor":38.0},{"not_picked":["Bane+1","Outmaneuver"],"picked":"Concentrate+1","floor":44.0},{"not_picked":["Acrobatics","Bouncing Flask+1"],"picked":"Backflip+1","floor":46.0},{"not_picked":["Poisoned Stab+1","Cloak And Dagger","Flying Knee+1"],"picked":"Singing Bowl","floor":48.0}],"player_experience":1099281,"relics_obtained":[{"floor":6.0,"key":"StoneCalendar"},{"floor":8.0,"key":"Dodecahedron"},{"floor":9.0,"key":"Singing Bowl"},{"floor":12.0,"key":"Art of War"},{"floor":14.0,"key":"Bottled Tornado"},{"floor":26.0,"key":"Blue Candle"},{"floor":30.0,"key":"Gremlin Horn"},{"floor":43.0,"key":"Bag of Preparation"},{"floor":46.0,"key":"Molten Egg 2"}],"event_choices":[{"damage_healed":0.0,"max_hp_gain":0.0,"max_hp_loss":0.0,"gold_gain":0.0,"event_name":"Big Fish","player_choice":"Box","floor":2.0,"gold_loss":0.0,"damage_taken":0.0,"relics_obtained":["Ninja Scroll"],"cards_obtained":["Regret"]},{"damage_healed":0.0,"max_hp_gain":0.0,"max_hp_loss":0.0,"gold_gain":75.0,"event_name":"World of Goop","player_choice":"Gather Gold","floor":3.0,"gold_loss":0.0,"damage_taken":11.0},{"damage_healed":0.0,"max_hp_gain":0.0,"max_hp_loss":0.0,"gold_gain":0.0,"event_name":"Scrap Ooze","player_choice":"Success","floor":4.0,"gold_loss":0.0,"damage_taken":11.0,"relics_obtained":["Centennial Puzzle"]},{"cards_removed":["Regret"],"damage_healed":0.0,"max_hp_gain":0.0,"max_hp_loss":0.0,"gold_gain":0.0,"event_name":"The Cleric","player_choice":"Card Removal","floor":5.0,"gold_loss":75.0,"damage_taken":0.0},{"cards_removed":["Wraith Form v2"],"damage_healed":0.0,"max_hp_gain":0.0,"max_hp_loss":0.0,"gold_gain":0.0,"event_name":"WeMeetAgain","player_choice":"Gave Card","floor":20.0,"gold_loss":0.0,"damage_taken":0.0,"relics_obtained":["Ice Cream"]},{"damage_healed":0.0,"max_hp_gain":0.0,"max_hp_loss":0.0,"gold_gain":0.0,"event_name":"Ghosts","player_choice":"Ignored","floor":22.0,"gold_loss":0.0,"damage_taken":0.0},{"damage_healed":0.0,"max_hp_gain":0.0,"max_hp_loss":0.0,"gold_gain":0.0,"cards_transformed":["Dodge and Roll","Eviscerate"],"event_name":"Drug Dealer","player_choice":"Became Test Subject","floor":25.0,"gold_loss":0.0,"damage_taken":0.0,"cards_obtained":["Caltrops","Unload"]},{"damage_healed":0.0,"max_hp_gain":0.0,"max_hp_loss":0.0,"gold_gain":0.0,"event_name":"SensoryStone","player_choice":"Memory 1","floor":36.0,"gold_loss":0.0,"damage_taken":0.0},{"damage_healed":17.0,"max_hp_gain":0.0,"max_hp_loss":0.0,"gold_gain":0.0,"event_name":"Winding Halls","player_choice":"Writhe","floor":37.0,"gold_loss":0.0,"damage_taken":0.0,"cards_obtained":["Writhe"]},{"damage_healed":0.0,"max_hp_gain":0.0,"max_hp_loss":0.0,"gold_gain":0.0,"event_name":"Tomb of Lord Red Mask","player_choice":"Paid","floor":41.0,"gold_loss":9.0,"damage_taken":0.0,"relics_obtained":["Red Mask"]}],"is_beta":true,"boss_relics":[{"not_picked":["Coffee Dripper","WristBlade"],"picked":"Pandora\u0027s Box"},{"not_picked":["Fusion Hammer","Tiny House"],"picked":"Runic Pyramid"}],"items_purged_floors":[],"is_endless":false,"potions_floor_spawned":[6,13,16,18,24,27,31,33,44,46],"killed_by":"Awakened One","ascension_level":19}