{"gold_per_floor":[119,119,139,139,150,150,161,161,161,161,161,174,324,343,343,343],"floor_reached":16,"playtime":1110,"items_purged":[],"score":179,"play_id":"d38b01f8-e162-4fca-9bb7-11b10f0fb843","local_time":"20181112113340","is_ascension_mode":true,"campfire_choices":[{"floor":6,"key":"REST"},{"data":"Well Laid Plans","floor":8,"key":"SMITH"},{"data":"Dagger Spray","floor":10,"key":"SMITH"},{"data":"Backflip","floor":15,"key":"SMITH"}],"neow_cost":"NONE","seed_source_timestamp":667470237618808,"circlet_count":0,"master_deck":["AscendersBane","Defend_G","Defend_G","Defend_G","Defend_G","Defend_G+1","Strike_G","Strike_G+1","Strike_G","Strike_G","Strike_G","Survivor","Neutralize+1","Backstab","Backflip+1","Well Laid Plans+1","Dagger Spray+1","PiercingWail","Doubt","Backflip"],"relics":["Ring of the Snake","NeowsBlessing","Boot","Paper Crane"],"potions_floor_usage":[14,14],"damage_taken":[{"damage":0,"enemies":"Small Slimes","floor":1,"turns":1},{"damage":0,"enemies":"Cultist","floor":3,"turns":1},{"damage":0,"enemies":"2 Louse","floor":5,"turns":1},{"damage":0,"enemies":"2 Fungi Beasts","floor":7,"turns":3},{"damage":0,"enemies":"Blue Slaver","floor":12,"turns":3},{"damage":1,"enemies":"Exordium Thugs","floor":14,"turns":5},{"damage":62,"enemies":"Hexaghost","floor":16,"turns":16}],"seed_played":"-7848484043846309378","potions_obtained":[{"floor":3,"key":"Explosive Potion"},{"floor":12,"key":"Regen Potion"}],"is_trial":false,"path_per_floor":["M","?","M","?","M","R","M","R","T","R","?","M","?","M","R","B"],"character_chosen":"THE_SILENT","items_purchased":[],"campfire_rested":1,"item_purchase_floors":[],"current_hp_per_floor":[59,59,59,39,39,58,58,58,58,58,47,47,47,60,60,0],"gold":343,"neow_bonus":"THREE_ENEMY_KILL","is_prod":false,"is_daily":false,"chose_seed":false,"campfire_upgraded":3,"win_rate":0,"timestamp":1542040420,"path_taken":["M","?","?","?","M","R","M","R","T","R","?","M","?","M","R","BOSS"],"build_version":"2018-11-08","purchased_purges":0,"victory":false,"max_hp_per_floor":[66,66,66,66,66,66,66,66,66,66,66,66,66,66,66,66],"card_choices":[{"not_picked":["Dagger Throw","All Out Attack"],"picked":"Backstab","floor":1},{"not_picked":["Outmaneuver","Slice"],"picked":"Backflip","floor":3},{"not_picked":["Dagger Spray","Slice"],"picked":"Well Laid Plans","floor":5},{"not_picked":["Dodge and Roll","Finisher"],"picked":"Dagger Spray","floor":7},{"not_picked":["Slice","Quick Slash"],"picked":"PiercingWail","floor":12},{"not_picked":["Eviscerate","Slice"],"picked":"Backflip","floor":14}],"player_experience":2228750,"relics_obtained":[{"floor":9,"key":"Boot"}],"event_choices":[{"damage_healed":0,"gold_gain":0,"player_choice":"Upgraded","damage_taken":0,"max_hp_gain":0,"max_hp_loss":0,"event_name":"Upgrade Shrine","floor":2,"gold_loss":0,"cards_upgraded":["Neutralize"]},{"damage_healed":0,"gold_gain":0,"player_choice":"Entered Light","damage_taken":20,"max_hp_gain":0,"max_hp_loss":0,"event_name":"Shining Light","floor":4,"gold_loss":0,"cards_upgraded":["Strike_G","Defend_G"]},{"damage_healed":0,"gold_gain":0,"player_choice":"Success","damage_taken":11,"relics_obtained":["Paper Crane"],"max_hp_gain":0,"max_hp_loss":0,"event_name":"Scrap Ooze","floor":11,"gold_loss":0},{"damage_healed":0,"gold_gain":150,"player_choice":"AGREE","damage_taken":0,"max_hp_gain":0,"max_hp_loss":0,"event_name":"Liars Game","floor":13,"gold_loss":0,"cards_obtained":["Doubt"]}],"is_beta":false,"boss_relics":[],"items_purged_floors":[],"is_endless":false,"potions_floor_spawned":[3,12],"killed_by":"Hexaghost","ascension_level":19}