{"gold_per_floor":[111,261,261,272,290,290,255,288,313,313,338,52,62,80,80,80],"floor_reached":16,"playtime":747,"items_purged":[],"score":204,"play_id":"2a9c23ec-bc2f-4943-bf27-4fac83b81185","local_time":"20190509233756","is_ascension_mode":true,"campfire_choices":[{"data":"Neutralize","floor":6,"key":"SMITH"},{"data":"Calculated Gamble","floor":10,"key":"SMITH"},{"floor":15,"key":"REST"}],"neow_cost":"NONE","seed_source_timestamp":2521978991150590,"circlet_count":0,"master_deck":["AscendersBane","Defend_G","Defend_G","Defend_G","Defend_G","Defend_G","Strike_G","Strike_G","Strike_G","Strike_G","Strike_G","Survivor","Neutralize+1","Calculated Gamble+1","Cloak And Dagger","Cloak And Dagger","Dagger Spray","PiercingWail","Dagger Throw","Choke"],"relics":["Ring of the Snake","Strawberry","Art of War","Bag of Preparation","Ninja Scroll"],"potions_floor_usage":[8,11,14,16],"damage_taken":[{"damage":3,"enemies":"2 Louse","floor":1,"turns":3},{"damage":4,"enemies":"Jaw Worm","floor":4,"turns":5},{"damage":4,"enemies":"Small Slimes","floor":5,"turns":5},{"damage":22,"enemies":"Lagavulin","floor":8,"turns":9},{"damage":21,"enemies":"Gremlin Nob","floor":11,"turns":5},{"damage":1,"enemies":"Exordium Wildlife","floor":13,"turns":6},{"damage":5,"enemies":"Exordium Thugs","floor":14,"turns":4},{"damage":47,"enemies":"The Guardian","floor":16,"turns":13}],"seed_played":"-5979903266728755195","potions_obtained":[{"floor":1,"key":"GamblersBrew"},{"floor":4,"key":"Explosive Potion"},{"floor":5,"key":"Fire Potion"},{"floor":8,"key":"PowerPotion"},{"floor":14,"key":"SteroidPotion"}],"is_trial":false,"path_per_floor":["M","?","?","M","M","R","?","E","T","R","E","$","M","M","R","B"],"character_chosen":"THE_SILENT","items_purchased":["Ninja Scroll"],"campfire_rested":1,"item_purchase_floors":[12],"current_hp_per_floor":[62,62,55,51,47,47,65,50,50,50,29,29,28,23,46,0],"gold":80,"neow_bonus":"TEN_PERCENT_HP_BONUS","is_prod":false,"is_daily":false,"chose_seed":false,"campfire_upgraded":2,"win_rate":0,"timestamp":1557466676,"path_taken":["M","?","?","M","M","R","?","E","T","R","E","$","M","M","R","BOSS"],"build_version":"2019-05-07","purchased_purges":0,"victory":false,"max_hp_per_floor":[72,72,72,72,72,72,72,79,79,79,79,79,79,79,79,79],"card_choices":[{"not_picked":["Setup","Accuracy"],"picked":"Calculated Gamble","floor":1},{"not_picked":["Accuracy","Escape Plan"],"picked":"Cloak And Dagger","floor":4},{"not_picked":["Dodge and Roll","Deadly Poison"],"picked":"Cloak And Dagger","floor":5},{"not_picked":["Outmaneuver","Cloak And Dagger"],"picked":"Dagger Spray","floor":8},{"not_picked":["Flying Knee","Crippling Poison"],"picked":"PiercingWail","floor":11},{"not_picked":["Distraction","Flying Knee"],"picked":"Dagger Throw","floor":13},{"not_picked":["Blade Dance","Sucker Punch"],"picked":"Choke","floor":14}],"player_experience":983620,"relics_obtained":[{"floor":8,"key":"Strawberry"},{"floor":9,"key":"Art of War"},{"floor":11,"key":"Bag of Preparation"}],"event_choices":[{"damage_healed":0,"gold_gain":150,"player_choice":"AGREE","damage_taken":0,"max_hp_gain":0,"max_hp_loss":0,"event_name":"Liars Game","floor":2,"gold_loss":0,"cards_obtained":["Doubt"]},{"cards_removed":["Doubt"],"damage_healed":0,"gold_gain":0,"player_choice":"Card Removal","damage_taken":7,"max_hp_gain":0,"max_hp_loss":0,"event_name":"Golden Wing","floor":3,"gold_loss":0},{"damage_healed":18,"gold_gain":0,"player_choice":"Healed","damage_taken":0,"max_hp_gain":0,"max_hp_loss":0,"event_name":"The Cleric","floor":7,"gold_loss":35}],"is_beta":true,"boss_relics":[],"items_purged_floors":[],"is_endless":false,"potions_floor_spawned":[1,4,5,8,14],"killed_by":"The Guardian","ascension_level":17}