{"gold_per_floor":[115,132,146,146,146,164,164,182,207,207,41,41,57,207,207,282,282,299,224,243,223,223,223],"floor_reached":23,"playtime":1358,"items_purged":[],"score":357,"play_id":"6aeea4e9-acff-46ee-9989-ae800da339c3","local_time":"20190708170105","is_ascension_mode":true,"campfire_choices":[{"data":"Caltrops","floor":7.0,"key":"SMITH"},{"data":"Backflip","floor":10.0,"key":"SMITH"},{"data":"Footwork","floor":12.0,"key":"SMITH"},{"data":"Dodge and Roll","floor":15.0,"key":"SMITH"}],"neow_cost":"NONE","seed_source_timestamp":0,"circlet_count":0,"master_deck":["AscendersBane","Strike_G","Strike_G","Strike_G","Strike_G","Strike_G","Defend_G","Defend_G","Defend_G","Defend_G","Defend_G","Survivor","Neutralize+1","Dagger Throw","Underhanded Strike","Caltrops+1","Backflip+1","Backflip","Footwork+1","Dodge and Roll+1","Dagger Throw","Flying Knee","Adrenaline","Crippling Poison","PiercingWail+1"],"special_seed":0,"relics":["Ring of the Snake","Calipers","Bag of Preparation","Black Star"],"potions_floor_usage":[22],"damage_taken":[{"damage":10.0,"enemies":"Jaw Worm","floor":1.0,"turns":6.0},{"damage":4.0,"enemies":"Small Slimes","floor":2.0,"turns":3.0},{"damage":1.0,"enemies":"2 Louse","floor":3.0,"turns":3.0},{"damage":0.0,"enemies":"Red Slaver","floor":6.0,"turns":5.0},{"damage":1.0,"enemies":"Looter","floor":8.0,"turns":4.0},{"damage":2.0,"enemies":"Large Slime","floor":13.0,"turns":9.0},{"damage":7.0,"enemies":"Slime Boss","floor":16.0,"turns":12.0},{"damage":18.0,"enemies":"Spheric Guardian","floor":18.0,"turns":8.0},{"damage":11.0,"enemies":"Shell Parasite","floor":20.0,"turns":7.0},{"damage":0,"enemies":"3 Cultists","floor":22,"turns":1},{"damage":52,"enemies":"Gremlin Leader","floor":23,"turns":7}],"seed_played":"-1646118459081663727","potions_obtained":[{"floor":6.0,"key":"EntropicBrew"},{"floor":8.0,"key":"FearPotion"},{"floor":18.0,"key":"SmokeBomb"},{"floor":21.0,"key":"FearPotion"}],"is_trial":false,"path_per_floor":["M","M","M","?","T","M","R","M","T","R","$","R","M","?","R","B",null,"M","?","M","?","M","E"],"character_chosen":"THE_SILENT","items_purchased":["Footwork","Dodge and Roll","Dagger Throw"],"campfire_rested":0,"item_purchase_floors":[11,11,11],"current_hp_per_floor":[55,51,50,50,50,50,50,49,49,49,49,49,47,47,47,40,64,46,46,44,44,44,0],"gold":223,"neow_bonus":"TEN_PERCENT_HP_BONUS","is_prod":false,"is_daily":false,"chose_seed":false,"campfire_upgraded":4,"win_rate":0,"timestamp":1562626865,"path_taken":["M","M","M","?","?","M","R","M","T","R","$","R","M","?","R","BOSS","M","?","M","?","?","E"],"build_version":"2019-07-03","purchased_purges":0,"victory":false,"max_hp_per_floor":[72,72,72,72,72,72,72,72,72,72,72,72,72,72,72,72,72,72,72,72,72,72,72],"card_choices":[{"not_picked":["Cloak And Dagger","Poisoned Stab"],"picked":"Dagger Throw","floor":1.0},{"not_picked":["Slice","Catalyst"],"picked":"Underhanded Strike","floor":2.0},{"not_picked":["Dagger Spray","Blade Dance"],"picked":"Caltrops","floor":3.0},{"not_picked":["Setup","Accuracy"],"picked":"Backflip","floor":6.0},{"not_picked":["Blade Dance","Masterful Stab"],"picked":"Backflip","floor":8.0},{"not_picked":["Bouncing Flask","Backflip"],"picked":"Flying Knee","floor":13.0},{"not_picked":["Bullet Time","Die Die Die"],"picked":"Adrenaline","floor":16.0},{"not_picked":["Quick Slash","Expertise"],"picked":"Crippling Poison","floor":18.0},{"not_picked":["Masterful Stab","Quick Slash"],"picked":"PiercingWail+1","floor":20.0}],"player_experience":1155875,"relics_obtained":[{"floor":5.0,"key":"Calipers"},{"floor":9.0,"key":"Bag of Preparation"}],"event_choices":[{"damage_healed":0.0,"max_hp_gain":0.0,"max_hp_loss":0.0,"gold_gain":0.0,"event_name":"Living Wall","player_choice":"Grow","floor":4.0,"gold_loss":0.0,"damage_taken":0.0,"cards_upgraded":["Neutralize"]},{"damage_healed":0.0,"max_hp_gain":0.0,"max_hp_loss":0.0,"gold_gain":150.0,"event_name":"Liars Game","player_choice":"AGREE","floor":14.0,"gold_loss":0.0,"damage_taken":0.0,"cards_obtained":["Doubt"]},{"cards_removed":["Doubt"],"damage_healed":0.0,"max_hp_gain":0.0,"max_hp_loss":0.0,"gold_gain":0.0,"event_name":"Beggar","player_choice":"Gave Gold","floor":19.0,"gold_loss":75.0,"damage_taken":0.0},{"damage_healed":0.0,"max_hp_gain":0.0,"max_hp_loss":0.0,"gold_gain":0.0,"event_name":"The Woman in Blue","player_choice":"Bought 1 Potion","floor":21.0,"gold_loss":0.0,"damage_taken":0.0}],"is_beta":true,"boss_relics":[{"not_picked":["Snecko Eye","WristBlade"],"picked":"Black Star"}],"items_purged_floors":[],"is_endless":false,"potions_floor_spawned":[6,8,18],"killed_by":"Gremlin Leader","ascension_level":19}