{"gold_per_floor":[109,123,26,26,26,53,53,82,82,82,5,5,5,17,17,114,114,125,139,157,72,84,96,128,140,175,43,43,62,76,76,76,172,172,184,184,203,203,223,223,235,235,235,253,73,91,109,127,127,127],"floor_reached":51,"playtime":2655,"items_purged":["Strike_G"],"score":734,"play_id":"8b0defdb-6552-47bd-9658-d8d3cbbeacde","local_time":"20190720235851","is_ascension_mode":false,"campfire_choices":[{"data":"Accuracy","floor":10,"key":"SMITH"},{"data":"Blade Dance","floor":12,"key":"SMITH"},{"data":"Accuracy","floor":15,"key":"SMITH"},{"data":"Night Terror","floor":23,"key":"SMITH"},{"data":"Backflip","floor":25,"key":"SMITH"},{"data":"Noxious Fumes","floor":28,"key":"SMITH"},{"data":"Backflip","floor":32,"key":"SMITH"},{"data":"A Thousand Cuts","floor":40,"key":"SMITH"},{"data":"Calculated Gamble","floor":42,"key":"SMITH"},{"floor":49,"key":"REST"}],"neow_cost":"NONE","seed_source_timestamp":860390481796848,"circlet_count":0,"master_deck":["Strike_G+1","Strike_G+1","Strike_G+1","Strike_G+1","Defend_G+1","Defend_G+1","Defend_G+1","Defend_G+1","Defend_G+1","Survivor+1","Neutralize+1","Well Laid Plans+1","Blade Dance+1","Poisoned Stab","Accuracy+1","Accuracy+1","Backflip+1","Night Terror+1","Cloak And Dagger+1","Infinite Blades","Infinite Blades","Backflip+1","Noxious Fumes+1","A Thousand Cuts+1","Calculated Gamble+1","Accuracy+1","Cloak And Dagger+1","PiercingWail+1","Burst","Footwork","Dodge and Roll+1","Choke+1","Backflip+1"],"relics":["Ring of the Snake","NeowsBlessing","Bottled Tornado","Ninja Scroll","Question Card","Eternal Feather","MawBank","Oddly Smooth Stone","WristBlade","Snake Skull","Pen Nib"],"potions_floor_usage":[8,16,19,33,33,39,50,50,50],"damage_taken":[{"damage":0,"enemies":"Jaw Worm","floor":1,"turns":1},{"damage":0,"enemies":"Small Slimes","floor":2,"turns":1},{"damage":0,"enemies":"3 Sentries","floor":6,"turns":1},{"damage":2,"enemies":"Lagavulin","floor":8,"turns":7},{"damage":0,"enemies":"2 Louse","floor":14,"turns":1},{"damage":0,"enemies":"Slime Boss","floor":16,"turns":7},{"damage":0,"enemies":"Chosen","floor":18,"turns":6},{"damage":5,"enemies":"Spheric Guardian","floor":19,"turns":3},{"damage":9,"enemies":"Snake Plant","floor":20,"turns":6},{"damage":0,"enemies":"Sentry and Sphere","floor":24,"turns":3},{"damage":12,"enemies":"Cultist and Chosen","floor":29,"turns":5},{"damage":1,"enemies":"Snake Plant","floor":30,"turns":4},{"damage":25,"enemies":"Collector","floor":33,"turns":7},{"damage":1,"enemies":"Orb Walker","floor":35,"turns":3},{"damage":0,"enemies":"3 Shapes","floor":37,"turns":5},{"damage":4,"enemies":"Transient","floor":39,"turns":5},{"damage":10,"enemies":"Jaw Worm Horde","floor":41,"turns":3},{"damage":18,"enemies":"Spire Growth","floor":44,"turns":5},{"damage":12,"enemies":"3 Darklings","floor":46,"turns":4},{"damage":0,"enemies":"Sphere and 2 Shapes","floor":47,"turns":5},{"damage":1,"enemies":"Maw","floor":48,"turns":8},{"damage":61,"enemies":"Awakened One","floor":50,"turns":19}],"seed_played":"792856427054616232","potions_obtained":[{"floor":1,"key":"Ancient Potion"},{"floor":6,"key":"SneckoOil"},{"floor":14,"key":"SteroidPotion"},{"floor":16,"key":"FearPotion"},{"floor":18,"key":"Dexterity Potion"},{"floor":24,"key":"SneckoOil"},{"floor":29,"key":"SkillPotion"},{"floor":33,"key":"GhostInAJar"},{"floor":37,"key":"GhostInAJar"},{"floor":39,"key":"SpeedPotion"}],"is_trial":false,"path_per_floor":["M","M","$","?","?","E","?","E","T","R","$","R","$","M","R","B",null,"M","M","M","?","?","R","M","R","T","$","R","M","M","?","R","B",null,"M","?","M","?","M","R","M","R","T","M","$","M","M","M","R","B",null],"character_chosen":"THE_SILENT","items_purchased":["Poisoned Stab","SteroidPotion","Accuracy","Noxious Fumes","Footwork","Pen Nib"],"campfire_rested":1,"item_purchase_floors":[3,3,11,27,45,45],"current_hp_per_floor":[70,70,70,56,56,56,56,54,54,54,54,54,54,54,54,54,70,70,65,56,56,56,68,68,70,70,70,70,58,57,57,69,44,70,69,69,69,69,65,70,60,70,70,52,52,40,40,39,70,9],"gold":127,"neow_bonus":"THREE_ENEMY_KILL","is_prod":false,"is_daily":false,"chose_seed":false,"campfire_upgraded":9,"win_rate":0,"timestamp":1563681531,"path_taken":["M","M","$","?","?","E","?","E","T","R","$","R","$","M","R","BOSS","M","M","M","?","?","R","M","R","T","$","R","M","?","?","R","BOSS","M","?","M","?","M","R","M","R","T","M","$","?","M","M","R","BOSS"],"build_version":"2019-07-17","purchased_purges":1,"victory":true,"max_hp_per_floor":[70,70,70,70,70,70,70,70,70,70,70,70,70,70,70,70,70,70,70,70,70,70,70,70,70,70,70,70,70,70,70,70,70,70,70,70,70,70,70,70,70,70,70,70,70,70,70,70,70,70],"card_choices":[{"not_picked":["Expertise","Slice"],"picked":"Well Laid Plans","floor":1},{"not_picked":["Acrobatics","Catalyst"],"picked":"Blade Dance","floor":2},{"not_picked":["Underhanded Strike","Well Laid Plans","Concentrate"],"picked":"SKIP","floor":6},{"not_picked":["Reflex","Corpse Explosion"],"picked":"Accuracy","floor":8},{"not_picked":["Underhanded Strike","Bane","Predator"],"picked":"Backflip","floor":14},{"not_picked":["Venomology","Die Die Die","Adrenaline"],"picked":"Night Terror","floor":16},{"not_picked":["Poisoned Stab","Bane","Acrobatics"],"picked":"Cloak And Dagger+1","floor":18},{"not_picked":["Backflip","Deadly Poison+1","Deflect"],"picked":"Infinite Blades","floor":19},{"not_picked":["Quick Slash","Reflex","Dodge and Roll"],"picked":"Infinite Blades","floor":20},{"not_picked":["A Thousand Cuts","Finisher","Slice+1"],"picked":"Backflip","floor":24},{"not_picked":["Bane","Expertise","Dagger Spray","Deadly Poison"],"picked":"SKIP","floor":29},{"not_picked":["Slice","Quick Slash","Dagger Spray","Dagger Throw"],"picked":"SKIP","floor":30},{"not_picked":["Grand Finale","Tools of the Trade","Unload"],"picked":"A Thousand Cuts","floor":33},{"not_picked":["Quick Slash","Dodge and Roll","Tactician"],"picked":"Calculated Gamble","floor":35},{"not_picked":["Acrobatics","Bane+1","Cloak And Dagger","Deflect"],"picked":"SKIP","floor":37},{"not_picked":["Dagger Spray+1","Predator","Calculated Gamble+1"],"picked":"Cloak And Dagger+1","floor":39},{"not_picked":["Acrobatics","Finisher","Leg Sweep"],"picked":"PiercingWail+1","floor":41},{"not_picked":["Underhanded Strike","Skewer+1","Blur+1"],"picked":"Burst","floor":44},{"not_picked":["Prepared+1","Poisoned Stab","Distraction"],"picked":"Dodge and Roll+1","floor":46},{"not_picked":["Underhanded Strike","Deflect","Slice+1"],"picked":"Choke+1","floor":47},{"not_picked":["Acrobatics","Slice+1","Backstab+1"],"picked":"Backflip+1","floor":48}],"player_experience":4066192,"relics_obtained":[{"floor":6,"key":"Bottled Tornado"},{"floor":8,"key":"Ninja Scroll"},{"floor":9,"key":"Question Card"},{"floor":26,"key":"Oddly Smooth Stone"},{"floor":43,"key":"Snake Skull"}],"event_choices":[{"damage_healed":0,"gold_gain":0,"player_choice":"Entered Light","damage_taken":14,"max_hp_gain":0,"max_hp_loss":0,"event_name":"Shining Light","floor":4,"gold_loss":0,"cards_upgraded":["Survivor","Defend_G"]},{"damage_healed":0,"gold_gain":0,"player_choice":"Grow","damage_taken":0,"max_hp_gain":0,"max_hp_loss":0,"event_name":"Living Wall","floor":5,"gold_loss":0,"cards_upgraded":["Neutralize"]},{"damage_healed":0,"gold_gain":0,"player_choice":"Ignored","damage_taken":0,"max_hp_gain":0,"max_hp_loss":0,"event_name":"Liars Game","floor":7,"gold_loss":0},{"damage_healed":0,"gold_gain":0,"player_choice":"Obtained Relic","damage_taken":0,"relics_obtained":["MawBank"],"max_hp_gain":0,"max_hp_loss":0,"event_name":"Addict","floor":21,"gold_loss":85},{"damage_healed":0,"gold_gain":0,"player_choice":"Forge","damage_taken":0,"max_hp_gain":0,"max_hp_loss":0,"event_name":"Accursed Blacksmith","floor":22,"gold_loss":0,"cards_upgraded":["Well Laid Plans"]},{"damage_healed":0,"gold_gain":0,"player_choice":"Simplicity","damage_taken":0,"max_hp_gain":0,"max_hp_loss":0,"event_name":"Back to Basics","floor":31,"gold_loss":0,"cards_upgraded":["Strike_G","Strike_G","Strike_G","Strike_G","Defend_G","Defend_G","Defend_G","Defend_G"]},{"damage_healed":0,"gold_gain":0,"player_choice":"Ignored","damage_taken":0,"max_hp_gain":0,"max_hp_loss":0,"event_name":"Mysterious Sphere","floor":36,"gold_loss":0},{"damage_healed":0,"gold_gain":0,"player_choice":"Copied","damage_taken":0,"max_hp_gain":0,"max_hp_loss":0,"event_name":"Duplicator","floor":38,"gold_loss":0,"cards_obtained":["Accuracy"]}],"is_beta":false,"boss_relics":[{"not_picked":["HoveringKite","Lizard Tail"],"picked":"Eternal Feather"},{"not_picked":["Runic Dome","Sozu"],"picked":"WristBlade"}],"items_purged_floors":[27],"is_endless":false,"potions_floor_spawned":[1,6,14,16,18,24,29,33,37,39,41,46],"ascension_level":0}