{"gold_per_floor":[114,129,144,9,24,54,54,54,104,119,119,149,149,164,164,264,264,279,294,309,309,324,354,354,369,394,424,439,439,439,454,454,554,554,569,584,599,614,4,4,4,34,34,64,79,79,79,0,0,0],"floor_reached":51,"playtime":3329,"items_purged":[],"score":961,"play_id":"de08ef07-f992-4be2-af41-6ffe709aeee6","local_time":"20190519013904","daily_mods":["SealedDeck","Vintage","Lethality"],"is_ascension_mode":false,"campfire_choices":[{"data":"Sword Boomerang","floor":8,"key":"SMITH"},{"data":"Uppercut","floor":11,"key":"SMITH"},{"data":"Inflame","floor":15,"key":"SMITH"},{"data":"Dual Wield","floor":24,"key":"SMITH"},{"data":"Metallicize","floor":29,"key":"SMITH"},{"data":"Warcry","floor":32,"key":"SMITH"},{"data":"Entrench","floor":40,"key":"SMITH"},{"data":"Juggernaut","floor":46,"key":"SMITH"},{"data":"Shrug It Off","floor":49,"key":"SMITH"}],"neow_cost":"","seed_source_timestamp":0,"circlet_count":0,"master_deck":["Entrench+1","Cleave+1","Burning Pact","Warcry+1","Rage","Armaments+1","Iron Wave","Sword Boomerang+1","Uppercut+1","Clothesline+1","Metallicize+1","Shrug It Off+1","Inflame+1","Feed+1","Dual Wield+1","Twin Strike+1","Juggernaut+1","Reaper+1","True Grit+1","Ghostly Armor+1"],"special_seed":18035,"relics":["Burning Blood","Pen Nib","Centennial Puzzle","Mummified Hand","Champion Belt","Mercury Hourglass","Regal Pillow","Blue Candle","Letter Opener","Kunai","Bottled Flame","White Beast Statue","Gambling Chip","Pocketwatch","Sundial","Lantern","Omamori","Potion Belt","Orichalcum","Toxic Egg 2","Meat on the Bone","Molten Egg 2","Bottled Lightning","Runic Pyramid","Bronze Scales","Singing Bowl","Charon\u0027s Ashes","Whetstone","Bag of Preparation","Incense Burner","Juzu Bracelet","Anchor","Oddly Smooth Stone","Paper Frog","The Courier","Red Mask"],"potions_floor_usage":[5,23,28,33,33,33,35,36,37,42,44,50,50],"damage_taken":[{"damage":0,"enemies":"Small Slimes","floor":1,"turns":2},{"damage":4,"enemies":"Jaw Worm","floor":2,"turns":2},{"damage":0,"enemies":"2 Louse","floor":3,"turns":2},{"damage":0,"enemies":"Gremlin Gang","floor":5,"turns":2},{"damage":4,"enemies":"3 Sentries","floor":6,"turns":3},{"damage":12,"enemies":"Exordium Thugs","floor":10,"turns":3},{"damage":7,"enemies":"Lagavulin","floor":12,"turns":4},{"damage":0,"enemies":"3 Louse","floor":14,"turns":2},{"damage":5,"enemies":"Slime Boss","floor":16,"turns":5},{"damage":4,"enemies":"Shell Parasite","floor":18,"turns":4},{"damage":10,"enemies":"2 Thieves","floor":19,"turns":2},{"damage":1,"enemies":"Centurion and Healer","floor":20,"turns":4},{"damage":0,"enemies":"Snake Plant","floor":22,"turns":2},{"damage":4,"enemies":"Book of Stabbing","floor":23,"turns":4},{"damage":1,"enemies":"Cultist and Chosen","floor":25,"turns":4},{"damage":27,"enemies":"Gremlin Leader","floor":27,"turns":3},{"damage":0,"enemies":"Snecko","floor":28,"turns":1},{"damage":0,"enemies":"Snake Plant","floor":31,"turns":2},{"damage":5,"enemies":"Collector","floor":33,"turns":6},{"damage":17,"enemies":"3 Shapes","floor":35,"turns":2},{"damage":12,"enemies":"3 Darklings","floor":36,"turns":3},{"damage":0,"enemies":"Transient","floor":37,"turns":5},{"damage":17,"enemies":"Jaw Worm Horde","floor":38,"turns":3},{"damage":12,"enemies":"Reptomancer","floor":42,"turns":4},{"damage":0,"enemies":"Giant Head","floor":44,"turns":6},{"damage":0,"enemies":"4 Shapes","floor":45,"turns":3},{"damage":30,"enemies":"Time Eater","floor":50,"turns":7}],"seed_played":"-6451152529473643589","potions_obtained":[{"floor":2,"key":"Strength Potion"},{"floor":6,"key":"SkillPotion"},{"floor":14,"key":"Explosive Potion"},{"floor":18,"key":"PowerPotion"},{"floor":23,"key":"BloodPotion"},{"floor":25,"key":"Ancient Potion"},{"floor":27,"key":"EssenceOfSteel"},{"floor":28,"key":"EssenceOfSteel"},{"floor":33,"key":"SteroidPotion"},{"floor":35,"key":"Energy Potion"},{"floor":36,"key":"Poison Potion"},{"floor":37,"key":"SkillPotion"},{"floor":38,"key":"GamblersBrew"},{"floor":42,"key":"Energy Potion"},{"floor":44,"key":"SpeedPotion"},{"floor":45,"key":"Fruit Juice"}],"is_trial":false,"path_per_floor":["M","M","M","$","M","E","?","R","T","M","R","E","?","M","R","B",null,"M","M","M","?","M","E","R","M","T","E","M","R","T","M","R","B",null,"M","M","M","M","$","R","?","E","T","E","M","R","T","?","R","B",null],"character_chosen":"IRONCLAD","items_purchased":["Metallicize","Fire Potion","Explosive Potion","Bag of Preparation","Reaper+1","Incense Burner","True Grit+1"],"campfire_rested":0,"item_purchase_floors":[4,4,4,39,39,39,39],"current_hp_per_floor":[80,80,80,80,80,80,80,80,80,74,74,73,73,79,79,80,80,84,84,91,91,95,99,99,99,99,78,84,84,84,94,94,99,107,100,98,104,97,97,97,97,119,119,129,129,129,129,129,129,129],"gold":0,"neow_bonus":"","is_prod":false,"is_daily":true,"chose_seed":false,"campfire_upgraded":9,"win_rate":0,"timestamp":1558244344,"path_taken":["M","M","M","$","M","E","?","R","T","M","R","E","?","M","R","BOSS","M","M","M","?","M","E","R","M","T","E","?","R","?","?","R","BOSS","M","M","M","M","$","R","?","E","T","E","M","R","?","?","R","BOSS"],"build_version":"2019-01-23","purchased_purges":0,"victory":true,"max_hp_per_floor":[80,80,80,80,80,80,80,80,80,80,80,80,80,80,80,80,80,84,88,91,91,95,99,99,99,99,99,99,99,99,103,103,107,107,111,115,115,119,119,119,119,123,123,129,129,129,129,129,129,129],"card_choices":[{"not_picked":["Twin Strike","Armaments"],"picked":"Shrug It Off","floor":6},{"not_picked":["Havoc","Shrug It Off"],"picked":"Inflame","floor":12},{"not_picked":["Double Tap","Berserk"],"picked":"Feed","floor":16},{"not_picked":["Anger","Whirlwind"],"picked":"Dual Wield","floor":23},{"not_picked":["Second Wind","Clash"],"picked":"Twin Strike+1","floor":27},{"not_picked":["Feed+1","Exhume+1"],"picked":"Juggernaut","floor":33},{"not_picked":["Clash+1","Wild Strike+1"],"picked":"Ghostly Armor+1","floor":42},{"not_picked":["Havoc+1","Armaments+1","Cleave+1"],"picked":"Singing Bowl","floor":44}],"player_experience":3694918,"relics_obtained":[{"floor":1,"key":"Pen Nib"},{"floor":2,"key":"Centennial Puzzle"},{"floor":3,"key":"Mummified Hand"},{"floor":5,"key":"Champion Belt"},{"floor":6,"key":"Mercury Hourglass"},{"floor":9,"key":"Regal Pillow"},{"floor":10,"key":"Blue Candle"},{"floor":12,"key":"Letter Opener"},{"floor":14,"key":"Bottled Flame"},{"floor":18,"key":"Gambling Chip"},{"floor":19,"key":"Pocketwatch"},{"floor":20,"key":"Sundial"},{"floor":22,"key":"Lantern"},{"floor":23,"key":"Omamori"},{"floor":25,"key":"Potion Belt"},{"floor":26,"key":"Orichalcum"},{"floor":27,"key":"Toxic Egg 2"},{"floor":28,"key":"Meat on the Bone"},{"floor":30,"key":"Molten Egg 2"},{"floor":31,"key":"Bottled Lightning"},{"floor":35,"key":"Bronze Scales"},{"floor":36,"key":"Singing Bowl"},{"floor":37,"key":"Charon\u0027s Ashes"},{"floor":38,"key":"Whetstone"},{"floor":42,"key":"Juzu Bracelet"},{"floor":43,"key":"Anchor"},{"floor":44,"key":"Oddly Smooth Stone"},{"floor":45,"key":"Paper Frog"},{"floor":47,"key":"The Courier"}],"event_choices":[{"damage_healed":0,"gold_gain":0,"player_choice":"Grow","damage_taken":0,"max_hp_gain":0,"max_hp_loss":0,"event_name":"Living Wall","floor":7,"gold_loss":0,"cards_upgraded":["Armaments"]},{"damage_healed":0,"gold_gain":0,"player_choice":"Searched \u00271\u0027 times","damage_taken":0,"relics_obtained":["Kunai"],"max_hp_gain":0,"max_hp_loss":0,"event_name":"Dead Adventurer","floor":13,"gold_loss":0},{"damage_healed":0,"gold_gain":0,"player_choice":"Forge","damage_taken":0,"max_hp_gain":0,"max_hp_loss":0,"event_name":"Accursed Blacksmith","floor":21,"gold_loss":0,"cards_upgraded":["Feed"]},{"damage_healed":0,"gold_gain":0,"player_choice":"Ignored","damage_taken":0,"max_hp_gain":0,"max_hp_loss":0,"event_name":"Mysterious Sphere","floor":41,"gold_loss":0},{"damage_healed":0,"gold_gain":0,"player_choice":"Paid","damage_taken":0,"relics_obtained":["Red Mask"],"max_hp_gain":0,"max_hp_loss":0,"event_name":"Tomb of Lord Red Mask","floor":48,"gold_loss":79}],"is_beta":false,"boss_relics":[{"not_picked":["Runic Dome","Philosopher\u0027s Stone"],"picked":"White Beast Statue"},{"not_picked":["Velvet Choker","Empty Cage"],"picked":"Runic Pyramid"}],"items_purged_floors":[],"is_endless":false,"potions_floor_spawned":[2,6,14,16,18,19,20,22,23,25,27,28,31,33,35,36,37,38,42,44,45],"ascension_level":0}