{"gold_per_floor":[118,131,91,111,111,144,160,160,160,160,194,210,210,238,238,335,335,354,354,389,18,30,30,55,75,75,75,75,101,30,41,41,137,137,149,149,149,13,25,57,72,72],"floor_reached":42,"playtime":3339,"items_purged":["Rupture"],"score":662,"play_id":"785a03e9-1ce8-4c48-9f05-f75228d4f355","local_time":"20190719210646","is_ascension_mode":true,"campfire_choices":[{"floor":8,"key":"REST"},{"data":"Seeing Red","floor":15,"key":"SMITH"},{"floor":23,"key":"REST"},{"floor":27,"key":"RECALL"},{"data":"Corruption","floor":32,"key":"SMITH"}],"neow_cost":"PERCENT_DAMAGE","seed_source_timestamp":7293759184102,"circlet_count":0,"master_deck":["Strike_R","Strike_R","Strike_R","Defend_R+1","Defend_R+1","Defend_R","Bash","Iron Wave","Cleave","Seeing Red+1","Perfected Strike","Armaments","Battle Trance","Iron Wave+1","Bludgeon+1","Bludgeon+1","Perfected Strike+1","Ghostly Armor","Havoc+1","Warcry","Corruption+1","Pommel Strike+1","Entrench","Reaper+1","Offering","Dual Wield+1","Madness","Madness","Feed+1","Twin Strike+1","Flash of Steel+1","Seeing Red","Double Tap","Perfected Strike+1"],"relics":["Burning Blood","Dream Catcher","Bronze Scales","Molten Egg 2","Turnip","Pocketwatch","Mark of Pain","Red Mask","Torii","Red Skull","Letter Opener","Black Star","Incense Burner","Mummified Hand"],"potions_floor_usage":[6,14,14,22,24,29,33,40],"damage_taken":[{"damage":7,"enemies":"Jaw Worm","floor":1,"turns":3},{"damage":1,"enemies":"Cultist","floor":2,"turns":3},{"damage":1,"enemies":"2 Louse","floor":4,"turns":3},{"damage":26,"enemies":"Gremlin Nob","floor":6,"turns":4},{"damage":5,"enemies":"Blue Slaver","floor":7,"turns":3},{"damage":24,"enemies":"3 Sentries","floor":11,"turns":7},{"damage":0,"enemies":"Large Slime","floor":12,"turns":5},{"damage":29,"enemies":"Lagavulin","floor":14,"turns":6},{"damage":26,"enemies":"Hexaghost","floor":16,"turns":6},{"damage":0,"enemies":"Spheric Guardian","floor":18,"turns":2},{"damage":15,"enemies":"Masked Bandits","floor":20,"turns":3},{"damage":1,"enemies":"Shell Parasite","floor":22,"turns":3},{"damage":8,"enemies":"Book of Stabbing","floor":24,"turns":4},{"damage":2,"enemies":"Shelled Parasite and Fungi","floor":25,"turns":2},{"damage":32,"enemies":"Gremlin Leader","floor":29,"turns":5},{"damage":1,"enemies":"Centurion and Healer","floor":31,"turns":4},{"damage":77,"enemies":"Collector","floor":33,"turns":8},{"damage":32,"enemies":"3 Darklings","floor":35,"turns":9},{"damage":13,"enemies":"3 Shapes","floor":39,"turns":3},{"damage":76,"enemies":"Giant Head","floor":40,"turns":7},{"damage":22,"enemies":"Transient","floor":41,"turns":5},{"damage":50,"enemies":"Maw","floor":42,"turns":4}],"seed_played":"-8768860801483832978","potions_obtained":[{"floor":3,"key":"SkillPotion"},{"floor":3,"key":"BloodPotion"},{"floor":3,"key":"FearPotion"},{"floor":4,"key":"Fire Potion"},{"floor":6,"key":"SpeedPotion"},{"floor":14,"key":"Block Potion"},{"floor":16,"key":"Weak Potion"},{"floor":18,"key":"BloodPotion"},{"floor":25,"key":"Explosive Potion"},{"floor":29,"key":"SpeedPotion"},{"floor":31,"key":"Regen Potion"},{"floor":41,"key":"SkillPotion"}],"is_trial":false,"path_per_floor":["M","M","?","M","?","E","M","R","T","?","E","M","T","E","R","B",null,"M","?","?","$","M","R","E","M","T","R","?","E","$","M","R","B",null,"M","?","?","$","M","E","M","M"],"character_chosen":"IRONCLAD","items_purchased":["Torii","Entrench","Twin Strike+1","Flash of Steel+1"],"campfire_rested":2,"item_purchase_floors":[21,30,38,38],"current_hp_per_floor":[50,55,55,60,44,24,25,49,49,54,36,42,42,40,40,20,69,75,59,50,50,55,82,80,84,84,84,84,58,58,63,63,22,73,52,41,41,41,59,24,20,0],"gold":72,"neow_bonus":"TRANSFORM_TWO_CARDS","is_prod":false,"is_daily":false,"chose_seed":false,"campfire_upgraded":2,"win_rate":0,"timestamp":1563563206,"path_taken":["M","M","?","?","?","E","M","R","T","?","E","M","?","E","R","BOSS","M","?","?","$","M","R","E","M","T","R","?","E","$","M","R","BOSS","M","?","?","$","?","E","M","M"],"build_version":"2019-07-17","purchased_purges":1,"victory":false,"max_hp_per_floor":[80,80,80,80,80,80,80,80,80,85,85,85,85,85,85,85,85,85,90,90,90,90,90,90,90,90,90,90,90,90,90,90,90,90,90,90,90,90,94,94,94,94],"card_choices":[{"not_picked":["Clash","True Grit","Anger"],"picked":"SKIP","floor":1},{"not_picked":["Body Slam","Sword Boomerang","Heavy Blade"],"picked":"SKIP","floor":2},{"not_picked":["Disarm","Pommel Strike"],"picked":"Cleave","floor":4},{"not_picked":["Fire Breathing","Inflame"],"picked":"Seeing Red","floor":6},{"not_picked":["Sword Boomerang","Flex"],"picked":"Perfected Strike","floor":7},{"not_picked":["Inflame","Anger"],"picked":"Armaments","floor":8},{"not_picked":["Carnage","Heavy Blade"],"picked":"Battle Trance","floor":11},{"not_picked":["True Grit","Wild Strike+1"],"picked":"Iron Wave+1","floor":12},{"not_picked":["Dropkick+1","Shrug It Off"],"picked":"Bludgeon+1","floor":14},{"not_picked":["Juggernaut","Limit Break"],"picked":"Bludgeon+1","floor":16},{"not_picked":["Warcry","Pommel Strike+1"],"picked":"Perfected Strike+1","floor":18},{"not_picked":["Anger+1","Sword Boomerang+1"],"picked":"Ghostly Armor","floor":20},{"not_picked":["Rage+1","Dual Wield+1"],"picked":"Havoc+1","floor":22},{"not_picked":["Warcry","Sword Boomerang+1","Metallicize"],"picked":"SKIP","floor":24},{"not_picked":["Body Slam+1","Disarm"],"picked":"Warcry","floor":25},{"not_picked":["True Grit+1","Clash+1"],"picked":"Pommel Strike+1","floor":29},{"not_picked":["Iron Wave+1","Sentinel"],"picked":"Reaper+1","floor":31},{"not_picked":["Barricade","Reaper+1"],"picked":"Offering","floor":33},{"not_picked":["Flex+1","Headbutt+1"],"picked":"Dual Wield+1","floor":35},{"not_picked":["Clash+1","Iron Wave+1"],"picked":"Seeing Red","floor":39},{"not_picked":["Rupture+1","Sword Boomerang+1"],"picked":"Double Tap","floor":40},{"not_picked":["Wild Strike+1","Headbutt+1"],"picked":"Perfected Strike+1","floor":41}],"player_experience":159449,"relics_obtained":[{"floor":6,"key":"Dream Catcher"},{"floor":9,"key":"Bronze Scales"},{"floor":11,"key":"Molten Egg 2"},{"floor":13,"key":"Turnip"},{"floor":14,"key":"Pocketwatch"},{"floor":20,"key":"Red Mask"},{"floor":24,"key":"Red Skull"},{"floor":29,"key":"Letter Opener"},{"floor":40,"key":"Incense Burner"},{"floor":40,"key":"Mummified Hand"}],"event_choices":[{"damage_healed":0,"gold_gain":0,"player_choice":"Bought 3 Potions","damage_taken":0,"max_hp_gain":0,"max_hp_loss":0,"event_name":"The Woman in Blue","floor":3,"gold_loss":0},{"damage_healed":0,"gold_gain":0,"player_choice":"Entered Light","damage_taken":16,"max_hp_gain":0,"max_hp_loss":0,"event_name":"Shining Light","floor":5,"gold_loss":0,"cards_upgraded":["Defend_R","Defend_R"]},{"damage_healed":0,"gold_gain":0,"player_choice":"Donut","damage_taken":0,"max_hp_gain":5,"max_hp_loss":0,"event_name":"Big Fish","floor":10,"gold_loss":0},{"damage_healed":0,"gold_gain":0,"player_choice":"Shed Blood","damage_taken":21,"max_hp_gain":5,"max_hp_loss":0,"event_name":"Forgotten Altar","floor":19,"gold_loss":0},{"damage_healed":0,"gold_gain":0,"player_choice":"Fought Bandits","damage_taken":0,"max_hp_gain":0,"max_hp_loss":0,"event_name":"Masked Bandits","floor":20,"gold_loss":0},{"damage_healed":0,"gold_gain":0,"player_choice":"Read","damage_taken":0,"max_hp_gain":0,"max_hp_loss":0,"event_name":"The Library","floor":28,"gold_loss":0,"cards_obtained":["Corruption"]},{"damage_healed":0,"gold_gain":0,"player_choice":"Embrace Madness","damage_taken":11,"max_hp_gain":0,"max_hp_loss":0,"event_name":"Winding Halls","floor":36,"gold_loss":0,"cards_obtained":["Madness","Madness"]},{"damage_healed":0,"gold_gain":0,"cards_transformed":["Strike_R"],"player_choice":"Transformed","damage_taken":0,"max_hp_gain":0,"max_hp_loss":0,"event_name":"Transmorgrifier","floor":37,"gold_loss":0,"cards_obtained":["Feed"]}],"is_beta":false,"boss_relics":[{"not_picked":["Calling Bell","Coffee Dripper"],"picked":"Mark of Pain"},{"not_picked":["Velvet Choker","Eternal Feather"],"picked":"Black Star"}],"items_purged_floors":[21],"is_endless":false,"potions_floor_spawned":[4,6,12,14,16,18,25,29,31,41],"killed_by":"Maw","ascension_level":6}