{"path_per_floor":["M","M","?","?","M","M","R","?","T","M","M","$","R","M","R","B",null,"M","?","?","$","M","R","$","R","T","M","?","$","R","$","R"],"character_chosen":"THE_SILENT","items_purchased":["Noxious Fumes","Footwork","Escape Plan"],"gold_per_floor":[111,131,131,81,94,115,115,115,115,129,147,0,0,23,23,142,142,160,160,160,60,85,85,3,3,27,43,43,7,7,7,7],"floor_reached":33,"campfire_rested":0,"playtime":1709,"current_hp_per_floor":[69,67,65,65,65,65,65,58,58,58,58,58,58,58,58,45,65,46,46,46,46,44,44,44,44,44,47,47,47,47,47,47],"items_purged":["Strike_G","Strike_G"],"gold":7,"score":235,"play_id":"ff890422-1da8-47de-bea8-1173d0d28aa2","is_prod":false,"is_daily":false,"is_ascension_mode":false,"campfire_upgraded":7,"path_taken":["M","M","?","?","M","M","R","?","T","M","M","$","R","M","R","BOSS","M","?","?","$","M","R","$","R","T","M","?","$","R","?","R","BOSS"],"build_version":"2018-02-15-PROD1","purchased_purges":2,"victory":false,"master_deck":["Defend_G","Defend_G","Defend_G","Defend_G","Defend_G","Survivor","Neutralize+1","Envenom+1","Dagger Spray+1","Backflip+1","Dagger Throw","Backflip","Acrobatics","Noxious Fumes+1","Die Die Die","Caltrops+1","Footwork+1","Sucker Punch+1","Escape Plan"],"max_hp_per_floor":[70,70,65,65,65,65,65,65,65,65,65,65,65,65,65,65,65,65,65,65,65,65,65,65,65,65,65,65,65,65,65,65],"relics":["Ring of the Snake","Golden Idol","Gambling Chip","White Beast Statue","Juzu Bracelet"],"card_choices":[{"not_picked":["Flechettes","Reflex"],"picked":"Dagger Spray"},{"not_picked":["Corpse Explosion","Outmaneuver"],"picked":"Backflip"},{"not_picked":["Quick Slash","Dodge and Roll"],"picked":"Dagger Throw"},{"not_picked":["Leg Sweep","Slice"],"picked":"Backflip"},{"not_picked":["PiercingWail","Flying Knee"],"picked":"Acrobatics"},{"not_picked":["Wraith Form","Doppelganger"],"picked":"Die Die Die"},{"not_picked":["Bane","All Out Attack"],"picked":"Caltrops"},{"not_picked":["Outmaneuver","Dagger Spray"],"picked":"Sucker Punch"}],"player_experience":796694,"potions_floor_usage":[11,11,18,27,27,33],"damage_taken":[{"damage":1,"enemies":"Cultist","floor":1,"turns":4},{"damage":2,"enemies":"2 Louse","floor":2,"turns":3},{"damage":0,"enemies":"Small Slimes","floor":5,"turns":3},{"damage":0,"enemies":"Exordium Wildlife","floor":6,"turns":6},{"damage":0,"enemies":"2 Fungi Beasts","floor":10,"turns":3},{"damage":0,"enemies":"Large Slime","floor":11,"turns":5},{"damage":0,"enemies":"Gremlin Gang","floor":14,"turns":3},{"damage":13,"enemies":"Hexaghost","floor":16,"turns":9},{"damage":19,"enemies":"2 Thieves","floor":18,"turns":4},{"damage":2,"enemies":"Chosen","floor":22,"turns":5},{"damage":12,"enemies":"Snake Plant","floor":27,"turns":6},{"damage":49,"enemies":"Champ","floor":33,"turns":17}],"event_choices":[{"event_name":"Golden Idol","player_choice":"Lose Max HP","floor":3,"damage_taken":0},{"event_name":"The Cleric","player_choice":"Card Removal","floor":4,"damage_taken":0},{"event_name":"Golden Wing","player_choice":"Card Removal","floor":8,"damage_taken":0},{"event_name":"Drug Dealer","player_choice":"Ignored","floor":19,"damage_taken":0},{"event_name":"Vampires","player_choice":"Ignored","floor":20,"damage_taken":0},{"event_name":"Addict","player_choice":"Ignored","floor":28,"damage_taken":0}],"boss_relics":[{"not_picked":["Question Card","Runic Pyramid"],"picked":"White Beast Statue"}],"potions_floor_spawned":[5,6,16,18,22,27],"seed_played":"8185127965360797746","killed_by":"Champ","ascension_level":0,"is_trial":false}