{"path_per_floor":["M","M","?","M","$","R","M","R","T","?","?","?","$","E","R","B",null,"M","$","M","$","M","R","E","M","T","R","M","R","?","E","R","B",null,"M","?","M","M","M","E","M","R","T","?","R","M","$","M","R","B"],"character_chosen":"THE_SILENT","items_purchased":["Frozen Egg 2","Noxious Fumes","Bandage Up","Oddly Smooth Stone","Footwork","Blur","Sucker Punch","War Paint","Strength Potion"],"gold_per_floor":[362,374,474,485,5,5,23,23,46,296,253,253,6,33,33,129,129,147,30,33,11,30,30,64,83,83,83,100,100,100,128,128,229,229,245,245,260,278,288,313,323,323,323,323,323,343,20,38,38,38],"floor_reached":51,"campfire_rested":3,"playtime":4486,"current_hp_per_floor":[70,64,64,61,61,61,53,53,53,53,53,53,53,47,47,27,70,67,67,58,58,52,52,54,60,60,60,66,66,66,44,67,68,78,80,80,60,65,65,14,32,57,57,78,78,77,77,65,86,86],"items_purged":["Regret","Regret","Regret"],"gold":38,"score":742,"play_id":"371c20de-4ae5-4581-ac16-3099a4c5f9d6","local_time":"20180312195708","is_prod":false,"is_daily":false,"is_ascension_mode":false,"campfire_upgraded":7,"timestamp":1520899028,"path_taken":["M","M","?","M","$","R","?","R","T","?","?","?","$","E","R","BOSS","M","$","?","$","M","R","E","M","T","R","M","R","?","E","R","BOSS","M","?","?","M","?","E","?","R","T","?","R","M","$","M","R","BOSS"],"build_version":"2018-03-09","purchased_purges":3,"victory":true,"master_deck":["Defend_G","Defend_G","Defend_G","Defend_G","Defend_G+1","Strike_G+1","Strike_G+1","Survivor","Neutralize+1","Poisoned Stab+1","Flying Knee+1","A Thousand Cuts+1","Noxious Fumes+1","Bandage Up+1","Footwork+1","Well Laid Plans+1","After Image+1","Calculated Gamble+1","Footwork+1","Blur","Sucker Punch+1","Acrobatics+1","Terror+1","Die Die Die+1","Choke+1","All Out Attack+1","Well Laid Plans+1","Neutralize+1","Tools of the Trade+1","Footwork+1","Catalyst+1","Caltrops+1","Parasite","Writhe","Caltrops+1"],"max_hp_per_floor":[70,70,70,70,70,70,70,70,70,70,70,70,70,70,70,70,70,70,70,72,72,72,72,74,76,76,76,78,78,78,78,78,78,78,80,80,80,82,82,82,84,84,84,84,84,84,84,86,86,86],"relics":["Ring of the Snake","Frozen Egg 2","Singing Bowl","Oddly Smooth Stone","Tough Bandages","Cursed Key","Paper Crane","Molten Egg 2","Ancient Tea Set","Astrolabe","Ornamental Fan","Whetstone","War Paint"],"card_choices":[{"not_picked":["Dagger Throw","PiercingWail"],"picked":"Poisoned Stab"},{"not_picked":["Prepared","Poisoned Stab"],"picked":"Flying Knee"},{"not_picked":["Blade Dance","PiercingWail"],"picked":"A Thousand Cuts"},{"not_picked":["Bane","Quick Slash"],"picked":"Footwork"},{"not_picked":["Dash","Bane"],"picked":"Well Laid Plans"},{"not_picked":["Phantasmal Killer","Corpse Explosion"],"picked":"After Image"},{"not_picked":["PiercingWail","Underhanded Strike"],"picked":"Calculated Gamble"},{"not_picked":["Dodge and Roll","Deadly Poison"],"picked":"Acrobatics"},{"not_picked":["Crippling Poison","Reflex"],"picked":"Terror"},{"not_picked":["Grand Finale","Storm of Steel"],"picked":"Die Die Die"},{"not_picked":["Reflex","Poisoned Stab"],"picked":"Footwork"},{"not_picked":["Deflect","Dagger Spray"],"picked":"Catalyst"},{"not_picked":["Bane","Doppelganger"],"picked":"Caltrops"},{"not_picked":["Expertise","Dagger Spray"],"picked":"Caltrops"}],"player_experience":994278,"potions_floor_usage":[16,16,25,31,37,39,40,40,41,50],"damage_taken":[{"damage":0,"enemies":"Small Slimes","floor":1,"turns":4},{"damage":6,"enemies":"Cultist","floor":2,"turns":4},{"damage":3,"enemies":"Jaw Worm","floor":4,"turns":3},{"damage":12,"enemies":"Red Slaver","floor":7,"turns":4},{"damage":10,"enemies":"3 Sentries","floor":14,"turns":7},{"damage":24,"enemies":"The Guardian","floor":16,"turns":9},{"damage":7,"enemies":"3 Byrds","floor":18,"turns":4},{"damage":11,"enemies":"2 Thieves","floor":20,"turns":5},{"damage":10,"enemies":"Cultist and Chosen","floor":22,"turns":9},{"damage":4,"enemies":"Book of Stabbing","floor":24,"turns":8},{"damage":0,"enemies":"Snecko","floor":25,"turns":7},{"damage":2,"enemies":"Snake Plant","floor":28,"turns":7},{"damage":28,"enemies":"Slavers","floor":31,"turns":6},{"damage":5,"enemies":"Automaton","floor":33,"turns":10},{"damage":0,"enemies":"Orb Walker","floor":35,"turns":4},{"damage":26,"enemies":"3 Darklings","floor":37,"turns":7},{"damage":3,"enemies":"4 Shapes","floor":38,"turns":6},{"damage":6,"enemies":"Maw","floor":39,"turns":8},{"damage":57,"enemies":"2 Orb Walkers","floor":40,"turns":6},{"damage":2,"enemies":"Sphere and 2 Shapes","floor":41,"turns":5},{"damage":7,"enemies":"3 Darklings","floor":46,"turns":7},{"damage":20,"enemies":"Maw","floor":48,"turns":7},{"damage":3,"enemies":"Time Eater","floor":50,"turns":12}],"event_choices":[{"event_name":"Wheel of Change","player_choice":"Gold","floor":3,"damage_taken":0},{"event_name":"Golden Shrine","player_choice":"Desecrate","floor":10,"damage_taken":0},{"event_name":"World of Goop","player_choice":"Left","floor":11,"damage_taken":0},{"event_name":"Liars Game","player_choice":"disagreed","floor":12,"damage_taken":0},{"event_name":"Accursed Blacksmith","player_choice":"Forge","floor":30,"damage_taken":0},{"event_name":"Match and Keep!","player_choice":"2 cards matched","floor":36,"damage_taken":0},{"event_name":"Winding Halls","player_choice":"Writhe","floor":44,"damage_taken":0}],"boss_relics":[{"not_picked":["Orrery","Pandora\u0027s Box"],"picked":"Cursed Key"},{"not_picked":["Runic Dome","Black Star"],"picked":"Astrolabe"}],"potions_floor_spawned":[1,7,14,18,24,31,33,35,39,40],"seed_played":"-7320661294022095183","ascension_level":0,"is_trial":false}