{"path_per_floor":["M","?","$","M","M","E","R","$","T","M","E","R","M","M","R","B",null,"M","?","?","$","?","R","E","R","T","M","M","E","$","M","R","B",null,"M","?","$","M","M","R","M","?","T","M","M","M","T","$","R","B"],"character_chosen":"THE_SILENT","items_purchased":["Strength Potion","Apotheosis","Blur","Prepared"],"gold_per_floor":[115,65,14,34,54,86,86,11,35,53,80,80,94,113,113,217,217,232,232,232,21,21,21,53,53,53,68,79,112,38,53,53,153,153,165,165,65,77,96,96,107,107,162,178,197,213,213,41,41,41],"floor_reached":51,"campfire_rested":3,"playtime":42807,"current_hp_per_floor":[70,70,70,70,70,61,61,61,61,58,30,30,30,23,44,40,70,70,70,70,70,70,70,60,60,60,60,60,54,54,54,70,67,70,70,70,70,70,67,67,67,67,67,54,52,52,52,52,70,10],"items_purged":["Strike_G","Writhe","Regret"],"gold":41,"score":524,"play_id":"0add04c9-8188-4773-bbca-3efd32c69a38","is_prod":false,"is_daily":false,"is_ascension_mode":false,"campfire_upgraded":5,"path_taken":["M","?","$","?","M","E","R","?","T","M","E","R","M","M","R","BOSS","M","?","?","$","?","R","E","R","T","M","?","E","$","M","R","BOSS","M","?","$","M","M","R","M","?","T","M","?","M","?","$","R","BOSS"],"build_version":"2018-02-22-PROD2","purchased_purges":3,"victory":true,"master_deck":["Defend_G","Defend_G","Defend_G","Defend_G","Defend_G","Strike_G","Strike_G+1","Strike_G","Survivor","Neutralize","Noxious Fumes+1","Dagger Throw+1","Backflip","PiercingWail","Calculated Gamble+1","Predator+1","Noxious Fumes","Terror+1","Die Die Die","Catalyst","Writhe","Apotheosis+1","Acrobatics+1","Prepared","After Image","Blur","Acrobatics","Footwork","Catalyst","Dagger Spray+1","Bouncing Flask+1","Outmaneuver+1","Regret","Prepared"],"max_hp_per_floor":[70,70,70,70,70,70,70,70,70,70,70,70,70,70,70,70,70,70,70,70,70,70,70,70,70,70,70,70,70,70,70,70,70,70,70,70,70,70,70,70,70,70,70,70,70,70,70,70,70,70],"relics":["Ring of the Snake","NeowsBlessing","Bag of Preparation","Art of War","Bag of Marbles","Cursed Key","Mummified Hand","Whetstone","Sundial","Oddly Smooth Stone","Sozu","Tiny Chest","Ginger"],"card_choices":[{"not_picked":["Footwork","Prepared"],"picked":"Noxious Fumes"},{"not_picked":["Underhanded Strike","Endless Agony"],"picked":"Dagger Throw"},{"not_picked":["Leg Sweep","Corpse Explosion"],"picked":"Backflip"},{"not_picked":["Deflect","Crippling Poison"],"picked":"PiercingWail"},{"not_picked":["Bane","Cloak And Dagger"],"picked":"Calculated Gamble"},{"not_picked":["Bane","PiercingWail"],"picked":"Predator"},{"not_picked":["Calculated Gamble","Flying Knee"],"picked":"Noxious Fumes"},{"not_picked":["Wraith Form","Riddle With Holes"],"picked":"Terror"},{"not_picked":["Phantasmal Killer","Unload"],"picked":"Die Die Die"},{"not_picked":["Choke","Deflect"],"picked":"Catalyst"},{"not_picked":["Heel Hook","Flying Knee"],"picked":"Acrobatics"},{"not_picked":["Endless Agony","Outmaneuver"],"picked":"Prepared"},{"not_picked":["PiercingWail","Skewer"],"picked":"After Image"},{"not_picked":["Bane","PiercingWail"],"picked":"Acrobatics"},{"not_picked":["Glass Knife","A Thousand Cuts"],"picked":"Bullet Time"},{"not_picked":["Dagger Spray","Dodge and Roll"],"picked":"Footwork"},{"not_picked":["Poisoned Stab","Acrobatics"],"picked":"Catalyst"},{"not_picked":["Finisher","Flying Knee"],"picked":"Dagger Spray"},{"not_picked":["All Out Attack","Backstab"],"picked":"Bouncing Flask"},{"not_picked":["Prepared","Sucker Punch"],"picked":"Outmaneuver"}],"player_experience":844689,"potions_floor_usage":[6,6,6,11,16,24,24,24,29,29,50,50,50],"damage_taken":[{"damage":0,"enemies":"Small Slimes","floor":1,"turns":1},{"damage":0,"enemies":"Jaw Worm","floor":4,"turns":1},{"damage":0,"enemies":"Cultist","floor":5,"turns":1},{"damage":9,"enemies":"Lagavulin","floor":6,"turns":6},{"damage":3,"enemies":"Red Slaver","floor":10,"turns":5},{"damage":28,"enemies":"Gremlin Nob","floor":11,"turns":4},{"damage":0,"enemies":"3 Louse","floor":13,"turns":3},{"damage":7,"enemies":"Exordium Thugs","floor":14,"turns":4},{"damage":4,"enemies":"Hexaghost","floor":16,"turns":7},{"damage":0,"enemies":"Shell Parasite","floor":18,"turns":4},{"damage":22,"enemies":"Gremlin Leader","floor":24,"turns":6},{"damage":0,"enemies":"Spheric Guardian","floor":27,"turns":5},{"damage":0,"enemies":"Centurion and Healer","floor":28,"turns":4},{"damage":6,"enemies":"Slavers","floor":29,"turns":6},{"damage":0,"enemies":"Cultist and Chosen","floor":31,"turns":4},{"damage":3,"enemies":"Champ","floor":33,"turns":8},{"damage":0,"enemies":"Orb Walker","floor":35,"turns":4},{"damage":0,"enemies":"3 Shapes","floor":38,"turns":4},{"damage":3,"enemies":"3 Darklings","floor":39,"turns":4},{"damage":0,"enemies":"Sphere and 2 Shapes","floor":41,"turns":4},{"damage":13,"enemies":"4 Shapes","floor":44,"turns":2},{"damage":2,"enemies":"3 Darklings","floor":45,"turns":4},{"damage":0,"enemies":"Sphere and 2 Shapes","floor":46,"turns":4},{"damage":60,"enemies":"Awakened One","floor":50,"turns":10}],"event_choices":[{"event_name":"The Cleric","player_choice":"Card Removal","floor":2,"damage_taken":0},{"event_name":"The Lab","player_choice":"Got Potions","floor":19,"damage_taken":0},{"event_name":"The Mausoleum","player_choice":"Yes","floor":20,"damage_taken":0},{"event_name":"Vampires","player_choice":"Ignored","floor":22,"damage_taken":0},{"event_name":"Accursed Blacksmith","player_choice":"Ignore","floor":42,"damage_taken":0}],"boss_relics":[{"not_picked":["Lizard Tail","Runic Pyramid"],"picked":"Cursed Key"},{"not_picked":["The Specimen","Pandora\u0027s Box"],"picked":"Sozu"}],"potions_floor_spawned":[1,4,6,13,16,24,27,29,31,33,38,39],"seed_played":"1279367626110170445","ascension_level":0,"is_trial":false}