{"path_per_floor":["M","?","M","M","M","E","?","M","T","E","?","R","M","E","R","B",null,"M","$","M","?","M","R","E","M","T","M","R","M","?","E","R","B",null,"M","?","M","$","M"],"character_chosen":"THE_SILENT","items_purchased":["Panache","After Image","Backflip","Escape Plan","War Paint","Bottled Flame","Tiny Chest","Madness","Darkstone Periapt","Toxic Egg 2","Flash of Steel+1","Well Laid Plans+1"],"gold_per_floor":[144,219,264,309,354,444,540,585,585,675,775,775,820,910,910,1210,1210,1255,115,160,85,130,130,220,265,290,335,335,380,380,470,470,770,770,815,815,860,175,220,220],"floor_reached":40,"campfire_rested":5,"playtime":77535,"item_purchase_floors":[19,19,19,19,19,19,19,19,38,38,38,38],"current_hp_per_floor":[68,57,54,54,54,54,52,52,52,52,52,57,56,55,54,53,52,51,50,49,48,47,46,45,44,43,36,41,31,31,45,44,43,42,39,39,33,33,37,0],"items_purged":["Grand Finale"],"gold":220,"score":700,"play_id":"6040d300-691a-4e64-9442-361283e16a0b","local_time":"20180606161923","daily_mods":["Shiny","Midas","Terminal"],"is_prod":false,"is_daily":true,"chose_seed":false,"is_ascension_mode":false,"campfire_upgraded":0,"win_rate":0,"timestamp":1528316363,"campfire_choices":[{"floor":12,"key":"REST"},{"floor":15,"key":"REST"},{"floor":23,"key":"REST"},{"floor":28,"key":"REST"},{"floor":32,"key":"REST"}],"path_taken":["M","?","M","M","M","E","?","?","T","E","?","R","M","E","R","BOSS","M","$","M","?","M","R","E","M","T","M","R","M","?","E","R","BOSS","M","?","M","$","M","E"],"build_version":"2018-05-31","seed_source_timestamp":0,"purchased_purges":1,"victory":false,"master_deck":["Venomology+1","Phantasmal Killer","Die Die Die","Adrenaline","Envenom","Doppelganger","Burst","Wraith Form v2","Tools of the Trade","Night Terror","Unload","After Image","Tactician+1","Bullet Time","Storm of Steel","Glass Knife","A Thousand Cuts","Prepared","Quick Slash","Malaise","Well Laid Plans","Adrenaline","Backstab","Malaise","Bullet Time","Dagger Spray+1","Panache","After Image","Backflip","Escape Plan","Madness","Quick Slash+1","Noxious Fumes+1","Envenom+1","Infinite Blades+1","Trip","Flash of Steel+1","Well Laid Plans+1","PiercingWail+1"],"max_hp_per_floor":[68,67,66,65,64,63,62,61,60,59,58,57,56,55,54,53,52,51,50,49,48,47,46,45,44,43,42,41,40,39,45,44,43,42,41,40,39,38,37,37],"relics":["Ring of the Snake","Blue Candle","Ancient Tea Set","Smiling Mask","Bird Faced Urn","Molten Egg 2","Sozu","War Paint","Bottled Flame","Tiny Chest","Frozen Egg 2","Bag of Preparation","Strawberry","Black Star","Darkstone Periapt","Toxic Egg 2"],"card_choices":[{"not_picked":["Crippling Poison","Deadly Poison"],"picked":"Prepared","floor":1},{"not_picked":["Deflect","Eviscerate"],"picked":"Quick Slash","floor":3},{"not_picked":["Bane","Expertise"],"picked":"Malaise","floor":4},{"not_picked":["Dodge and Roll","Bane","Setup"],"picked":"SKIP","floor":5},{"not_picked":["Crippling Poison","Dodge and Roll","Poisoned Stab"],"picked":"SKIP","floor":6},{"not_picked":["Eviscerate","Acrobatics"],"picked":"Well Laid Plans","floor":7},{"not_picked":["Reflex","Cloak And Dagger"],"picked":"Adrenaline","floor":8},{"not_picked":["Accuracy","Deadly Poison","Predator"],"picked":"SKIP","floor":10},{"not_picked":["Flying Knee","Bane"],"picked":"Backstab","floor":13},{"not_picked":["Poisoned Stab","Backstab"],"picked":"Malaise","floor":14},{"not_picked":["Corpse Explosion+1","Venomology"],"picked":"Bullet Time","floor":16},{"not_picked":["Sucker Punch+1","All Out Attack+1"],"picked":"Dagger Spray+1","floor":18},{"not_picked":["Bane+1","Blade Dance","Storm of Steel"],"picked":"SKIP","floor":20},{"not_picked":["Sucker Punch+1","Cloak And Dagger","Flechettes+1"],"picked":"SKIP","floor":22},{"not_picked":["Concentrate","Malaise","Grand Finale+1"],"picked":"SKIP","floor":24},{"not_picked":["Riddle With Holes+1","Underhanded Strike+1","Choke+1"],"picked":"SKIP","floor":25},{"not_picked":["Dagger Throw+1","Sucker Punch+1","Dodge and Roll+1"],"picked":"SKIP","floor":27},{"not_picked":["Deflect","Bullet Time"],"picked":"Quick Slash+1","floor":29},{"not_picked":["Malaise","Unload+1"],"picked":"Noxious Fumes+1","floor":31},{"not_picked":["Storm of Steel","Corpse Explosion+1"],"picked":"Envenom+1","floor":33},{"not_picked":["Predator+1","Backflip","Accuracy+1"],"picked":"SKIP","floor":35},{"not_picked":["Reflex+1","Deflect","Cloak And Dagger"],"picked":"SKIP","floor":37},{"not_picked":["Dagger Throw+1","Underhanded Strike+1"],"picked":"PiercingWail+1","floor":39}],"player_experience":1305364,"potions_floor_usage":[5,5,6,6,7,7,7,8,10,13,13,14,14,16,16,16,16,18,18,33],"damage_taken":[{"damage":0,"enemies":"Cultist","floor":1,"turns":3},{"damage":3,"enemies":"Jaw Worm","floor":3,"turns":3},{"damage":0,"enemies":"2 Louse","floor":4,"turns":2},{"damage":0,"enemies":"2 Fungi Beasts","floor":5,"turns":3},{"damage":0,"enemies":"Lagavulin","floor":6,"turns":7},{"damage":2,"enemies":"Lagavulin Event","floor":7,"turns":8},{"damage":0,"enemies":"Large Slime","floor":8,"turns":6},{"damage":0,"enemies":"3 Sentries","floor":10,"turns":4},{"damage":0,"enemies":"Exordium Thugs","floor":13,"turns":3},{"damage":0,"enemies":"Gremlin Nob","floor":14,"turns":4},{"damage":0,"enemies":"The Guardian","floor":16,"turns":10},{"damage":0,"enemies":"Chosen","floor":18,"turns":7},{"damage":0,"enemies":"Spheric Guardian","floor":20,"turns":3},{"damage":3,"enemies":"Chosen and Byrds","floor":22,"turns":6},{"damage":5,"enemies":"Gremlin Leader","floor":24,"turns":6},{"damage":7,"enemies":"Centurion and Healer","floor":25,"turns":6},{"damage":11,"enemies":"Cultist and Chosen","floor":27,"turns":6},{"damage":16,"enemies":"Chosen and Byrds","floor":29,"turns":7},{"damage":4,"enemies":"Book of Stabbing","floor":31,"turns":5},{"damage":0,"enemies":"Collector","floor":33,"turns":8},{"damage":3,"enemies":"3 Darklings","floor":35,"turns":2},{"damage":13,"enemies":"Orb Walker","floor":37,"turns":3},{"damage":0,"enemies":"Maw","floor":39,"turns":5},{"damage":50,"enemies":"Nemesis","floor":40,"turns":5}],"relics_obtained":[{"floor":6,"key":"Blue Candle"},{"floor":7,"key":"Ancient Tea Set"},{"floor":9,"key":"Smiling Mask"},{"floor":10,"key":"Bird Faced Urn"},{"floor":14,"key":"Molten Egg 2"},{"floor":24,"key":"Frozen Egg 2"},{"floor":26,"key":"Bag of Preparation"},{"floor":31,"key":"Strawberry"}],"event_choices":[{"event_name":"World of Goop","player_choice":"Gather Gold","floor":2,"damage_taken":0},{"event_name":"Dead Adventurer","player_choice":"Searched \u00273\u0027 times","floor":7,"damage_taken":0},{"event_name":"Golden Shrine","player_choice":"Pray","floor":11,"damage_taken":0},{"event_name":"Beggar","player_choice":"Gave Gold","floor":21,"damage_taken":0},{"event_name":"Ghosts","player_choice":"Ignored","floor":30,"damage_taken":0},{"event_name":"Match and Keep!","player_choice":"2 cards matched","floor":36,"damage_taken":0}],"boss_relics":[{"not_picked":["Lizard Tail","Orrery"],"picked":"Sozu"},{"not_picked":["Astrolabe","Runic Dome"],"picked":"Black Star"}],"items_purged_floors":[19],"potions_floor_spawned":[3,5,6,10,14,18,22,25,31,33,39],"seed_played":"7492258390209351747","killed_by":"Nemesis","ascension_level":0,"potions_obtained":[{"floor":3,"key":"Poison Potion"},{"floor":5,"key":"AttackPotion"},{"floor":6,"key":"Block Potion"},{"floor":10,"key":"SteroidPotion"},{"floor":14,"key":"EssenceOfSteel"}],"is_trial":false}