{"path_per_floor":["M","M","$","M","?","M","M","E","T","E","R","?","R","E","R","B",null,"M","?","M","?","$","R","$","?","T","M","M"],"character_chosen":"THE_SILENT","items_purchased":["Masterful Stab","Sundial","Distraction"],"gold_per_floor":[119,132,98,118,118,138,152,181,181,207,207,207,207,241,241,346,346,364,324,339,339,43,43,9,9,9,25,35],"floor_reached":29,"campfire_rested":4,"playtime":3691,"current_hp_per_floor":[70,70,70,70,70,62,55,18,18,14,35,21,42,33,54,24,70,48,48,34,34,34,55,55,55,69,55,7],"items_purged":[],"gold":35,"play_id":"50bda53f-db24-47aa-b093-2b115114b06b","is_prod":false,"is_daily":false,"campfire_rituals":0,"campfire_upgraded":0,"is_hardmode":false,"path_taken":["M","M","$","M","?","M","M","E","T","E","R","?","R","E","R","BOSS","M","?","?","?","$","R","$","?","T","M","M","M"],"build_version":"2018-01-11-PROD2","purchased_purges":0,"victory":false,"master_deck":["Defend_G","Defend_G","Defend_G","Defend_G","Defend_G","Strike_G","Strike_G","Strike_G","Strike_G","Strike_G","Survivor","Neutralize","Backflip","Noxious Fumes","Masterful Stab","Prepared","Poisoned Stab","Footwork","Predator","Slice","Doppelganger","Deadly Poison","Poisoned Stab","Noxious Fumes","Distraction","Footwork","Poisoned Stab"],"max_hp_per_floor":[70,70,70,70,70,70,70,70,70,70,70,70,70,70,70,70,70,70,70,70,70,70,70,70,70,84,84,84],"relics":["Ring of the Snake","Anchor","Orichalcum","Girya","Bag of Marbles","Dream Catcher","Sundial","Thread and Needle","Mango"],"campfire_meditates":0,"card_choices":[{"not_picked":["Heel Hook","Slice"],"picked":"Backflip"},{"not_picked":["Outmaneuver","Calculated Gamble"],"picked":"Noxious Fumes"},{"not_picked":["Dagger Throw","Deadly Poison"],"picked":"Prepared"},{"not_picked":["Backflip","Deadly Poison"],"picked":"Footwork"},{"not_picked":["Sucker Punch","A Thousand Cuts"],"picked":"Predator"},{"not_picked":["Dodge and Roll","Choke"],"picked":"Slice"},{"not_picked":["Burst","Night Terror"],"picked":"Doppelganger"},{"not_picked":["Slice","Quick Slash"],"picked":"Deadly Poison"},{"not_picked":["Dagger Throw","Sucker Punch"],"picked":"Poisoned Stab"},{"not_picked":["Eviscerate","Blur"],"picked":"Footwork"},{"not_picked":["Flying Knee","Slice"],"picked":"Poisoned Stab"}],"player_experience":24152,"potions_floor_usage":[8,16,16,29],"damage_taken":[{"damage":0,"enemies":"2 Louse","floor":1,"turns":4},{"damage":0,"enemies":"Blue Slaver","floor":2,"turns":4},{"damage":0,"enemies":"Small Slimes","floor":4,"turns":4},{"damage":8,"enemies":"2 Fungi Beasts","floor":6,"turns":4},{"damage":7,"enemies":"Exordium Wildlife","floor":7,"turns":6},{"damage":52,"enemies":"Gremlin Nob","floor":8,"turns":6},{"damage":4,"enemies":"3 Sentries","floor":10,"turns":8},{"damage":9,"enemies":"Lagavulin","floor":14,"turns":6},{"damage":30,"enemies":"Slime Boss","floor":16,"turns":10},{"damage":22,"enemies":"Spheric Guardian","floor":18,"turns":7},{"damage":14,"enemies":"3 Byrds","floor":20,"turns":6},{"damage":14,"enemies":"Snake Plant","floor":27,"turns":5},{"damage":48,"enemies":"3 Cultists","floor":28,"turns":7},{"damage":8,"enemies":"Snecko","floor":29,"turns":4}],"event_choices":[{"event_name":"Match and Keep!","player_choice":"1 cards matched","floor":5,"damage_taken":0},{"event_name":"Shining Light","player_choice":"Entered Light","floor":12,"damage_taken":0},{"event_name":"The Woman in Blue","player_choice":"Bought 3 Potions","floor":19,"damage_taken":0},{"event_name":"Duplicator","player_choice":"One dupe","floor":21,"damage_taken":0},{"event_name":"The Mausoleum","player_choice":"Yes","floor":25,"damage_taken":0}],"boss_relics":[{"not_picked":["Ectoplasm","Runic Dome","Philosopher\u0027s Stone"]}],"potions_floor_spawned":[4,7,14],"seed_played":"-5844031315196429400","killed_by":"Snecko","is_trial":false}