{"gold_per_floor":[116,130,130,130,130,130,153,171,171,204,204,24,60,4,4,4],"floor_reached":16,"playtime":2120,"items_purged":[],"score":113,"play_id":"c6a6977f-8e86-4d60-a5a4-b69825bc6bff","local_time":"20190629114938","daily_mods":["Vintage","Allstar","Red Cards","Colorless Cards","Heirloom","DeadlyEvents"],"is_ascension_mode":true,"campfire_choices":[{"data":"Defend_R","floor":6,"key":"SMITH"},{"floor":15,"key":"REST"}],"neow_cost":"","seed_source_timestamp":640059111470359,"circlet_count":0,"master_deck":["Strike_R","Strike_R","Strike_R","Strike_R","Strike_R","Defend_R+1","Defend_R","Defend_R","Defend_R+1","Bash","Apotheosis+1","Enlightenment+1","PanicButton","Purity","Good Instincts","Injury","Pommel Strike","Uppercut","Dropkick","Armaments","Armaments"],"relics":["Burning Blood","Peace Pipe","Letter Opener","Shuriken","Golden Idol","Lantern","Darkstone Periapt","Frozen Egg 2","Strawberry","War Paint","Vajra","The Courier"],"potions_floor_usage":[13],"damage_taken":[{"damage":7,"enemies":"2 Louse","floor":1,"turns":4},{"damage":0,"enemies":"Small Slimes","floor":2,"turns":3},{"damage":1,"enemies":"Cultist","floor":7,"turns":5},{"damage":18,"enemies":"3 Louse","floor":8,"turns":5},{"damage":23,"enemies":"Gremlin Nob","floor":10,"turns":6},{"damage":19,"enemies":"Lagavulin","floor":13,"turns":6},{"damage":61,"enemies":"Slime Boss","floor":16,"turns":16}],"seed_played":"803","potions_obtained":[{"floor":2,"key":"Fire Potion"},{"floor":10,"key":"FearPotion"},{"floor":13,"key":"Strength Potion"}],"is_trial":true,"path_per_floor":["M","M","?","?","?","R","M","M","T","E","?","$","E","$","R","B"],"character_chosen":"IRONCLAD","items_purchased":["Uppercut","Vajra","Armaments","Armaments"],"campfire_rested":1,"item_purchase_floors":[12,12,14,14],"current_hp_per_floor":[79,80,80,80,80,80,80,68,68,58,46,46,33,33,59,0],"gold":4,"neow_bonus":"","is_prod":false,"is_daily":false,"chose_seed":true,"campfire_upgraded":1,"win_rate":0.0,"timestamp":1561830578,"path_taken":["M","M","?","?","?","R","M","?","T","?","?","$","E","?","R","BOSS"],"build_version":"2019-01-23","purchased_purges":0,"victory":false,"max_hp_per_floor":[80,80,80,80,80,80,80,80,80,87,87,87,87,87,87,87],"card_choices":[{"not_picked":["Forethought","Trip"],"picked":"Pommel Strike","floor":10},{"not_picked":["Havoc","Second Wind"],"picked":"Dropkick","floor":13}],"player_experience":6925,"relics_obtained":[{"floor":1,"key":"Letter Opener"},{"floor":2,"key":"Shuriken"},{"floor":7,"key":"Lantern"},{"floor":8,"key":"Darkstone Periapt"},{"floor":9,"key":"Frozen Egg 2"},{"floor":10,"key":"Strawberry"},{"floor":13,"key":"The Courier"}],"event_choices":[{"damage_healed":0,"gold_gain":0,"player_choice":"Leave","damage_taken":0,"max_hp_gain":0,"max_hp_loss":0,"event_name":"The Cleric","floor":3,"gold_loss":0},{"damage_healed":0,"gold_gain":0,"player_choice":"Grow","damage_taken":0,"max_hp_gain":0,"max_hp_loss":0,"event_name":"Living Wall","floor":4,"gold_loss":0,"cards_upgraded":["Apotheosis"]},{"damage_healed":0,"gold_gain":0,"player_choice":"Take Wound","damage_taken":0,"relics_obtained":["Golden Idol"],"max_hp_gain":0,"max_hp_loss":0,"event_name":"Golden Idol","floor":5,"gold_loss":0,"cards_obtained":["Injury"]},{"damage_healed":0,"gold_gain":0,"player_choice":"Success","damage_taken":12,"relics_obtained":["War Paint"],"max_hp_gain":0,"max_hp_loss":0,"event_name":"Scrap Ooze","floor":11,"gold_loss":0}],"is_beta":false,"boss_relics":[],"items_purged_floors":[],"is_endless":true,"potions_floor_spawned":[2,10,13],"killed_by":"Slime Boss","ascension_level":1}