{"gold_per_floor":[117,117,130,79,90,90,118,118,118,118,137,164,179,179,179,255,255,266,286,286,21,21,52,52,66,66,9,22,122,122],"floor_reached":30,"playtime":4260,"items_purged":[],"score":528,"play_id":"d92c950c-14aa-4feb-9358-438120de6173","local_time":"20190714004910","is_ascension_mode":true,"campfire_choices":[{"data":"Noxious Fumes","floor":6,"key":"SMITH"},{"floor":8,"key":"REST"},{"data":"Neutralize","floor":10,"key":"SMITH"},{"floor":15,"key":"REST"}],"neow_cost":"NONE","seed_source_timestamp":5288525336844,"circlet_count":0,"master_deck":["AscendersBane","Defend_G","Defend_G","Defend_G","Defend_G","Defend_G","Survivor","Neutralize+1","Quick Slash","Dagger Spray","Flechettes","Predator","PiercingWail","Noxious Fumes+1","Backflip","Cloak And Dagger+1","Catalyst+1","Crippling Poison+1","After Image","Cloak And Dagger+1","Footwork","Bite","Bite","Bite","Bite","Bite","J.A.X.+1","Writhe","Dodge and Roll+1","Malaise+1","Backflip+1"],"relics":["Ring of the Snake","Singing Bowl","Toxic Egg 2","Dead Branch","Fusion Hammer","Membership Card","Sundial","PreservedInsect","Kunai","Ginger","Mummified Hand"],"potions_floor_usage":[7,16,21,28,29],"damage_taken":[{"damage":2,"enemies":"Jaw Worm","floor":1,"turns":5},{"damage":0,"enemies":"Cultist","floor":3,"turns":4},{"damage":0,"enemies":"2 Louse","floor":5,"turns":2},{"damage":26,"enemies":"Gremlin Nob","floor":7,"turns":4},{"damage":7,"enemies":"2 Fungi Beasts","floor":11,"turns":3},{"damage":24,"enemies":"Lagavulin","floor":12,"turns":6},{"damage":1,"enemies":"Blue Slaver","floor":13,"turns":5},{"damage":33,"enemies":"The Guardian","floor":16,"turns":9},{"damage":3,"enemies":"Chosen","floor":18,"turns":4},{"damage":2,"enemies":"3 Byrds","floor":19,"turns":3},{"damage":23,"enemies":"Slavers","floor":23,"turns":5},{"damage":19,"enemies":"3 Cultists","floor":25,"turns":4},{"damage":5,"enemies":"Snecko","floor":28,"turns":4},{"damage":13,"enemies":"Colosseum Slavers","floor":29,"turns":5},{"damage":43,"enemies":"Colosseum Nobs","floor":29,"turns":5},{"damage":14,"enemies":"Sentry and Sphere","floor":30,"turns":3}],"seed_played":"4761718093813101527","potions_obtained":[{"floor":3,"key":"Energy Potion"},{"floor":7,"key":"LiquidBronze"},{"floor":16,"key":"Energy Potion"},{"floor":18,"key":"Swift Potion"},{"floor":28,"key":"GamblersBrew"},{"floor":29,"key":"Dexterity Potion"}],"is_trial":false,"path_per_floor":["M","?","M","$","M","R","E","R","T","R","M","E","M","?","R","B",null,"M","M","?","$","?","E","?","M","T","$","M","?","M"],"character_chosen":"THE_SILENT","items_purchased":["PiercingWail","Membership Card","Fruit Juice","FairyPotion"],"campfire_rested":2,"item_purchase_floors":[4,21,21,27],"current_hp_per_floor":[57,57,57,57,57,57,31,50,50,50,43,19,18,18,37,4,51,48,46,46,51,51,36,36,25,25,25,26,5,0],"gold":122,"neow_bonus":"THREE_CARDS","is_prod":false,"is_daily":false,"chose_seed":false,"campfire_upgraded":2,"win_rate":0,"timestamp":1563086950,"path_taken":["M","?","M","?","?","R","E","R","T","R","M","E","M","?","R","BOSS","M","M","?","$","?","E","?","M","T","?","M","?","M"],"build_version":"2019-07-10","purchased_purges":0,"victory":false,"max_hp_per_floor":[66,66,66,66,66,66,66,66,66,66,66,66,66,66,66,66,66,66,66,46,51,51,53,53,53,53,53,53,53,53],"card_choices":[{"not_picked":["Bane","Poisoned Stab"],"picked":"Quick Slash","floor":0},{"not_picked":["Outmaneuver","Sucker Punch"],"picked":"Dagger Spray","floor":1},{"not_picked":["Slice","Acrobatics"],"picked":"Predator","floor":3},{"not_picked":["Cloak And Dagger","Distraction"],"picked":"Noxious Fumes","floor":5},{"not_picked":["Bane","Prepared"],"picked":"Backflip","floor":7},{"not_picked":["Blade Dance+1","Choke"],"picked":"Cloak And Dagger+1","floor":11},{"not_picked":["Terror+1","Footwork"],"picked":"Catalyst+1","floor":12},{"not_picked":["Quick Slash","Flechettes"],"picked":"Crippling Poison+1","floor":13},{"not_picked":["Tools of the Trade","Die Die Die"],"picked":"After Image","floor":16},{"not_picked":["Dagger Throw+1","Backflip+1"],"picked":"Cloak And Dagger+1","floor":18},{"not_picked":["Dagger Throw","Poisoned Stab+1"],"picked":"Footwork","floor":19},{"not_picked":["Reflex+1","Skewer","Sucker Punch"],"picked":"Singing Bowl","floor":23},{"not_picked":["Backflip+1","Eviscerate"],"picked":"Dodge and Roll+1","floor":25},{"not_picked":["Deflect+1","Sucker Punch+1"],"picked":"Malaise+1","floor":28},{"not_picked":["Flying Knee","Deflect+1"],"picked":"Backflip+1","floor":29}],"player_experience":1191184,"relics_obtained":[{"floor":7,"key":"Singing Bowl"},{"floor":9,"key":"Toxic Egg 2"},{"floor":12,"key":"Dead Branch"},{"floor":23,"key":"Sundial"},{"floor":26,"key":"Kunai"},{"floor":29,"key":"Ginger"},{"floor":29,"key":"Mummified Hand"}],"event_choices":[{"damage_healed":0,"gold_gain":0,"cards_transformed":["Strike_G"],"player_choice":"Transformed","damage_taken":0,"max_hp_gain":0,"max_hp_loss":0,"event_name":"Transmorgrifier","floor":2,"gold_loss":0,"cards_obtained":["Flechettes"]},{"damage_healed":0,"gold_gain":0,"player_choice":"Fled","damage_taken":0,"max_hp_gain":0,"max_hp_loss":0,"event_name":"Scrap Ooze","floor":14,"gold_loss":0},{"damage_healed":0,"gold_gain":0,"player_choice":"Became a vampire","damage_taken":0,"max_hp_gain":0,"max_hp_loss":20,"event_name":"Vampires","floor":20,"gold_loss":0,"cards_obtained":["Bite","Bite","Bite","Bite","Bite"]},{"damage_healed":0,"gold_gain":0,"player_choice":"Obtain J.A.X.","damage_taken":0,"max_hp_gain":0,"max_hp_loss":0,"event_name":"Drug Dealer","floor":22,"gold_loss":0,"cards_obtained":["J.A.X."]},{"damage_healed":0,"gold_gain":0,"player_choice":"Opened","damage_taken":0,"relics_obtained":["PreservedInsect"],"max_hp_gain":0,"max_hp_loss":0,"event_name":"The Mausoleum","floor":24,"gold_loss":0,"cards_obtained":["Writhe"]},{"damage_healed":0,"gold_gain":0,"player_choice":"Fight","damage_taken":0,"max_hp_gain":0,"max_hp_loss":0,"event_name":"Colosseum","floor":29,"gold_loss":0},{"damage_healed":0,"gold_gain":0,"player_choice":"Fought Nobs","damage_taken":0,"max_hp_gain":0,"max_hp_loss":0,"event_name":"Colosseum","floor":29,"gold_loss":0}],"is_beta":true,"boss_relics":[{"not_picked":["Ring of the Serpent","Runic Pyramid"],"picked":"Fusion Hammer"}],"items_purged_floors":[],"is_endless":false,"potions_floor_spawned":[3,7,16,18,28,29,29],"killed_by":"Sentry and Sphere","ascension_level":19}