{"gold_per_floor":[117,117,28,178,195,221,221,249,299,7,7,7,42,52,52,129,129,145,165,165,165,175,175,187,187,213,4,21,21,37,37,37,37],"floor_reached":33,"playtime":5929,"items_purged":["Doubt"],"score":576,"play_id":"b5ae24ef-abe1-4ead-89fe-761d97bb522d","local_time":"20190502090808","is_ascension_mode":true,"campfire_choices":[{"data":"Streamline","floor":7,"key":"SMITH"},{"data":"Go for the Eyes","floor":12,"key":"SMITH"},{"data":"Steam Power","floor":15,"key":"SMITH"},{"data":"Consume","floor":23,"key":"SMITH"},{"data":"Seek","floor":25,"key":"SMITH"},{"data":"Glacier","floor":29,"key":"SMITH"},{"data":"Hologram","floor":32,"key":"SMITH"}],"neow_cost":"NONE","seed_source_timestamp":1945401122263713,"circlet_count":0,"master_deck":["AscendersBane","Strike_B","Strike_B","Strike_B","Strike_B","Defend_B+1","Defend_B+1","Defend_B","Defend_B","Zap+1","Dualcast","Go for the Eyes+1","Self Repair","Streamline+1","Rebound","Heatsinks","Seek+1","Leap","Glacier+1","Steam Power+1","Biased Cognition+1","Hologram+1","Consume+1","Hologram+1","Core Surge"],"relics":["Cracked Core","NeowsBlessing","Strawberry","Bird Faced Urn","War Paint","Singing Bowl","Happy Flower","Snecko Eye","Bronze Scales"],"potions_floor_usage":[8,22,22,33,33],"damage_taken":[{"damage":0,"enemies":"Small Slimes","floor":1,"turns":1},{"damage":0,"enemies":"2 Louse","floor":5,"turns":1},{"damage":0,"enemies":"Gremlin Nob","floor":6,"turns":1},{"damage":13,"enemies":"Lagavulin","floor":8,"turns":6},{"damage":6,"enemies":"Gremlin Nob","floor":13,"turns":3},{"damage":0,"enemies":"Cultist","floor":14,"turns":4},{"damage":14,"enemies":"The Guardian","floor":16,"turns":14},{"damage":0,"enemies":"Chosen","floor":18,"turns":7},{"damage":11,"enemies":"2 Thieves","floor":19,"turns":4},{"damage":48,"enemies":"3 Cultists","floor":22,"turns":8},{"damage":3,"enemies":"Centurion and Healer","floor":24,"turns":11},{"damage":0,"enemies":"Shelled Parasite and Fungi","floor":28,"turns":7},{"damage":0,"enemies":"Chosen and Byrds","floor":30,"turns":7},{"damage":79,"enemies":"Automaton","floor":33,"turns":12}],"seed_played":"1664223087784990809","potions_obtained":[{"floor":6,"key":"Block Potion"},{"floor":8,"key":"Block Potion"},{"floor":13,"key":"LiquidBronze"},{"floor":24,"key":"Explosive Potion"}],"is_trial":false,"path_per_floor":["M","?","$","?","M","E","R","E","T","$","?","R","E","M","R","B",null,"M","M","?","?","M","R","M","R","T","$","M","R","M","?","R","B"],"character_chosen":"DEFECT","items_purchased":["Self Repair","Seek","Leap","Core Surge","Dexterity Potion"],"campfire_rested":0,"item_purchase_floors":[3,10,10,27,27],"current_hp_per_floor":[64,64,64,64,64,78,78,72,72,72,72,72,66,77,77,71,76,78,78,78,78,34,34,44,44,44,44,59,59,74,62,62,0],"gold":37,"neow_bonus":"THREE_ENEMY_KILL","is_prod":false,"is_daily":false,"chose_seed":false,"campfire_upgraded":7,"win_rate":0,"timestamp":1556802488,"path_taken":["M","?","$","?","M","E","R","E","T","$","?","R","E","M","R","BOSS","M","M","?","?","M","R","M","R","T","$","?","R","M","?","R","BOSS"],"build_version":"2019-01-23","purchased_purges":1,"victory":false,"max_hp_per_floor":[71,71,71,71,71,78,78,78,78,78,78,78,78,78,78,78,78,78,78,78,78,80,80,80,80,80,80,82,82,84,84,84,84],"card_choices":[{"not_picked":["Redo","Cold Snap"],"picked":"Go for the Eyes","floor":1},{"not_picked":["Hologram","Darkness"],"picked":"Streamline","floor":5},{"not_picked":["Aggregate","Blizzard"],"picked":"Rebound","floor":6},{"not_picked":["Gash","Sweeping Beam"],"picked":"Heatsinks","floor":8},{"not_picked":["Melter","Conserve Battery"],"picked":"Glacier","floor":13},{"not_picked":["Rainbow","Go for the Eyes"],"picked":"Steam Power","floor":14},{"not_picked":["Rainbow","Electrodynamics"],"picked":"Biased Cognition","floor":16},{"not_picked":["Lockon","Go for the Eyes"],"picked":"Hologram","floor":18},{"not_picked":["Skim","Cold Snap+1"],"picked":"Consume","floor":19},{"not_picked":["Stack","Cold Snap","Darkness"],"picked":"Singing Bowl","floor":22},{"not_picked":["Undo","Thunder Strike"],"picked":"Hologram+1","floor":24},{"not_picked":["Rebound","Redo","Sweeping Beam"],"picked":"Singing Bowl","floor":28},{"not_picked":["Ball Lightning","Rebound","BootSequence"],"picked":"Singing Bowl","floor":30}],"player_experience":3543512,"relics_obtained":[{"floor":6,"key":"Strawberry"},{"floor":8,"key":"Bird Faced Urn"},{"floor":9,"key":"War Paint"},{"floor":13,"key":"Happy Flower"},{"floor":26,"key":"Bronze Scales"}],"event_choices":[{"damage_healed":0,"gold_gain":0,"player_choice":"Grow","damage_taken":0,"max_hp_gain":0,"max_hp_loss":0,"event_name":"Living Wall","floor":2,"gold_loss":0,"cards_upgraded":["Zap"]},{"damage_healed":0,"gold_gain":150,"player_choice":"AGREE","damage_taken":0,"max_hp_gain":0,"max_hp_loss":0,"event_name":"Liars Game","floor":4,"gold_loss":0,"cards_obtained":["Doubt"]},{"damage_healed":0,"gold_gain":0,"player_choice":"Searched \u00271\u0027 times","damage_taken":0,"relics_obtained":["Singing Bowl"],"max_hp_gain":0,"max_hp_loss":0,"event_name":"Dead Adventurer","floor":11,"gold_loss":0},{"damage_healed":0,"gold_gain":0,"player_choice":"Ignored","damage_taken":0,"max_hp_gain":0,"max_hp_loss":0,"event_name":"Vampires","floor":20,"gold_loss":0},{"damage_healed":0,"gold_gain":0,"player_choice":"Upgraded","damage_taken":0,"max_hp_gain":0,"max_hp_loss":0,"event_name":"Upgrade Shrine","floor":21,"gold_loss":0,"cards_upgraded":["Biased Cognition"]},{"damage_healed":0,"gold_gain":0,"player_choice":"Damaged","damage_taken":12,"max_hp_gain":0,"max_hp_loss":0,"event_name":"Wheel of Change","floor":31,"gold_loss":0}],"is_beta":false,"boss_relics":[{"not_picked":["Eternal Feather","Calling Bell"],"picked":"Snecko Eye"}],"items_purged_floors":[10],"is_endless":false,"potions_floor_spawned":[6,8,13,16,18,19,24],"killed_by":"Automaton","ascension_level":20}