{"gold_per_floor":[118,118,68,30,45,45,100,100,100,200,234,248,276,289,289,384,384,401,401,419,419,25,56,70,70,152,52,52,52,52,80,80,178,178,197,297,314,328,328,328,338,354,354,369,2,2,36,46,46,46,46,46,21,56,56],"floor_reached":56,"playtime":4216,"items_purged":["Strike_R","Strike_R"],"score":1611,"play_id":"aa0bbe29-76eb-4dba-a40a-09f85c6aebd0","local_time":"20181206155314","is_ascension_mode":true,"campfire_choices":[{"data":"Demon Form","floor":6,"key":"SMITH"},{"data":"Battle Trance","floor":8,"key":"SMITH"},{"data":"Armaments","floor":15,"key":"SMITH"},{"floor":25,"key":"REST"},{"floor":28,"key":"REST"},{"data":"Bash","floor":30,"key":"SMITH"},{"floor":32,"key":"REST"},{"data":"Battle Trance","floor":40,"key":"SMITH"},{"floor":49,"key":"RECALL"},{"data":"Shockwave","floor":52,"key":"SMITH"}],"neow_cost":"TEN_PERCENT_HP_LOSS","seed_source_timestamp":1959562454976399,"circlet_count":0,"master_deck":["Strike_R","Strike_R","Defend_R","Defend_R","Defend_R","Defend_R","Bash+1","Demon Form+1","Heavy Blade","Battle Trance+1","Seeing Red","Shockwave+1","Armaments+1","Offering","Sentinel+1","Necronomicurse","Intimidate+1","Seeing Red","Battle Trance+1","Entrench","Shrug It Off+1","Barricade","Metallicize","Ghostly Armor","Inflame","Body Slam+1","Heavy Blade+1","Shrug It Off"],"relics":["Burning Blood","Pocketwatch","Singing Bowl","Orichalcum","Calipers","Runic Cube","Necronomicon","Incense Burner","Bottled Tornado","Happy Flower","Darkstone Periapt","PreservedInsect","Sozu","Regal Pillow","Mummified Hand","Molten Egg 2","Torii"],"potions_floor_usage":[13,14,14,16,23,55,55],"damage_taken":[{"damage":0,"enemies":"Small Slimes","floor":1,"turns":3},{"damage":0,"enemies":"2 Louse","floor":5,"turns":2},{"damage":28,"enemies":"Gremlin Nob","floor":7,"turns":4},{"damage":30,"enemies":"3 Sentries","floor":11,"turns":5},{"damage":0,"enemies":"Cultist","floor":12,"turns":3},{"damage":0,"enemies":"Lagavulin","floor":13,"turns":5},{"damage":7,"enemies":"Exordium Thugs","floor":14,"turns":4},{"damage":38,"enemies":"The Guardian","floor":16,"turns":10},{"damage":12,"enemies":"3 Byrds","floor":18,"turns":4},{"damage":15,"enemies":"2 Thieves","floor":20,"turns":4},{"damage":26,"enemies":"Slavers","floor":23,"turns":8},{"damage":13,"enemies":"Snecko","floor":24,"turns":4},{"damage":19,"enemies":"Book of Stabbing","floor":31,"turns":4},{"damage":1,"enemies":"Collector","floor":33,"turns":5},{"damage":4,"enemies":"3 Shapes","floor":35,"turns":5},{"damage":15,"enemies":"3 Darklings","floor":37,"turns":4},{"damage":11,"enemies":"Transient","floor":38,"turns":5},{"damage":11,"enemies":"Writhing Mass","floor":41,"turns":4},{"damage":27,"enemies":"Sphere and 2 Shapes","floor":42,"turns":8},{"damage":0,"enemies":"Transient","floor":44,"turns":5},{"damage":5,"enemies":"Nemesis","floor":47,"turns":5},{"damage":6,"enemies":"Maw","floor":48,"turns":5},{"damage":25,"enemies":"Donu and Deca","floor":50,"turns":8},{"damage":3,"enemies":"Shield and Spear","floor":54,"turns":5},{"damage":81,"enemies":"The Heart","floor":55,"turns":7}],"seed_played":"5224536837381736213","potions_obtained":[{"floor":1,"key":"Ancient Potion"},{"floor":7,"key":"Explosive Potion"},{"floor":11,"key":"Fire Potion"},{"floor":12,"key":"Energy Potion"},{"floor":14,"key":"SkillPotion"},{"floor":20,"key":"Ancient Potion"},{"floor":31,"key":"EssenceOfSteel"},{"floor":33,"key":"Fire Potion"}],"is_trial":false,"path_per_floor":["M","?","?","$","M","R","?","R","T","?","E","M","E","M","R","B",null,"M","?","M","?","$","E","M","R","T","$","R","T","R","E","R","B",null,"M","?","M","M","?","R","M","M","T","M","$","?","E","M","R","B",null,"R","$","E","B",null],"character_chosen":"IRONCLAD","items_purchased":["Battle Trance","Bottled Tornado","Seeing Red","Mummified Hand","Metallicize","Ghostly Armor","Heavy Blade+1"],"campfire_rested":3,"item_purchase_floors":[4,22,22,45,45,45,53],"current_hp_per_floor":[72,77,77,77,77,77,55,55,55,55,33,41,47,48,48,16,66,60,44,35,35,35,17,12,38,38,38,64,64,64,53,79,86,90,93,93,84,79,81,81,78,57,57,63,63,63,64,64,64,45,84,84,84,87,12],"gold":56,"neow_bonus":"THREE_RARE_CARDS","is_prod":false,"is_daily":false,"chose_seed":false,"campfire_upgraded":6,"win_rate":0,"timestamp":1544129594,"path_taken":["M","?","?","$","M","R","?","R","T","?","E","M","E","?","R","BOSS","M","?","M","?","$","E","?","R","T","$","R","?","R","E","R","BOSS","M","?","M","?","?","R","M","M","T","M","$","?","E","?","R","BOSS","R","$","E","BOSS"],"build_version":"2018-11-15","purchased_purges":2,"victory":true,"max_hp_per_floor":[72,77,77,77,77,77,77,77,77,77,79,81,81,83,83,83,83,83,83,83,83,83,85,87,87,87,87,87,87,87,89,89,91,91,93,93,93,93,95,95,97,97,97,97,97,97,97,97,97,97,97,97,97,97,97],"card_choices":[{"not_picked":["Immolate","Offering"],"picked":"Demon Form","floor":0},{"not_picked":["Armaments","Anger"],"picked":"Heavy Blade","floor":1},{"not_picked":["Reckless Charge","Sword Boomerang"],"picked":"Seeing Red","floor":5},{"not_picked":["Flex","Headbutt"],"picked":"Shockwave","floor":7},{"not_picked":["Pummel","Cleave","Juggernaut"],"picked":"Singing Bowl","floor":11},{"not_picked":["Power Through","Twin Strike","Clash"],"picked":"Singing Bowl","floor":12},{"not_picked":["Dark Embrace","Cleave"],"picked":"Armaments","floor":13},{"not_picked":["Pommel Strike","Inflame","Flex"],"picked":"Singing Bowl","floor":14},{"not_picked":["Bludgeon","Double Tap"],"picked":"Offering","floor":16},{"not_picked":["Pommel Strike+1","Anger+1"],"picked":"Sentinel+1","floor":18},{"not_picked":["Hemokinesis","Blood for Blood"],"picked":"Intimidate+1","floor":20},{"not_picked":["Headbutt","Thunderclap","Pommel Strike"],"picked":"Singing Bowl","floor":23},{"not_picked":["Sword Boomerang","Ghostly Armor","Heavy Blade"],"picked":"Singing Bowl","floor":24},{"not_picked":["Cleave+1","Sword Boomerang+1","Evolve"],"picked":"Singing Bowl","floor":31},{"not_picked":["Double Tap","Juggernaut","Offering"],"picked":"Singing Bowl","floor":33},{"not_picked":["Thunderclap+1","Whirlwind+1","Cleave+1"],"picked":"Singing Bowl","floor":35},{"not_picked":["Pommel Strike+1","Clothesline+1"],"picked":"Battle Trance","floor":37},{"not_picked":["Twin Strike+1","Heavy Blade"],"picked":"Entrench","floor":38},{"not_picked":["Apotheosis","Dramatic Entrance","Mind Blast"],"picked":"Singing Bowl","floor":39},{"not_picked":["Fire Breathing","Thunderclap","Perfected Strike"],"picked":"Singing Bowl","floor":41},{"not_picked":["Burning Pact","Armaments+1"],"picked":"Shrug It Off+1","floor":42},{"not_picked":["Pommel Strike","Havoc"],"picked":"Barricade","floor":44},{"not_picked":["Warcry+1","Hemokinesis"],"picked":"Inflame","floor":47},{"not_picked":["Reckless Charge+1","Anger+1"],"picked":"Body Slam+1","floor":48},{"not_picked":["Flex+1","Searing Blow+1"],"picked":"Shrug It Off","floor":54}],"player_experience":2687023,"relics_obtained":[{"floor":7,"key":"Pocketwatch"},{"floor":9,"key":"Singing Bowl"},{"floor":11,"key":"Orichalcum"},{"floor":13,"key":"Calipers"},{"floor":19,"key":"Necronomicon"},{"floor":21,"key":"Incense Burner"},{"floor":23,"key":"Happy Flower"},{"floor":29,"key":"Darkstone Periapt"},{"floor":31,"key":"PreservedInsect"},{"floor":43,"key":"Regal Pillow"},{"floor":47,"key":"Molten Egg 2"},{"floor":54,"key":"Torii"}],"event_choices":[{"damage_healed":0,"gold_gain":0,"player_choice":"Donut","damage_taken":0,"max_hp_gain":5,"max_hp_loss":0,"event_name":"Big Fish","floor":2,"gold_loss":0},{"cards_removed":["Strike_R"],"damage_healed":0,"gold_gain":0,"player_choice":"Card Removal","damage_taken":0,"max_hp_gain":0,"max_hp_loss":0,"event_name":"The Cleric","floor":3,"gold_loss":50},{"damage_healed":0,"gold_gain":0,"player_choice":"Searched \u00271\u0027 times","damage_taken":0,"max_hp_gain":0,"max_hp_loss":0,"event_name":"Dead Adventurer","floor":7,"gold_loss":0},{"damage_healed":0,"gold_gain":100,"player_choice":"Pray","damage_taken":0,"max_hp_gain":0,"max_hp_loss":0,"event_name":"Golden Shrine","floor":10,"gold_loss":0},{"damage_healed":0,"gold_gain":0,"player_choice":"Obtained Book","damage_taken":16,"max_hp_gain":0,"max_hp_loss":0,"event_name":"Cursed Tome","floor":19,"gold_loss":0},{"damage_healed":0,"gold_gain":0,"player_choice":"Relic","damage_taken":0,"max_hp_gain":0,"max_hp_loss":0,"event_name":"Wheel of Change","floor":21,"gold_loss":0},{"damage_healed":0,"gold_gain":100,"player_choice":"Pray","damage_taken":0,"max_hp_gain":0,"max_hp_loss":0,"event_name":"Golden Shrine","floor":36,"gold_loss":0},{"damage_healed":0,"gold_gain":0,"player_choice":"Memory 1","damage_taken":0,"max_hp_gain":0,"max_hp_loss":0,"event_name":"SensoryStone","floor":39,"gold_loss":0},{"damage_healed":0,"gold_gain":0,"player_choice":"Ignored","damage_taken":0,"max_hp_gain":0,"max_hp_loss":0,"event_name":"WeMeetAgain","floor":46,"gold_loss":0}],"is_beta":false,"boss_relics":[{"not_picked":["Philosopher\u0027s Stone","Coffee Dripper"],"picked":"Runic Cube"},{"not_picked":["White Beast Statue","Empty Cage"],"picked":"Sozu"}],"items_purged_floors":[22,27],"is_endless":false,"potions_floor_spawned":[1,7,11,12,14,20,31,33,35,38,44,48,54],"ascension_level":6}