{"gold_per_floor":[213,230,230,248,18,18,46,62,86,120,131,131,150,170,170,247,247,260,280,21,21,21,21,21],"floor_reached":24,"playtime":1372,"items_purged":["Pain"],"score":416,"play_id":"296615c5-dbdb-4bac-b5f5-b3f5a8792aea","local_time":"20190502094015","is_ascension_mode":true,"campfire_choices":[{"data":"Defragment","floor":6,"key":"SMITH"},{"floor":12,"key":"REST"},{"data":"Defragment","floor":15,"key":"SMITH"}],"neow_cost":"NONE","seed_source_timestamp":1951881465589403,"circlet_count":0,"master_deck":["AscendersBane","Zap","Dualcast","Auto Shields","Barrage","Go for the Eyes","Defragment+1","Ball Lightning","Leap","Turbo","Defragment","FTL","Defragment+1","Cold Snap","Echo Form","Skim","Genetic Algorithm","Amplify","Echo Form","Turbo","Scrape","Conserve Battery","Fission","Hologram","Capacitor"],"relics":["Cracked Core","WarpedTongs","Potion Belt","Centennial Puzzle","Regal Pillow","Pandora\u0027s Box","Lee\u0027s Waffle"],"potions_floor_usage":[7,7,13,16,16,16,19],"damage_taken":[{"damage":9,"enemies":"Small Slimes","floor":1,"turns":4},{"damage":0,"enemies":"Cultist","floor":2,"turns":3},{"damage":8,"enemies":"Jaw Worm","floor":4,"turns":4},{"damage":22,"enemies":"3 Sentries","floor":7,"turns":4},{"damage":0,"enemies":"Large Slime","floor":8,"turns":4},{"damage":8,"enemies":"Gremlin Nob","floor":10,"turns":3},{"damage":0,"enemies":"Looter","floor":11,"turns":2},{"damage":11,"enemies":"2 Fungi Beasts","floor":13,"turns":3},{"damage":2,"enemies":"Exordium Wildlife","floor":14,"turns":3},{"damage":19,"enemies":"Slime Boss","floor":16,"turns":7},{"damage":19,"enemies":"Shell Parasite","floor":18,"turns":4},{"damage":21,"enemies":"Chosen","floor":19,"turns":6},{"damage":56,"enemies":"Colosseum Slavers","floor":23,"turns":6},{"damage":26,"enemies":"Slavers","floor":24,"turns":2}],"seed_played":"-2509450683714140503","potions_obtained":[{"floor":1,"key":"SkillPotion"},{"floor":10,"key":"Fire Potion"},{"floor":11,"key":"SteroidPotion"},{"floor":13,"key":"SteroidPotion"},{"floor":14,"key":"SkillPotion"},{"floor":18,"key":"EssenceOfSteel"}],"is_trial":false,"path_per_floor":["M","M","?","M","$","R","E","M","T","E","M","R","M","M","R","B",null,"M","M","$","?","?","?","E"],"character_chosen":"DEFECT","items_purchased":["Defragment","Ball Lightning","SteroidPotion","Capacitor","Lee\u0027s Waffle"],"campfire_rested":1,"item_purchase_floors":[5,5,5,20,20],"current_hp_per_floor":[55,55,55,47,47,47,25,25,25,17,17,53,42,40,40,21,59,40,19,78,78,78,22,0],"gold":21,"neow_bonus":"HUNDRED_GOLD","is_prod":false,"is_daily":false,"chose_seed":false,"campfire_upgraded":2,"win_rate":0,"timestamp":1556804415,"path_taken":["M","M","?","M","$","R","E","M","T","E","M","R","M","?","R","BOSS","M","M","$","?","?","?","E"],"build_version":"2019-01-23","purchased_purges":1,"victory":false,"max_hp_per_floor":[71,71,71,71,71,71,71,71,71,71,71,71,71,71,71,71,71,71,71,78,78,78,78,78],"card_choices":[{"not_picked":["Aggregate","Double Energy"],"picked":"Auto Shields","floor":1},{"not_picked":["Hologram","Redo"],"picked":"Barrage","floor":2},{"not_picked":["Ball Lightning","Hologram"],"picked":"Go for the Eyes","floor":4},{"not_picked":["Streamline","Beam Cell"],"picked":"Leap","floor":7},{"not_picked":["Sweeping Beam","Leap"],"picked":"Turbo","floor":8},{"not_picked":["All For One","Doom and Gloom"],"picked":"Defragment","floor":10},{"not_picked":["Turbo","Barrage"],"picked":"FTL","floor":11},{"not_picked":["Recycle","Sweeping Beam"],"picked":"Defragment","floor":13},{"not_picked":["Turbo","Static Discharge"],"picked":"Cold Snap","floor":14},{"not_picked":["Hyperbeam","Electrodynamics"],"picked":"Echo Form","floor":16},{"not_picked":["Sweeping Beam","Streamline"],"picked":"Hologram","floor":18},{"not_picked":["Static Discharge","Gash","Beam Cell"],"picked":"SKIP","floor":19}],"player_experience":3549970,"relics_obtained":[{"floor":7,"key":"Potion Belt"},{"floor":9,"key":"Centennial Puzzle"},{"floor":10,"key":"Regal Pillow"}],"event_choices":[{"damage_healed":0,"gold_gain":0,"player_choice":"Rummage","damage_taken":0,"relics_obtained":["WarpedTongs"],"max_hp_gain":0,"max_hp_loss":0,"event_name":"Accursed Blacksmith","floor":3,"gold_loss":0,"cards_obtained":["Pain"]},{"damage_healed":0,"gold_gain":0,"player_choice":"Ignored","damage_taken":0,"max_hp_gain":0,"max_hp_loss":0,"event_name":"The Mausoleum","floor":21,"gold_loss":0},{"damage_healed":0,"gold_gain":0,"player_choice":"Fight","damage_taken":0,"max_hp_gain":0,"max_hp_loss":0,"event_name":"Colosseum","floor":23,"gold_loss":0},{"damage_healed":0,"gold_gain":0,"player_choice":"Fled From Nobs","damage_taken":0,"max_hp_gain":0,"max_hp_loss":0,"event_name":"Colosseum","floor":23,"gold_loss":0}],"is_beta":false,"boss_relics":[{"not_picked":["Cursed Key","Black Star"],"picked":"Pandora\u0027s Box"}],"items_purged_floors":[5],"is_endless":false,"potions_floor_spawned":[1,10,11,13,14,18,23],"killed_by":"Slavers","ascension_level":20}