{"gold_per_floor":[113,30,49,49,66,66,86,120,171,171],"floor_reached":10,"playtime":538,"items_purged":[],"score":133,"play_id":"0500f2ff-94e2-429b-a20b-41f85bf7690f","local_time":"20181113222728","is_ascension_mode":true,"campfire_choices":[{"data":"Neutralize","floor":6,"key":"SMITH"}],"neow_cost":"CURSE","seed_source_timestamp":225309560673,"circlet_count":0,"master_deck":["AscendersBane","Defend_G","Defend_G","Defend_G","Defend_G","Defend_G","Strike_G","Strike_G","Strike_G","Strike_G","Strike_G","Survivor","Neutralize+1","Writhe","Noxious Fumes+1","Quick Slash","Flying Knee","Catalyst","Adrenaline"],"relics":["Ring of the Snake","Ice Cream","Kunai","Happy Flower"],"potions_floor_usage":[3,3,8,10],"damage_taken":[{"damage":11,"enemies":"2 Louse","floor":1,"turns":3},{"damage":4,"enemies":"Cultist","floor":3,"turns":4},{"damage":4,"enemies":"Small Slimes","floor":5,"turns":4},{"damage":3,"enemies":"Looter","floor":7,"turns":3},{"damage":27,"enemies":"3 Sentries","floor":8,"turns":7},{"damage":15,"enemies":"Gremlin Gang","floor":10,"turns":1}],"seed_played":"-237613033008575371","potions_obtained":[{"floor":1,"key":"EntropicBrew"},{"floor":5,"key":"SpeedPotion"}],"is_trial":false,"path_per_floor":["M","$","M","?","M","R","M","E","T","M"],"character_chosen":"THE_SILENT","items_purchased":["Noxious Fumes"],"campfire_rested":0,"item_purchase_floors":[2],"current_hp_per_floor":[48,48,44,44,40,40,37,10,10,0],"gold":171,"neow_bonus":"ONE_RARE_RELIC","is_prod":false,"is_daily":false,"chose_seed":false,"campfire_upgraded":1,"win_rate":0,"timestamp":1542166048,"path_taken":["M","$","M","?","M","R","M","E","T","?"],"build_version":"2018-11-08","purchased_purges":0,"victory":false,"max_hp_per_floor":[66,66,66,66,66,66,66,66,66,66],"card_choices":[{"not_picked":["Bane","Endless Agony","Underhanded Strike"],"picked":"SKIP","floor":1},{"not_picked":["PiercingWail","All Out Attack"],"picked":"Quick Slash","floor":3},{"not_picked":["Bane","Setup"],"picked":"Flying Knee","floor":5},{"not_picked":["Acrobatics","Concentrate"],"picked":"Catalyst","floor":7},{"not_picked":["Accuracy","Tools of the Trade"],"picked":"Adrenaline","floor":8}],"player_experience":2273162,"relics_obtained":[{"floor":8,"key":"Kunai"},{"floor":9,"key":"Happy Flower"}],"event_choices":[{"damage_healed":0,"gold_gain":0,"player_choice":"Forge","damage_taken":0,"max_hp_gain":0,"max_hp_loss":0,"event_name":"Accursed Blacksmith","floor":4,"gold_loss":0,"cards_upgraded":["Noxious Fumes"]}],"is_beta":false,"boss_relics":[],"items_purged_floors":[],"is_endless":false,"potions_floor_spawned":[1,5],"killed_by":"Gremlin Gang","ascension_level":19}