{"gold_per_floor":[109,121,136,86,86,86,117,117,147,147,222,241,241,44,44,145,145,165,177,188,215,215,215,246,246,246,23,23,33,60,79,79,177,177,194,18,18,118,128,157,157,157,157,157,157,182,194,206,218,230],"floor_reached":51,"playtime":2226,"items_purged":["Strike_G","Defend_G"],"score":762,"play_id":"4608201f-ef05-48b3-a968-725e45d7d045","local_time":"20190718100404","is_ascension_mode":false,"campfire_choices":[{"data":"Neutralize","floor":6,"key":"SMITH"},{"data":"Catalyst","floor":8,"key":"SMITH"},{"data":"Bouncing Flask","floor":10,"key":"SMITH"},{"data":"Bane","floor":13,"key":"SMITH"},{"data":"Noxious Fumes","floor":15,"key":"SMITH"},{"data":"Bane","floor":23,"key":"SMITH"},{"floor":25,"key":"REST"},{"floor":28,"key":"REST"},{"data":"Bouncing Flask","floor":32,"key":"SMITH"},{"floor":41,"key":"REST"},{"floor":44,"key":"REST"},{"data":"Dodge and Roll","floor":47,"key":"SMITH"},{"floor":49,"key":"REST"}],"neow_cost":"NONE","seed_source_timestamp":637931927237951,"circlet_count":0,"master_deck":["Defend_G","Defend_G","Defend_G","Defend_G","Survivor","Neutralize+1","Bouncing Flask+1","Bane+1","Bane+1","Catalyst+1","Noxious Fumes+1","Die Die Die","Backstab","PiercingWail","PiercingWail","Bouncing Flask+1","Footwork+1","PiercingWail","After Image","Crippling Poison","Backflip","Dodge and Roll+1","Catalyst+1","Adrenaline+1","Catalyst+1"],"relics":["Ring of the Snake","Shuriken","Tiny Chest","Empty Cage","Vajra","Matryoshka","Snake Skull","Dream Catcher","Bag of Marbles","Velvet Choker","Juzu Bracelet","Unceasing Top","Mercury Hourglass","Kunai","Bottled Tornado","MawBank"],"potions_floor_usage":[3,16,19,24,24,30,33,33,40,50,50],"damage_taken":[{"damage":0,"enemies":"2 Louse","floor":1,"turns":3},{"damage":4,"enemies":"Small Slimes","floor":2,"turns":3},{"damage":0,"enemies":"Cultist","floor":3,"turns":3},{"damage":13,"enemies":"Lagavulin","floor":7,"turns":7},{"damage":10,"enemies":"Exordium Thugs","floor":12,"turns":4},{"damage":21,"enemies":"Slime Boss","floor":16,"turns":4},{"damage":5,"enemies":"3 Byrds","floor":18,"turns":3},{"damage":10,"enemies":"2 Thieves","floor":19,"turns":3},{"damage":7,"enemies":"Snecko","floor":20,"turns":3},{"damage":22,"enemies":"Gremlin Leader","floor":24,"turns":5},{"damage":5,"enemies":"Sentry and Sphere","floor":29,"turns":4},{"damage":13,"enemies":"Book of Stabbing","floor":30,"turns":4},{"damage":0,"enemies":"Centurion and Healer","floor":31,"turns":4},{"damage":9,"enemies":"Collector","floor":33,"turns":5},{"damage":13,"enemies":"3 Darklings","floor":35,"turns":6},{"damage":3,"enemies":"Mind Bloom Boss Battle","floor":38,"turns":5},{"damage":3,"enemies":"3 Shapes","floor":39,"turns":3},{"damage":22,"enemies":"Nemesis","floor":40,"turns":5},{"damage":14,"enemies":"Reptomancer","floor":46,"turns":4},{"damage":27,"enemies":"Time Eater","floor":50,"turns":7}],"seed_played":"-1259914813749853628","potions_obtained":[{"floor":1,"key":"Fruit Juice"},{"floor":12,"key":"GamblersBrew"},{"floor":16,"key":"Block Potion"},{"floor":19,"key":"Block Potion"},{"floor":24,"key":"AttackPotion"},{"floor":29,"key":"Regen Potion"},{"floor":33,"key":"Block Potion"},{"floor":39,"key":"Strength Potion"},{"floor":40,"key":"Ancient Potion"},{"floor":46,"key":"Regen Potion"}],"is_trial":false,"path_per_floor":["M","M","M","?","?","R","E","R","T","R","?","M","R","$","R","B",null,"M","M","M","T","?","R","E","R","T","$","R","M","E","M","R","B",null,"M","$","?","?","M","E","R","?","T","R","?","E","R","?","R","B",null],"character_chosen":"THE_SILENT","items_purchased":["Noxious Fumes","Weak Potion","PiercingWail","GamblersBrew","Backflip","Juzu Bracelet"],"campfire_rested":5,"item_purchase_floors":[14,14,27,27,36,36],"current_hp_per_floor":[70,66,71,71,71,71,58,58,58,58,51,41,41,41,41,20,75,70,60,53,53,53,53,31,53,53,53,75,70,57,57,57,63,75,62,62,62,59,56,34,56,56,56,75,75,61,61,61,75,48],"gold":242,"neow_bonus":"REMOVE_CARD","is_prod":false,"is_daily":false,"chose_seed":false,"campfire_upgraded":8,"win_rate":0,"timestamp":1563458644,"path_taken":["M","M","M","?","?","R","E","R","T","R","?","M","R","$","R","BOSS","M","?","M","?","?","R","E","R","T","?","R","M","E","M","R","BOSS","M","$","?","?","M","E","R","?","T","R","?","E","R","?","R","BOSS"],"build_version":"2019-07-17","purchased_purges":2,"victory":true,"max_hp_per_floor":[70,70,75,75,75,75,75,75,75,75,75,75,75,75,75,75,75,75,75,75,75,75,75,75,75,75,75,75,75,75,75,75,75,75,75,75,75,75,75,75,75,75,75,75,75,75,75,75,75,75],"card_choices":[{"not_picked":["Blade Dance","Choke"],"picked":"Bouncing Flask","floor":1},{"not_picked":["Poisoned Stab","Expertise"],"picked":"Bane","floor":2},{"not_picked":["Deflect","Expertise"],"picked":"Bane","floor":3},{"not_picked":["Quick Slash","Bouncing Flask"],"picked":"Catalyst","floor":7},{"not_picked":["Poisoned Stab","Blade Dance","Tactician"],"picked":"SKIP","floor":12},{"not_picked":["Grand Finale","Glass Knife"],"picked":"Die Die Die","floor":16},{"not_picked":["Flying Knee","Poisoned Stab+1"],"picked":"Backstab","floor":18},{"not_picked":["Terror","Dagger Spray","Flying Knee"],"picked":"SKIP","floor":19},{"not_picked":["Tactician","Slice","Accuracy"],"picked":"SKIP","floor":20},{"not_picked":["Deadly Poison","Flying Knee+1","Unload"],"picked":"SKIP","floor":24},{"not_picked":["Quick Slash","Riddle With Holes"],"picked":"PiercingWail","floor":28},{"not_picked":["Flying Knee+1","Dagger Spray+1"],"picked":"Bouncing Flask","floor":29},{"not_picked":["Tactician+1","Prepared"],"picked":"Footwork+1","floor":30},{"not_picked":["Poisoned Stab","Acrobatics"],"picked":"PiercingWail","floor":31},{"not_picked":["Unload","Storm of Steel"],"picked":"After Image","floor":33},{"not_picked":["Riddle With Holes","Sucker Punch"],"picked":"Crippling Poison","floor":35},{"not_picked":["All Out Attack","Cloak And Dagger"],"picked":"Dodge and Roll","floor":38},{"not_picked":["Accuracy+1","Caltrops+1"],"picked":"Catalyst+1","floor":39},{"not_picked":["Flying Knee","Deflect+1"],"picked":"Adrenaline","floor":40},{"not_picked":["Prepared","Cloak And Dagger"],"picked":"Catalyst+1","floor":41},{"not_picked":["Dagger Spray","Terror","Underhanded Strike+1"],"picked":"SKIP","floor":46}],"player_experience":4030811,"relics_obtained":[{"floor":7,"key":"Shuriken"},{"floor":9,"key":"Tiny Chest"},{"floor":21,"key":"Vajra"},{"floor":24,"key":"Matryoshka"},{"floor":26,"key":"Snake Skull"},{"floor":26,"key":"Dream Catcher"},{"floor":30,"key":"Bag of Marbles"},{"floor":38,"key":"Unceasing Top"},{"floor":40,"key":"Mercury Hourglass"},{"floor":43,"key":"Kunai"},{"floor":43,"key":"Bottled Tornado"},{"floor":46,"key":"MawBank"}],"event_choices":[{"cards_removed":["Strike_G"],"damage_healed":0,"gold_gain":0,"player_choice":"Card Removal","damage_taken":0,"max_hp_gain":0,"max_hp_loss":0,"event_name":"The Cleric","floor":4,"gold_loss":50},{"damage_healed":0,"gold_gain":0,"player_choice":"Ignored","damage_taken":0,"max_hp_gain":0,"max_hp_loss":0,"event_name":"Liars Game","floor":5,"gold_loss":0},{"damage_healed":0,"gold_gain":75,"player_choice":"Touch","damage_taken":7,"max_hp_gain":0,"max_hp_loss":0,"event_name":"FaceTrader","floor":11,"gold_loss":0},{"damage_healed":0,"gold_gain":0,"player_choice":"Ignored","damage_taken":0,"max_hp_gain":0,"max_hp_loss":0,"event_name":"Vampires","floor":22,"gold_loss":0},{"damage_healed":0,"gold_gain":0,"player_choice":"Memory 1","damage_taken":0,"max_hp_gain":0,"max_hp_loss":0,"event_name":"SensoryStone","floor":37,"gold_loss":0},{"damage_healed":0,"gold_gain":0,"player_choice":"Fight","damage_taken":0,"max_hp_gain":0,"max_hp_loss":0,"event_name":"MindBloom","floor":38,"gold_loss":0},{"damage_healed":0,"gold_gain":0,"player_choice":"Ignored","damage_taken":0,"max_hp_gain":0,"max_hp_loss":0,"event_name":"Tomb of Lord Red Mask","floor":42,"gold_loss":0},{"damage_healed":0,"gold_gain":0,"player_choice":"Forge","damage_taken":0,"max_hp_gain":0,"max_hp_loss":0,"event_name":"Accursed Blacksmith","floor":45,"gold_loss":0,"cards_upgraded":["Adrenaline"]},{"damage_healed":0,"gold_gain":0,"player_choice":"Ignored","damage_taken":0,"max_hp_gain":0,"max_hp_loss":0,"event_name":"Mysterious Sphere","floor":48,"gold_loss":0}],"is_beta":false,"boss_relics":[{"not_picked":["Runic Dome","White Beast Statue"],"picked":"Empty Cage"},{"not_picked":["Busted Crown","HoveringKite"],"picked":"Velvet Choker"}],"items_purged_floors":[14,27],"is_endless":false,"potions_floor_spawned":[1,12,16,19,24,29,33,39,40,46],"ascension_level":0}