{"gold_per_floor":[109,122,133,11,30,61,61,89,113,142,154,104,104,123,123,221,221,232,252,4,4,18,52,52,52,52,52,52,72,72,86,86,186,186,205,205,216,40,60,60,70,70,152,152,162,162,162,15,15,15],"floor_reached":51,"playtime":8177,"items_purged":["Strike_G","Strike_G"],"score":733,"play_id":"2268c408-a19f-4b70-9a6b-1d089a6e1965","local_time":"20190708102631","is_ascension_mode":true,"campfire_choices":[{"data":"Neutralize","floor":7.0,"key":"SMITH"},{"data":"Dash","floor":13.0,"key":"SMITH"},{"floor":15.0,"key":"REST"},{"data":"Noxious Fumes","floor":24.0,"key":"SMITH"},{"data":"Calculated Gamble","floor":27.0,"key":"SMITH"},{"floor":30.0,"key":"REST"},{"data":"Tools of the Trade","floor":32.0,"key":"SMITH"},{"data":"Crippling Poison","floor":40.0,"key":"SMITH"},{"data":"Glass Knife","floor":42.0,"key":"SMITH"},{"data":"Tactician","floor":44.0,"key":"SMITH"},{"data":"Well Laid Plans","floor":46.0,"key":"SMITH"},{"data":"Noxious Fumes","floor":49,"key":"SMITH"}],"neow_cost":"NONE","seed_source_timestamp":0,"circlet_count":0,"master_deck":["Strike_G","Strike_G","Defend_G","Defend_G","Defend_G","Defend_G","Survivor","Neutralize+1","Poisoned Stab","Crippling Poison+1","Dagger Throw","Backflip","Cloak And Dagger","All Out Attack","Dash+1","Tools of the Trade+1","Well Laid Plans+1","Calculated Gamble+1","Glass Knife+1","Predator","Noxious Fumes+1","Tactician+1","Leg Sweep+1","Outmaneuver+1","Prepared+1","Blur+1","Malaise+1","Bane+1","Calculated Gamble+1","Distraction+1","Catalyst+1","Noxious Fumes+1"],"special_seed":0,"relics":["Ring of the Snake","Centennial Puzzle","Potion Belt","Oddly Smooth Stone","Omamori","White Beast Statue","PreservedInsect","Ginger","Toxic Egg 2","Tough Bandages","Busted Crown","Paper Crane"],"potions_floor_usage":[],"damage_taken":[{"damage":1.0,"enemies":"2 Louse","floor":1.0,"turns":3.0},{"damage":0.0,"enemies":"Small Slimes","floor":2.0,"turns":3.0},{"damage":2.0,"enemies":"Jaw Worm","floor":3.0,"turns":5.0},{"damage":3.0,"enemies":"Looter","floor":5.0,"turns":4.0},{"damage":17.0,"enemies":"3 Sentries","floor":6.0,"turns":11.0},{"damage":16.0,"enemies":"Lagavulin","floor":8.0,"turns":8.0},{"damage":12.0,"enemies":"3 Sentries","floor":10.0,"turns":8.0},{"damage":1.0,"enemies":"Blue Slaver","floor":11.0,"turns":4.0},{"damage":3.0,"enemies":"Large Slime","floor":14.0,"turns":5.0},{"damage":1.0,"enemies":"The Guardian","floor":16.0,"turns":14.0},{"damage":0.0,"enemies":"Chosen","floor":18.0,"turns":6.0},{"damage":17.0,"enemies":"Spheric Guardian","floor":19.0,"turns":5.0},{"damage":17.0,"enemies":"3 Cultists","floor":22.0,"turns":6.0},{"damage":22.0,"enemies":"Slavers","floor":23.0,"turns":5.0},{"damage":4.0,"enemies":"Sentry and Sphere","floor":29.0,"turns":6.0},{"damage":0.0,"enemies":"Snecko","floor":31.0,"turns":4.0},{"damage":17.0,"enemies":"Champ","floor":33.0,"turns":16.0},{"damage":0.0,"enemies":"3 Shapes","floor":35.0,"turns":7.0},{"damage":0.0,"enemies":"3 Darklings","floor":37.0,"turns":7.0},{"damage":0.0,"enemies":"Sphere and 2 Shapes","floor":39.0,"turns":7.0},{"damage":0.0,"enemies":"Jaw Worm Horde","floor":41.0,"turns":5.0},{"damage":0.0,"enemies":"4 Shapes","floor":45.0,"turns":5.0},{"damage":6,"enemies":"Donu and Deca","floor":50,"turns":9}],"seed_played":"-1113910977714020846","potions_obtained":[{"floor":1.0,"key":"LiquidBronze"},{"floor":3.0,"key":"PowerPotion"},{"floor":10.0,"key":"EssenceOfSteel"},{"floor":11.0,"key":"SteroidPotion"},{"floor":18.0,"key":"PowerPotion"},{"floor":19.0,"key":"GhostInAJar"},{"floor":22.0,"key":"FairyPotion"},{"floor":23.0,"key":"GhostInAJar"},{"floor":29.0,"key":"PowerPotion"},{"floor":31.0,"key":"AttackPotion"},{"floor":33.0,"key":"Strength Potion"},{"floor":35.0,"key":"Poison Potion"},{"floor":37.0,"key":"PowerPotion"},{"floor":39.0,"key":"GhostInAJar"},{"floor":41.0,"key":"SpeedPotion"},{"floor":45.0,"key":"Swift Potion"}],"is_trial":false,"path_per_floor":["M","M","M","$","M","E","R","E","T","E","M","?","R","M","R","B",null,"M","M","$","?","M","E","R","$","T","R","?","M","R","M","R","B",null,"M","?","M","$","M","R","M","R","T","R","M","R","?","$","R","B",null],"character_chosen":"THE_SILENT","items_purchased":["Backflip","Noxious Fumes","PreservedInsect","Tactician","Calculated Gamble+1","Catalyst+1","Noxious Fumes"],"campfire_rested":2,"item_purchase_floors":[4,20,20,20,38,48,48],"current_hp_per_floor":[69,69,67,67,64,47,47,31,31,19,18,18,18,15,36,35,70,70,53,53,53,36,14,14,14,14,14,14,10,31,31,31,14,70,70,70,70,70,70,70,70,70,70,70,70,70,70,70,70,64],"gold":15,"neow_bonus":"REMOVE_CARD","is_prod":false,"is_daily":false,"chose_seed":false,"campfire_upgraded":10,"win_rate":0,"timestamp":1562606791,"path_taken":["M","M","M","$","M","E","R","E","T","E","M","?","R","M","R","BOSS","M","M","$","?","M","E","R","?","T","R","?","M","R","M","R","BOSS","M","?","M","$","M","R","M","R","T","R","M","R","?","$","R","BOSS"],"build_version":"2019-07-05","purchased_purges":2,"victory":true,"max_hp_per_floor":[70,70,70,70,70,70,70,70,70,70,70,70,70,70,70,70,70,70,70,70,70,70,70,70,70,70,70,70,70,70,70,70,70,70,70,70,70,70,70,70,70,70,70,70,70,70,70,70,70,70],"card_choices":[{"not_picked":["Masterful Stab","Quick Slash"],"picked":"Poisoned Stab","floor":1.0},{"not_picked":["Sucker Punch","Deadly Poison"],"picked":"Crippling Poison","floor":2.0},{"not_picked":["Outmaneuver","Caltrops"],"picked":"Dagger Throw","floor":3.0},{"not_picked":["Eviscerate","Flying Knee"],"picked":"Cloak And Dagger","floor":5.0},{"not_picked":["Flying Knee","Caltrops"],"picked":"All Out Attack","floor":6.0},{"not_picked":["Prepared","Unload"],"picked":"Dash","floor":8.0},{"not_picked":["Flying Knee","Acrobatics"],"picked":"Tools of the Trade","floor":10.0},{"not_picked":["Slice","Bouncing Flask"],"picked":"Well Laid Plans","floor":11.0},{"not_picked":["Backflip","Acrobatics"],"picked":"Calculated Gamble","floor":14.0},{"not_picked":["Wraith Form v2","Phantasmal Killer"],"picked":"Glass Knife","floor":16.0},{"not_picked":["Blade Dance","Outmaneuver"],"picked":"Predator","floor":18.0},{"not_picked":["Prepared","Backflip","Cloak And Dagger"],"picked":"SKIP","floor":19.0},{"not_picked":["Sucker Punch","Underhanded Strike+1"],"picked":"Leg Sweep+1","floor":22.0},{"not_picked":["Expertise","Poisoned Stab"],"picked":"Outmaneuver+1","floor":23.0},{"not_picked":["Accuracy","Acrobatics+1"],"picked":"Prepared+1","floor":29.0},{"not_picked":["Acrobatics+1","Backflip+1"],"picked":"Blur+1","floor":31.0},{"not_picked":["Night Terror+1","Phantasmal Killer+1"],"picked":"Malaise+1","floor":33.0},{"not_picked":["All Out Attack"],"picked":"SKIP","floor":35.0},{"not_picked":[],"picked":"Bane+1","floor":37.0},{"not_picked":["Blade Dance+1"],"picked":"SKIP","floor":39.0},{"not_picked":[],"picked":"Distraction+1","floor":41.0},{"not_picked":["Sucker Punch"],"picked":"SKIP","floor":45.0}],"player_experience":182814,"relics_obtained":[{"floor":6.0,"key":"Centennial Puzzle"},{"floor":8.0,"key":"Potion Belt"},{"floor":9.0,"key":"Oddly Smooth Stone"},{"floor":10.0,"key":"Omamori"},{"floor":23.0,"key":"Toxic Egg 2"},{"floor":26.0,"key":"Tough Bandages"},{"floor":43.0,"key":"Paper Crane"}],"event_choices":[{"cards_removed":["Strike_G"],"damage_healed":0.0,"max_hp_gain":0.0,"max_hp_loss":0.0,"gold_gain":0.0,"event_name":"The Cleric","player_choice":"Card Removal","floor":12.0,"gold_loss":50.0,"damage_taken":0.0},{"damage_healed":0.0,"max_hp_gain":0.0,"max_hp_loss":0.0,"gold_gain":0.0,"event_name":"The Mausoleum","player_choice":"Opened","floor":21.0,"gold_loss":0.0,"damage_taken":0.0,"relics_obtained":["Ginger"]},{"damage_healed":0.0,"max_hp_gain":0.0,"max_hp_loss":0.0,"gold_gain":0.0,"event_name":"Cursed Tome","player_choice":"Ignored","floor":28.0,"gold_loss":0.0,"damage_taken":0.0},{"damage_healed":18.0,"max_hp_gain":0.0,"max_hp_loss":0.0,"gold_gain":0.0,"event_name":"Winding Halls","player_choice":"Writhe","floor":36.0,"gold_loss":0.0,"damage_taken":0.0,"cards_obtained":["Writhe"]},{"damage_healed":0,"gold_gain":0,"player_choice":"Ignored","damage_taken":0,"max_hp_gain":0,"max_hp_loss":0,"event_name":"Tomb of Lord Red Mask","floor":47,"gold_loss":0}],"is_beta":false,"boss_relics":[{"not_picked":["Tiny House","Runic Pyramid"],"picked":"White Beast Statue"},{"not_picked":["Black Star","Sozu"],"picked":"Busted Crown"}],"items_purged_floors":[4,38],"is_endless":false,"potions_floor_spawned":[1,3,10,11,18,19,22,23,29,31,33,35,37,39,41,45],"ascension_level":3}