{"gold_per_floor":[118,78,88,105,161,161,188,198,244,254,271,271,271,289,289,389,389,400,400,400,413,413,413,428,428,428,428,428,343,10,22,22,22],"floor_reached":33,"playtime":1425,"items_purged":[],"score":371,"play_id":"b81fc4d3-94ed-4db3-9c40-a72390f9ebab","local_time":"20181214165936","is_ascension_mode":true,"campfire_choices":[{"floor":6,"key":"REST"},{"floor":15,"key":"REST"},{"floor":23,"key":"REST"},{"floor":25,"key":"REST"},{"data":"Chill","floor":27,"key":"SMITH"},{"data":"Creative AI","floor":32,"key":"SMITH"}],"neow_cost":"PERCENT_DAMAGE","seed_source_timestamp":169390068256810,"circlet_count":0,"master_deck":["AscendersBane","Strike_B+1","Strike_B+1","Defend_B+1","Defend_B+1","Defend_B+1","Defend_B+1","Zap","Dualcast","Creative AI+1","Streamline","Cold Snap","Stack","Capacitor","Auto Shields","Doom and Gloom","Loop","Echo Form","Chill+1","Storm","Undo","White Noise+1","FTL","Defragment+1","Leap"],"relics":["Cracked Core","Letter Opener","Regal Pillow","Inserter","Enchiridion","Frozen Egg 2","PreservedInsect","Symbiotic Virus"],"potions_floor_usage":[7,10,10,10,10,16,21,24,24,33],"damage_taken":[{"damage":6,"enemies":"Small Slimes","floor":1,"turns":4},{"damage":1,"enemies":"Cultist","floor":3,"turns":3},{"damage":4,"enemies":"2 Louse","floor":4,"turns":2},{"damage":23,"enemies":"Gremlin Nob","floor":7,"turns":5},{"damage":10,"enemies":"Looter","floor":8,"turns":3},{"damage":10,"enemies":"Lots of Slimes","floor":10,"turns":3},{"damage":9,"enemies":"Blue Slaver","floor":11,"turns":4},{"damage":4,"enemies":"Looter","floor":14,"turns":4},{"damage":17,"enemies":"Slime Boss","floor":16,"turns":8},{"damage":34,"enemies":"Shell Parasite","floor":18,"turns":10},{"damage":35,"enemies":"3 Byrds","floor":21,"turns":7},{"damage":35,"enemies":"Snake Plant","floor":24,"turns":5},{"damage":7,"enemies":"Snecko","floor":31,"turns":5},{"damage":80,"enemies":"Automaton","floor":33,"turns":6}],"seed_played":"-695790808344127230","potions_obtained":[{"floor":2,"key":"LiquidBronze"},{"floor":2,"key":"Block Potion"},{"floor":2,"key":"EntropicBrew"},{"floor":7,"key":"Dexterity Potion"},{"floor":11,"key":"SkillPotion"},{"floor":16,"key":"AttackPotion"},{"floor":21,"key":"Energy Potion"},{"floor":24,"key":"Explosive Potion"}],"is_trial":false,"path_per_floor":["M","?","M","M","?","R","E","M","T","M","M","?","?","M","R","B",null,"M","?","?","M","?","R","M","R","T","R","?","?","$","M","R","B"],"character_chosen":"DEFECT","items_purchased":["Defragment+1","Symbiotic Virus"],"campfire_rested":4,"item_purchase_floors":[30,30],"current_hp_per_floor":[44,44,43,39,39,61,38,28,28,18,9,9,34,30,67,50,69,35,35,75,40,24,61,26,63,63,63,63,63,63,56,56,0],"gold":22,"neow_bonus":"THREE_RARE_CARDS","is_prod":false,"is_daily":false,"chose_seed":false,"campfire_upgraded":2,"win_rate":0,"timestamp":1544824776,"path_taken":["M","?","M","?","?","R","E","M","T","M","M","?","?","M","R","BOSS","M","?","?","?","?","R","M","R","T","R","?","?","$","M","R","BOSS"],"build_version":"2018-12-13","purchased_purges":0,"victory":false,"max_hp_per_floor":[75,75,75,75,75,75,75,75,75,75,75,75,75,75,75,75,75,75,75,75,75,75,75,75,75,75,75,75,75,75,75,75,75],"card_choices":[{"not_picked":["Thunder Strike","Multi-Cast"],"picked":"Creative AI","floor":0},{"not_picked":["Hello World","Sweeping Beam"],"picked":"Streamline","floor":1},{"not_picked":["Consume","Beam Cell"],"picked":"Cold Snap","floor":3},{"not_picked":["Coolheaded","Blizzard"],"picked":"Stack","floor":4},{"not_picked":["Barrage","Storm"],"picked":"Capacitor","floor":7},{"not_picked":["Streamline","Gash"],"picked":"Auto Shields","floor":8},{"not_picked":["Rebound","Machine Learning"],"picked":"Doom and Gloom","floor":10},{"not_picked":["Reprogram","Go for the Eyes","Barrage"],"picked":"SKIP","floor":11},{"not_picked":["Compile Driver","Coolheaded"],"picked":"Loop","floor":14},{"not_picked":["Amplify","Reboot"],"picked":"Echo Form","floor":16},{"not_picked":["Scrape","Melter+1"],"picked":"Chill","floor":18},{"not_picked":["Rebound","Undo"],"picked":"White Noise+1","floor":21},{"not_picked":["Capacitor","Steam"],"picked":"FTL","floor":24},{"not_picked":["Beam Cell+1","Barrage"],"picked":"Leap","floor":31}],"player_experience":2918844,"relics_obtained":[{"floor":7,"key":"Letter Opener"},{"floor":9,"key":"Regal Pillow"},{"floor":22,"key":"Enchiridion"},{"floor":26,"key":"Frozen Egg 2"}],"event_choices":[{"damage_healed":0,"gold_gain":0,"player_choice":"Bought 3 Potions","damage_taken":0,"max_hp_gain":0,"max_hp_loss":0,"event_name":"The Woman in Blue","floor":2,"gold_loss":0},{"damage_healed":0,"gold_gain":56,"player_choice":"Gained Gold","damage_taken":0,"max_hp_gain":0,"max_hp_loss":0,"event_name":"Golden Wing","floor":5,"gold_loss":0},{"damage_healed":0,"gold_gain":0,"player_choice":"Ignored","damage_taken":0,"max_hp_gain":0,"max_hp_loss":0,"event_name":"Liars Game","floor":12,"gold_loss":0},{"damage_healed":25,"gold_gain":0,"player_choice":"Banana","damage_taken":0,"max_hp_gain":0,"max_hp_loss":0,"event_name":"Big Fish","floor":13,"gold_loss":0},{"damage_healed":0,"gold_gain":0,"cards_transformed":["Strike_B","Strike_B"],"player_choice":"Became Test Subject","damage_taken":0,"max_hp_gain":0,"max_hp_loss":0,"event_name":"Drug Dealer","floor":19,"gold_loss":0,"cards_obtained":["Storm","Undo"]},{"damage_healed":40,"gold_gain":0,"player_choice":"Full Heal","damage_taken":0,"max_hp_gain":0,"max_hp_loss":0,"event_name":"Wheel of Change","floor":20,"gold_loss":0},{"damage_healed":0,"gold_gain":0,"player_choice":"Obtained Book","damage_taken":16,"max_hp_gain":0,"max_hp_loss":0,"event_name":"Cursed Tome","floor":22,"gold_loss":0},{"damage_healed":0,"gold_gain":0,"player_choice":"Simplicity","damage_taken":0,"max_hp_gain":0,"max_hp_loss":0,"event_name":"Back to Basics","floor":28,"gold_loss":0,"cards_upgraded":["Strike_B","Strike_B","Defend_B","Defend_B","Defend_B","Defend_B"]},{"damage_healed":0,"gold_gain":0,"player_choice":"Obtained Relic","damage_taken":0,"relics_obtained":["PreservedInsect"],"max_hp_gain":0,"max_hp_loss":0,"event_name":"Addict","floor":29,"gold_loss":85}],"is_beta":false,"boss_relics":[{"not_picked":["Calling Bell","FrozenCore"],"picked":"Inserter"}],"items_purged_floors":[],"is_endless":false,"potions_floor_spawned":[7,8,11,14,16,18,21,24],"killed_by":"Automaton","ascension_level":10}