{"gold_per_floor":[144,144,189,234,279,279,369,369,369,417,417,462,552,597,597,897,897,942,542,587,632,731,821,821,866,866,956,1001,1001,1001,1001,1001,1301,1301,1346,1391,1391,1436,1114,1414,1414,1459,1459,1549,1549,1669,1669,1714,1714,1714],"floor_reached":51,"playtime":2118,"items_purged":[],"score":1232,"play_id":"fb9dbfe6-731d-4230-8656-1d4b2959bb41","local_time":"20181125005613","daily_mods":["Cursed Run","Hoarder","Midas"],"is_ascension_mode":false,"campfire_choices":[{"floor":6,"key":"REST"},{"floor":8,"key":"REST"},{"floor":15,"key":"REST"},{"floor":24,"key":"REST"},{"floor":29,"key":"REST"},{"floor":32,"key":"REST"},{"floor":41,"key":"REST"},{"floor":45,"key":"REST"},{"floor":47,"key":"REST"},{"floor":49,"key":"REST"}],"neow_cost":"","seed_source_timestamp":0,"circlet_count":0,"master_deck":["Bash","Perfected Strike","Perfected Strike","Perfected Strike","Ghostly Armor","Ghostly Armor","Ghostly Armor","Spot Weakness","Spot Weakness","Spot Weakness","Parasite","Parasite","Parasite","Sword Boomerang+1","Sword Boomerang+1","Sword Boomerang+1","Disarm","Disarm","Disarm","Reaper+1","Reaper+1","Reaper+1","Pain","Pain","Pain","Impervious","Impervious","Impervious","Heavy Blade+1","Heavy Blade+1","Heavy Blade+1","Shame","Shame","Shame","Cleave+1","Cleave+1","Cleave+1","Decay","Decay","Decay","Regret","Regret","Regret","Immolate+1","Immolate+1","Immolate+1","Bloodletting","Bloodletting","Bloodletting","Intimidate","Intimidate","Intimidate","Iron Wave+1","Iron Wave+1","Iron Wave+1","Second Wind","Second Wind","Second Wind","Body Slam+1","Body Slam+1","Body Slam+1","Clothesline+1","Clothesline+1","Clothesline+1","Flex","Flex","Flex","Iron Wave+1","Iron Wave+1","Iron Wave+1","Heavy Blade+1","Heavy Blade+1","Heavy Blade+1","Thunderclap+1","Thunderclap+1","Thunderclap+1","Evolve+1","Evolve+1","Evolve+1","Dramatic Entrance+1","Dramatic Entrance+1","Dramatic Entrance+1","Secret Technique","Secret Technique","Secret Technique","Body Slam+1","Body Slam+1","Body Slam+1","Battle Trance+1","Battle Trance+1","Battle Trance+1","Parasite","Parasite","Parasite","Ghostly Armor+1","Ghostly Armor+1","Ghostly Armor+1","Seeing Red+1","Seeing Red+1","Seeing Red+1","Parasite","Parasite","Parasite"],"special_seed":17860,"relics":["Cursed Key","Darkstone Periapt","Du-Vu Doll","Molten Egg 2","Incense Burner","Odd Mushroom","Mercury Hourglass","Bag of Marbles","Sozu","Blue Candle","Anchor","Paper Frog","Red Skull","Blood Vial","Pear","Pandora\u0027s Box","Bronze Scales","Art of War","Thread and Needle","The Courier","Pen Nib","Tiny Chest"],"potions_floor_usage":[16,16,16],"damage_taken":[{"damage":0,"enemies":"Small Slimes","floor":1,"turns":3},{"damage":0,"enemies":"Cultist","floor":3,"turns":2},{"damage":1,"enemies":"Jaw Worm","floor":4,"turns":3},{"damage":0,"enemies":"2 Fungi Beasts","floor":5,"turns":3},{"damage":21,"enemies":"Lagavulin","floor":7,"turns":6},{"damage":0,"enemies":"The Mushroom Lair","floor":10,"turns":4},{"damage":0,"enemies":"Blue Slaver","floor":12,"turns":1},{"damage":2,"enemies":"Gremlin Nob","floor":13,"turns":3},{"damage":0,"enemies":"Large Slime","floor":14,"turns":1},{"damage":32,"enemies":"Hexaghost","floor":16,"turns":6},{"damage":2,"enemies":"Shell Parasite","floor":18,"turns":2},{"damage":0,"enemies":"3 Byrds","floor":20,"turns":2},{"damage":0,"enemies":"Snecko","floor":21,"turns":2},{"damage":15,"enemies":"Slavers","floor":23,"turns":4},{"damage":5,"enemies":"3 Cultists","floor":25,"turns":3},{"damage":1,"enemies":"Gremlin Leader","floor":27,"turns":2},{"damage":1,"enemies":"Centurion and Healer","floor":28,"turns":2},{"damage":29,"enemies":"Automaton","floor":33,"turns":5},{"damage":0,"enemies":"Orb Walker","floor":35,"turns":1},{"damage":0,"enemies":"3 Darklings","floor":36,"turns":1},{"damage":1,"enemies":"Maw","floor":38,"turns":2},{"damage":52,"enemies":"Mind Bloom Boss Battle","floor":40,"turns":3},{"damage":0,"enemies":"Spire Growth","floor":42,"turns":1},{"damage":1,"enemies":"Nemesis","floor":44,"turns":1},{"damage":0,"enemies":"Reptomancer","floor":46,"turns":1},{"damage":4,"enemies":"Transient","floor":48,"turns":5},{"damage":44,"enemies":"Awakened One","floor":50,"turns":4}],"seed_played":"-1394780119887161805","potions_obtained":[{"floor":4,"key":"Strength Potion"},{"floor":10,"key":"LiquidBronze"},{"floor":12,"key":"SkillPotion"},{"floor":14,"key":"Dexterity Potion"}],"is_trial":false,"path_per_floor":["M","?","M","M","M","R","E","R","T","?","?","M","E","M","R","B",null,"M","$","M","M","?","E","R","M","T","E","M","R","?","T","R","B",null,"M","M","?","M","$","?","R","M","T","E","R","E","R","M","R","B",null],"character_chosen":"IRONCLAD","items_purchased":["Blue Candle","Anchor","Bronze Scales","Art of War","Body Slam+1"],"campfire_rested":10,"item_purchase_floors":[19,19,39,39,39],"current_hp_per_floor":[80,80,80,79,79,80,59,80,86,86,79,79,77,77,86,90,92,90,90,92,92,92,88,92,87,93,98,97,98,98,114,114,113,120,120,120,110,111,111,70,106,108,114,115,126,126,126,126,126,94],"gold":1714,"neow_bonus":"","is_prod":false,"is_daily":true,"chose_seed":false,"campfire_upgraded":0,"win_rate":0,"timestamp":1543125373,"path_taken":["M","?","?","M","M","R","E","R","T","?","?","M","E","M","R","BOSS","M","$","M","M","?","E","R","M","T","E","M","R","?","?","R","BOSS","M","M","?","M","$","?","R","?","T","E","R","E","R","M","R","BOSS"],"build_version":"2018-11-15","purchased_purges":0,"victory":true,"max_hp_per_floor":[80,80,80,80,80,80,80,80,86,86,86,86,86,86,86,92,92,92,92,92,92,92,92,92,92,98,98,98,98,98,114,114,120,120,120,120,120,120,120,120,120,120,126,126,126,126,126,126,126,132],"card_choices":[{"not_picked":["Headbutt","Dropkick"],"picked":"Perfected Strike","floor":1},{"not_picked":["Havoc","Iron Wave"],"picked":"Ghostly Armor","floor":3},{"not_picked":["Armaments","Twin Strike","Juggernaut"],"picked":"SKIP","floor":4},{"not_picked":["Rage","Pummel"],"picked":"Spot Weakness","floor":5},{"not_picked":["Heavy Blade","Rupture","Headbutt"],"picked":"SKIP","floor":7},{"not_picked":["Armaments","Twin Strike+1"],"picked":"Sword Boomerang+1","floor":10},{"not_picked":["Clash+1","Headbutt+1"],"picked":"Disarm","floor":12},{"not_picked":["Clash+1","Flex"],"picked":"Reaper+1","floor":13},{"not_picked":["Combust","Rage","Wild Strike+1"],"picked":"SKIP","floor":14},{"not_picked":["Berserk","Exhume"],"picked":"Impervious","floor":16},{"not_picked":["Pommel Strike+1","Evolve"],"picked":"Heavy Blade+1","floor":18},{"not_picked":["Armaments","Havoc","Combust"],"picked":"SKIP","floor":20},{"not_picked":["Thunderclap+1","Flex","Twin Strike+1"],"picked":"SKIP","floor":21},{"not_picked":["Rage","Dual Wield+1","Thunderclap+1"],"picked":"SKIP","floor":23},{"not_picked":["Ghostly Armor","Sentinel","Armaments"],"picked":"SKIP","floor":25},{"not_picked":["Armaments","Heavy Blade+1","Rampage+1"],"picked":"SKIP","floor":27},{"not_picked":["Warcry","True Grit"],"picked":"Cleave+1","floor":28},{"not_picked":["Brutality","Bludgeon+1"],"picked":"Immolate+1","floor":33},{"not_picked":["Shrug It Off","Intimidate"],"picked":"Thunderclap+1","floor":35},{"not_picked":["Headbutt+1","Wild Strike+1"],"picked":"Evolve+1","floor":36},{"not_picked":["Trip","Metamorphosis"],"picked":"Dramatic Entrance+1","floor":37},{"not_picked":["Enlightenment","Panacea"],"picked":"Secret Technique","floor":37},{"not_picked":["Twin Strike+1","Flex","Sword Boomerang+1"],"picked":"SKIP","floor":38},{"not_picked":["Wild Strike+1","Body Slam+1"],"picked":"Battle Trance+1","floor":40},{"not_picked":["Anger+1","Shockwave","Feel No Pain"],"picked":"SKIP","floor":42},{"not_picked":["Spot Weakness+1","Dark Embrace","Sentinel"],"picked":"SKIP","floor":44},{"not_picked":["Headbutt+1","Pommel Strike+1"],"picked":"Ghostly Armor+1","floor":46},{"not_picked":["Metallicize+1","Wild Strike+1"],"picked":"Seeing Red+1","floor":48}],"player_experience":2489500,"relics_obtained":[{"floor":7,"key":"Molten Egg 2"},{"floor":9,"key":"Incense Burner"},{"floor":10,"key":"Odd Mushroom"},{"floor":13,"key":"Bag of Marbles"},{"floor":23,"key":"Paper Frog"},{"floor":26,"key":"Red Skull"},{"floor":27,"key":"Blood Vial"},{"floor":31,"key":"Pear"},{"floor":40,"key":"Thread and Needle"},{"floor":43,"key":"The Courier"},{"floor":44,"key":"Pen Nib"},{"floor":46,"key":"Tiny Chest"}],"event_choices":[{"damage_healed":0,"gold_gain":0,"player_choice":"0 cards matched","damage_taken":0,"max_hp_gain":0,"max_hp_loss":0,"event_name":"Match and Keep!","floor":2,"gold_loss":0,"cards_obtained":[]},{"damage_healed":0,"gold_gain":0,"player_choice":"Fought Mushrooms","damage_taken":0,"max_hp_gain":0,"max_hp_loss":0,"event_name":"Mushrooms","floor":10,"gold_loss":0},{"damage_healed":0,"gold_gain":0,"player_choice":"Success","damage_taken":7,"relics_obtained":["Mercury Hourglass"],"max_hp_gain":0,"max_hp_loss":0,"event_name":"Scrap Ooze","floor":11,"gold_loss":0},{"damage_healed":0,"gold_gain":99,"player_choice":"Stole From Cult","damage_taken":0,"max_hp_gain":0,"max_hp_loss":0,"event_name":"Nest","floor":22,"gold_loss":0},{"damage_healed":0,"gold_gain":0,"player_choice":"Ignored","damage_taken":0,"max_hp_gain":0,"max_hp_loss":0,"event_name":"Ghosts","floor":30,"gold_loss":0},{"damage_healed":0,"gold_gain":0,"player_choice":"Memory 3","damage_taken":10,"max_hp_gain":0,"max_hp_loss":0,"event_name":"SensoryStone","floor":37,"gold_loss":0},{"damage_healed":0,"gold_gain":0,"player_choice":"Fight","damage_taken":0,"max_hp_gain":0,"max_hp_loss":0,"event_name":"MindBloom","floor":40,"gold_loss":0}],"is_beta":false,"boss_relics":[{"not_picked":["Orrery","Mark of Pain"],"picked":"Sozu"},{"not_picked":["Black Star","Snecko Eye"],"picked":"Pandora\u0027s Box"}],"items_purged_floors":[],"is_endless":false,"potions_floor_spawned":[4,10,12,13,14,18,23,35,40,44],"ascension_level":0}