{"gold_per_floor":[114,129,129,148,167,167,186,186,186,224,243,43,43,81,81,206,206,225,244,263,282,301,339,339,677,702,39,58,96,96,115,115,240,240,259,278,278],"floor_reached":37,"playtime":2939,"items_purged":["Strike_G"],"score":470,"play_id":"71e026d9-b835-4be1-9a34-3b24a5e449a6","local_time":"20180713000935","daily_mods":["Heirloom","Elite Swarm","Binary"],"is_ascension_mode":false,"campfire_choices":[{"data":"Neutralize","floor":6,"key":"SMITH"},{"data":"Malaise","floor":8,"key":"SMITH"},{"floor":15,"key":"REST"},{"floor":24,"key":"REST"},{"data":"Strike_G","floor":30,"key":"SMITH"},{"floor":32,"key":"REST"}],"neow_cost":"","seed_source_timestamp":0,"circlet_count":0,"master_deck":["Defend_G","Defend_G","Defend_G","Defend_G","Defend_G","Strike_G","Strike_G","Strike_G","Strike_G+1","Survivor","Neutralize+1","Dagger Spray","Dagger Throw","PiercingWail","Well Laid Plans","Malaise+1","Die Die Die","Tools of the Trade","Envenom","Pain","Sadistic Nature","Deadly Poison","Quick Slash+1","Wraith Form v2"],"special_seed":17725,"relics":["Ring of the Snake","Bird Faced Urn","Golden Idol","Shuriken","Regal Pillow","HandDrill","Bag of Preparation","Cursed Key","Ginger","Old Coin","Dream Catcher","TwistedFunnel","Art of War","Matryoshka","Fusion Hammer"],"potions_floor_usage":[5,5,14,19,20,23,23,28,29,31,33,37],"damage_taken":[{"damage":0,"enemies":"2 Louse","floor":1,"turns":3},{"damage":0,"enemies":"Jaw Worm","floor":2,"turns":4},{"damage":0,"enemies":"Cultist","floor":4,"turns":3},{"damage":12,"enemies":"Large Slime","floor":5,"turns":10},{"damage":0,"enemies":"2 Fungi Beasts","floor":7,"turns":2},{"damage":16,"enemies":"Lagavulin","floor":10,"turns":8},{"damage":6,"enemies":"Looter","floor":11,"turns":3},{"damage":22,"enemies":"Gremlin Nob","floor":14,"turns":6},{"damage":6,"enemies":"Hexaghost","floor":16,"turns":12},{"damage":3,"enemies":"Shell Parasite","floor":18,"turns":6},{"damage":0,"enemies":"3 Byrds","floor":19,"turns":3},{"damage":20,"enemies":"Sentry and Sphere","floor":20,"turns":5},{"damage":4,"enemies":"Chosen and Byrds","floor":21,"turns":7},{"damage":21,"enemies":"Centurion and Healer","floor":22,"turns":6},{"damage":26,"enemies":"Gremlin Leader","floor":23,"turns":10},{"damage":7,"enemies":"Book of Stabbing","floor":25,"turns":8},{"damage":3,"enemies":"Snecko","floor":28,"turns":6},{"damage":19,"enemies":"Slavers","floor":29,"turns":4},{"damage":12,"enemies":"Snake Plant","floor":31,"turns":4},{"damage":29,"enemies":"Champ","floor":33,"turns":10},{"damage":37,"enemies":"3 Darklings","floor":35,"turns":4},{"damage":21,"enemies":"3 Shapes","floor":36,"turns":2},{"damage":23,"enemies":"3 Darklings","floor":37,"turns":1}],"seed_played":"5986081896675769642","potions_obtained":[{"floor":1,"key":"Ancient Potion"},{"floor":2,"key":"Weak Potion"},{"floor":11,"key":"SpeedPotion"},{"floor":14,"key":"Ancient Potion"},{"floor":16,"key":"SteroidPotion"},{"floor":18,"key":"Fruit Juice"},{"floor":20,"key":"GhostInAJar"},{"floor":25,"key":"PowerPotion"},{"floor":28,"key":"SkillPotion"},{"floor":29,"key":"Regen Potion"},{"floor":31,"key":"LiquidBronze"},{"floor":36,"key":"Poison Potion"}],"is_trial":false,"path_per_floor":["M","M","?","M","M","R","M","R","T","E","M","$","?","E","R","B",null,"M","M","M","M","M","E","R","E","T","$","M","E","R","M","R","B",null,"M","M"],"character_chosen":"THE_SILENT","items_purchased":["HandDrill","TwistedFunnel","Sadistic Nature","Deadly Poison","Art of War"],"campfire_rested":3,"item_purchase_floors":[12,27,27,27,27],"current_hp_per_floor":[70,70,65,65,53,53,55,55,55,41,37,37,37,17,51,47,65,62,69,50,48,29,5,41,38,38,38,45,34,34,46,70,45,70,35,20,0],"gold":278,"neow_bonus":"","is_prod":false,"is_daily":true,"chose_seed":false,"campfire_upgraded":3,"win_rate":0,"timestamp":1531454975,"path_taken":["M","M","?","M","M","R","M","R","T","E","?","$","?","E","R","BOSS","M","?","M","M","M","E","R","E","T","$","M","E","R","M","R","BOSS","M","?","M"],"build_version":"2018-07-12","purchased_purges":1,"victory":false,"max_hp_per_floor":[70,70,65,65,65,65,65,65,65,65,65,65,65,65,65,65,65,65,70,70,70,70,70,70,70,70,70,70,70,70,70,70,70,70,70,70,70],"card_choices":[{"not_picked":["Accuracy"],"picked":"Dagger Spray","floor":1},{"not_picked":["Masterful Stab"],"picked":"Dagger Throw","floor":2},{"not_picked":["Poisoned Stab"],"picked":"PiercingWail","floor":4},{"not_picked":["Venomology"],"picked":"Well Laid Plans","floor":5},{"not_picked":["Prepared"],"picked":"Malaise","floor":7},{"not_picked":["Burst","Grand Finale"],"picked":"SKIP","floor":10},{"not_picked":["Heel Hook","Blade Dance"],"picked":"SKIP","floor":11},{"not_picked":["Storm of Steel"],"picked":"Die Die Die","floor":14},{"not_picked":["Acrobatics","Dagger Throw"],"picked":"SKIP","floor":18},{"not_picked":["Flechettes","Deadly Poison"],"picked":"SKIP","floor":19},{"not_picked":["Poisoned Stab","Deflect"],"picked":"SKIP","floor":20},{"not_picked":["Reflex","All Out Attack"],"picked":"SKIP","floor":21},{"not_picked":["Storm of Steel","Acrobatics"],"picked":"SKIP","floor":22},{"not_picked":["Night Terror"],"picked":"Tools of the Trade","floor":23},{"not_picked":["Phantasmal Killer"],"picked":"Envenom","floor":25},{"not_picked":["Flechettes"],"picked":"Quick Slash+1","floor":28},{"not_picked":["Doppelganger"],"picked":"Wraith Form v2","floor":29},{"not_picked":["Masterful Stab","Setup"],"picked":"SKIP","floor":31},{"not_picked":["Predator","Dagger Spray+1"],"picked":"SKIP","floor":35},{"not_picked":["Setup+1","Skewer"],"picked":"SKIP","floor":36}],"player_experience":1971089,"relics_obtained":[{"floor":9,"key":"Shuriken"},{"floor":10,"key":"Regal Pillow"},{"floor":14,"key":"Bag of Preparation"},{"floor":23,"key":"Ginger"},{"floor":25,"key":"Old Coin"},{"floor":26,"key":"Dream Catcher"},{"floor":29,"key":"Matryoshka"}],"event_choices":[{"event_name":"Golden Idol","player_choice":"Lose Max HP","floor":3,"damage_taken":0},{"event_name":"Golden Wing","player_choice":"Ignored","floor":13,"damage_taken":0}],"boss_relics":[{"not_picked":["Tiny House","Orrery"],"picked":"Cursed Key"},{"not_picked":["Velvet Choker","Pandora\u0027s Box"],"picked":"Fusion Hammer"}],"items_purged_floors":[27],"is_endless":false,"potions_floor_spawned":[1,2,11,14,16,18,20,25,28,29,31,36],"killed_by":"3 Darklings","ascension_level":0}