{"path_per_floor":["M","?","?","M","?","?","?","E","T","$","M","R","M","E","R","B",null,"M","$","?","?","?"],"character_chosen":"THE_SILENT","items_purchased":["Letter Opener","Blur","Caltrops","Pen Nib","Deflect"],"gold_per_floor":[213,388,388,403,403,403,403,433,433,40,53,53,64,93,93,189,189,206,11,11,11,11],"floor_reached":23,"campfire_rested":1,"playtime":2589,"current_hp_per_floor":[68,68,68,68,65,70,63,9,9,9,9,31,41,26,26,3,75,47,47,47,47,31],"items_purged":[],"gold":11,"play_id":"0d6e8200-a099-425f-9489-0c92c7104349","is_prod":false,"is_daily":false,"is_ascension_mode":true,"campfire_upgraded":1,"path_taken":["M","?","?","?","?","?","?","E","T","$","M","R","M","E","R","BOSS","M","$","?","?","?","E"],"build_version":"2018-01-25-PROD3","purchased_purges":0,"victory":false,"master_deck":["Defend_G","Defend_G","Defend_G","Defend_G","Defend_G","Strike_G","Strike_G","Strike_G","Survivor","Neutralize","Dagger Spray","Acrobatics+1","After Image","Blur","Caltrops","Reflex","Quick Slash","Glass Knife","Deflect","Setup","Necronomicurse"],"max_hp_per_floor":[70,70,70,70,70,75,75,75,75,75,75,75,75,75,75,75,75,75,75,75,75,75],"relics":["Ring of the Snake","Spirit Poop","Juzu Bracelet","Art of War","Peace Pipe","Letter Opener","Regal Pillow","Lizard Tail","Pen Nib","Necronomicon"],"card_choices":[{"not_picked":["Poisoned Stab","Riddle With Holes"],"picked":"Dagger Spray"},{"not_picked":["Masterful Stab","Well Laid Plans"],"picked":"Acrobatics"},{"not_picked":["Dagger Spray","Tools of the Trade"],"picked":"After Image"},{"not_picked":["Flying Knee","Dodge and Roll"],"picked":"Reflex"},{"not_picked":["Endless Agony","Skewer"],"picked":"Quick Slash"},{"not_picked":["Die Die Die","Tactician"],"picked":"Glass Knife"}],"player_experience":230161,"potions_floor_usage":[13,13,14,23],"damage_taken":[{"damage":2,"enemies":"Small Slimes","floor":1,"turns":5},{"damage":0,"enemies":"2 Louse","floor":4,"turns":2},{"damage":54,"enemies":"Gremlin Nob","floor":8,"turns":7},{"damage":0,"enemies":"Blue Slaver","floor":11,"turns":5},{"damage":2,"enemies":"Exordium Wildlife","floor":13,"turns":5},{"damage":15,"enemies":"3 Sentries","floor":14,"turns":6},{"damage":23,"enemies":"The Guardian","floor":16,"turns":18},{"damage":28,"enemies":"Chosen","floor":18,"turns":10},{"damage":74,"enemies":"Gremlin Leader","floor":23,"turns":13}],"event_choices":[{"event_name":"Liars Game","player_choice":"agreed","floor":2,"damage_taken":0},{"event_name":"Bonfire Elementals","player_choice":"CURSE","floor":3,"damage_taken":0},{"event_name":"Scrap Ooze","player_choice":"success","floor":5,"damage_taken":3},{"event_name":"Big Fish","player_choice":"Donut","floor":6,"damage_taken":0},{"event_name":"Golden Wing","player_choice":"Card Removal","floor":7,"damage_taken":0},{"event_name":"The Library","player_choice":"Read","floor":20,"damage_taken":0},{"event_name":"Purifier","player_choice":"One Purge","floor":21,"damage_taken":0},{"event_name":"Cursed Tome","player_choice":"Obtained Book","floor":22,"damage_taken":0}],"boss_relics":[{"not_picked":["Velvet Choker","Tiny House"],"picked":"Lizard Tail"}],"potions_floor_spawned":[8,11,13,18],"seed_played":"-3697465162213279305","killed_by":"Gremlin Leader","ascension_level":1,"is_trial":false}