{"gold_per_floor":[13,33,46,46,66,66,101,120,120,146,146,159,159,159,159,236,236,249,263,73,73],"floor_reached":21,"playtime":1471,"items_purged":["Strike_B"],"score":382,"play_id":"c0f53d81-bab2-4fbc-9341-43138af252de","local_time":"20190501152005","is_ascension_mode":true,"campfire_choices":[{"data":"Zap","floor":6,"key":"SMITH"},{"data":"Auto Shields","floor":11,"key":"SMITH"},{"data":"Streamline","floor":13,"key":"SMITH"},{"data":"Echo Form","floor":15,"key":"SMITH"}],"neow_cost":"NO_GOLD","seed_source_timestamp":1885773099374262,"circlet_count":0,"master_deck":["AscendersBane","Strike_B","Strike_B","Strike_B","Defend_B","Defend_B","Defend_B","Defend_B","Zap+1","Dualcast","Echo Form+1","Auto Shields+1","Conserve Battery","Sweeping Beam","Rip and Tear","Machine Learning","Streamline+1","Turbo","Hologram","Meteor Strike+1","Coolheaded"],"relics":["Cracked Core","Meat on the Bone","Ancient Tea Set","The Courier","Shuriken","Molten Egg 2","Runic Pyramid","Regal Pillow"],"potions_floor_usage":[16,18],"damage_taken":[{"damage":1,"enemies":"Cultist","floor":1,"turns":3},{"damage":7,"enemies":"Jaw Worm","floor":2,"turns":4},{"damage":2,"enemies":"2 Louse","floor":3,"turns":4},{"damage":20,"enemies":"Large Slime","floor":5,"turns":10},{"damage":29,"enemies":"Gremlin Nob","floor":7,"turns":4},{"damage":0,"enemies":"Red Slaver","floor":8,"turns":4},{"damage":1,"enemies":"Lagavulin","floor":10,"turns":6},{"damage":0,"enemies":"Blue Slaver","floor":12,"turns":2},{"damage":29,"enemies":"The Guardian","floor":16,"turns":11},{"damage":17,"enemies":"2 Thieves","floor":18,"turns":3},{"damage":32,"enemies":"3 Byrds","floor":19,"turns":6},{"damage":23,"enemies":"Snake Plant","floor":21,"turns":2}],"seed_played":"2807130953724935285","potions_obtained":[{"floor":3,"key":"GamblersBrew"},{"floor":7,"key":"EssenceOfSteel"},{"floor":10,"key":"Swift Potion"},{"floor":12,"key":"Dexterity Potion"},{"floor":18,"key":"SteroidPotion"}],"is_trial":false,"path_per_floor":["M","M","M","?","M","R","E","M","T","E","R","M","R","T","R","B",null,"M","M","$","M"],"character_chosen":"DEFECT","items_purchased":["Regal Pillow"],"campfire_rested":0,"item_purchase_floors":[20],"current_hp_per_floor":[63,56,54,54,46,46,29,41,41,40,40,40,40,40,40,23,59,42,22,22,0],"gold":73,"neow_bonus":"THREE_RARE_CARDS","is_prod":false,"is_daily":false,"chose_seed":false,"campfire_upgraded":4,"win_rate":0,"timestamp":1556738405,"path_taken":["M","M","?","?","M","R","E","M","T","E","R","?","R","?","R","BOSS","M","M","$","M"],"build_version":"2019-01-23","purchased_purges":1,"victory":false,"max_hp_per_floor":[71,71,71,71,71,71,71,71,71,71,71,71,71,71,71,71,71,71,71,71,71],"card_choices":[{"not_picked":["Fission","Rainbow"],"picked":"Echo Form","floor":0},{"not_picked":["Stack","Gash"],"picked":"Auto Shields","floor":1},{"not_picked":["Undo","Leap"],"picked":"Conserve Battery","floor":2},{"not_picked":["Beam Cell","Electrodynamics"],"picked":"Sweeping Beam","floor":3},{"not_picked":["Scrape","Stack"],"picked":"Rip and Tear","floor":5},{"not_picked":["Steam","Hologram"],"picked":"Machine Learning","floor":7},{"not_picked":["Compile Driver","Leap"],"picked":"Streamline","floor":8},{"not_picked":["Auto Shields","Barrage"],"picked":"Turbo","floor":10},{"not_picked":["Steam Power","Conserve Battery"],"picked":"Hologram","floor":12},{"not_picked":["Biased Cognition","Hyperbeam+1"],"picked":"Meteor Strike+1","floor":16},{"not_picked":["Leap","BootSequence"],"picked":"Coolheaded","floor":18},{"not_picked":["Rebound+1","Heatsinks","Streamline+1"],"picked":"SKIP","floor":19}],"player_experience":3538287,"relics_obtained":[{"floor":7,"key":"Ancient Tea Set"},{"floor":9,"key":"The Courier"},{"floor":10,"key":"Shuriken"},{"floor":14,"key":"Molten Egg 2"}],"event_choices":[{"damage_healed":0,"gold_gain":0,"player_choice":"Gave Potion","damage_taken":0,"relics_obtained":["Meat on the Bone"],"max_hp_gain":0,"max_hp_loss":0,"event_name":"WeMeetAgain","floor":4,"gold_loss":0}],"is_beta":false,"boss_relics":[{"not_picked":["Snecko Eye","Philosopher\u0027s Stone"],"picked":"Runic Pyramid"}],"items_purged_floors":[20],"is_endless":false,"potions_floor_spawned":[3,7,10,12,18],"killed_by":"Snake Plant","ascension_level":20}