{"gold_per_floor":[114,129,204,219,72,102,102,2,52,82,10,40,55,70,70,170,170,185,185,200,200,0,0,30,30,30,30,60,90,105,120,120,220,220,235,235,39,69,99,129,129,144,144,174,189,189,219,234,234,234],"floor_reached":50,"playtime":4339,"items_purged":["Strike_G","Strike_G","Defend_G"],"score":736,"play_id":"e899db3d-2638-43d1-b94c-758fa538dcfb","local_time":"20190707124631","daily_mods":["Heirloom","Blue Cards","DeadlyEvents"],"is_ascension_mode":false,"campfire_choices":[{"floor":7,"key":"REST"},{"data":"Neutralize","floor":15,"key":"SMITH"},{"data":"Malaise","floor":23,"key":"SMITH"},{"floor":27,"key":"REST"},{"floor":32,"key":"REST"},{"data":"1","floor":41,"key":"LIFT"},{"floor":46,"key":"REST"},{"floor":49,"key":"REST"}],"neow_cost":"","seed_source_timestamp":2114007647690108,"circlet_count":0,"master_deck":["Defend_G","Defend_G","Defend_G","Defend_G","Survivor","Neutralize+1","Sucker Punch","Reinforced Body","Quick Slash","Conserve Battery","Self Repair","Double Energy","Dagger Throw","Malaise+1","Terror","PiercingWail","Static Discharge","Leg Sweep","Heatsinks+1","BootSequence","Backflip","Creative AI","Recycle+1","Caltrops","Backstab","Adrenaline","Deflect+1","White Noise+1","Corpse Explosion","PiercingWail+1"],"special_seed":18084,"relics":["Ring of the Snake","Girya","Dodecahedron","Potion Belt","Tough Bandages","Pantograph","Empty Cage","Paper Crane","Calipers","Sundial","Vajra","Bronze Scales","Eternal Feather","Dream Catcher","Happy Flower","Lantern","Gremlin Horn","Singing Bowl","The Courier"],"potions_floor_usage":[6,10,16,16,24,24,25,30,33,39,44,48,48,50],"damage_taken":[{"damage":0,"enemies":"Small Slimes","floor":1,"turns":3},{"damage":0,"enemies":"Cultist","floor":2,"turns":4},{"damage":0,"enemies":"2 Louse","floor":4,"turns":3},{"damage":16,"enemies":"Gremlin Nob","floor":6,"turns":4},{"damage":10,"enemies":"3 Sentries","floor":10,"turns":15},{"damage":12,"enemies":"Lagavulin","floor":12,"turns":8},{"damage":0,"enemies":"2 Fungi Beasts","floor":13,"turns":4},{"damage":0,"enemies":"Blue Slaver","floor":14,"turns":7},{"damage":19,"enemies":"The Guardian","floor":16,"turns":23},{"damage":13,"enemies":"Spheric Guardian","floor":18,"turns":12},{"damage":3,"enemies":"Chosen","floor":20,"turns":9},{"damage":54,"enemies":"Gremlin Leader","floor":24,"turns":12},{"damage":2,"enemies":"Slavers","floor":25,"turns":3},{"damage":0,"enemies":"Book of Stabbing","floor":28,"turns":12},{"damage":18,"enemies":"Slavers","floor":29,"turns":10},{"damage":9,"enemies":"Sentry and Sphere","floor":30,"turns":9},{"damage":4,"enemies":"Snake Plant","floor":31,"turns":6},{"damage":41,"enemies":"Automaton","floor":33,"turns":19},{"damage":0,"enemies":"Orb Walker","floor":35,"turns":5},{"damage":6,"enemies":"Nemesis","floor":38,"turns":9},{"damage":2,"enemies":"Giant Head","floor":39,"turns":12},{"damage":0,"enemies":"Nemesis","floor":40,"turns":11},{"damage":1,"enemies":"3 Shapes","floor":42,"turns":8},{"damage":63,"enemies":"Reptomancer","floor":44,"turns":9},{"damage":1,"enemies":"3 Darklings","floor":45,"turns":3},{"damage":11,"enemies":"Nemesis","floor":47,"turns":11},{"damage":49,"enemies":"4 Shapes","floor":48,"turns":5},{"damage":81,"enemies":"Donu and Deca","floor":50,"turns":12}],"seed_played":"-6942843224144824641","potions_obtained":[{"floor":2,"key":"EssenceOfSteel"},{"floor":6,"key":"SpeedPotion"},{"floor":12,"key":"Dexterity Potion"},{"floor":14,"key":"SmokeBomb"},{"floor":18,"key":"AttackPotion"},{"floor":29,"key":"Swift Potion"},{"floor":31,"key":"Block Potion"},{"floor":38,"key":"Energy Potion"},{"floor":40,"key":"Block Potion"},{"floor":47,"key":"Swift Potion"},{"floor":48,"key":"SkillPotion"}],"is_trial":false,"path_per_floor":["M","M","?","M","$","E","R","$","T","E","$","E","M","M","R","B",null,"M","?","M","?","$","R","E","E","T","R","E","E","M","M","R","B",null,"M","?","$","E","E","E","R","M","T","E","M","R","E","M","R","B"],"character_chosen":"THE_SILENT","items_purchased":["Conserve Battery","PowerPotion","Dagger Throw","Block Potion","Leg Sweep","Caltrops","Backstab","PowerPotion"],"campfire_rested":5,"item_purchase_floors":[5,5,11,11,22,37,37,37],"current_hp_per_floor":[70,70,59,59,59,43,64,64,64,61,61,56,63,70,70,58,70,64,64,68,68,68,68,21,19,19,40,47,36,34,37,58,36,70,70,70,70,70,70,70,70,70,70,14,15,56,54,7,50,0],"gold":234,"neow_bonus":"","is_prod":false,"is_daily":true,"chose_seed":false,"campfire_upgraded":2,"win_rate":0,"timestamp":1562517991,"path_taken":["M","M","?","M","$","E","R","$","T","E","$","E","M","M","R","BOSS","M","?","M","?","$","R","E","?","T","R","E","?","?","M","R","BOSS","M","?","?","?","?","E","R","M","T","E","M","R","?","M","R","BOSS"],"build_version":"2019-07-05","purchased_purges":3,"victory":false,"max_hp_per_floor":[70,70,70,70,70,70,70,70,70,70,70,70,70,70,70,70,70,70,70,70,70,70,70,70,70,70,70,70,70,70,70,70,70,70,70,70,70,70,70,70,70,70,70,70,72,74,76,78,80,80],"card_choices":[{"not_picked":["Poisoned Stab","Steam"],"picked":"Sucker Punch","floor":1},{"not_picked":["Redo","Bouncing Flask"],"picked":"Reinforced Body","floor":2},{"not_picked":["Cold Snap","Prepared"],"picked":"Quick Slash","floor":4},{"not_picked":["Hello World","Riddle With Holes"],"picked":"Self Repair","floor":6},{"not_picked":["Tempest","Redo"],"picked":"Double Energy","floor":10},{"not_picked":["Finisher","Stack","Coolheaded"],"picked":"SKIP","floor":12},{"not_picked":["Barrage","Hologram","Sweeping Beam"],"picked":"SKIP","floor":13},{"not_picked":["Setup","Deflect","Outmaneuver"],"picked":"SKIP","floor":14},{"not_picked":["Doppelganger","After Image"],"picked":"Malaise","floor":16},{"not_picked":["Cloak And Dagger+1","Barrage"],"picked":"Terror","floor":18},{"not_picked":["Crippling Poison","Eviscerate+1"],"picked":"PiercingWail","floor":20},{"not_picked":["Flying Knee","Loop"],"picked":"Heatsinks+1","floor":24},{"not_picked":["Heatsinks","Darkness"],"picked":"BootSequence","floor":28},{"not_picked":["Finisher","Stack","Hello World"],"picked":"SKIP","floor":29},{"not_picked":["Distraction","Compile Driver","Turbo"],"picked":"SKIP","floor":30},{"not_picked":["Eviscerate","Compile Driver"],"picked":"Backflip","floor":31},{"not_picked":["Buffer","Storm of Steel"],"picked":"Creative AI","floor":33},{"not_picked":["Go for the Eyes+1","Acrobatics"],"picked":"Recycle+1","floor":35},{"not_picked":["Turbo","Leap"],"picked":"Adrenaline","floor":38},{"not_picked":["BootSequence","Quick Slash+1"],"picked":"Deflect+1","floor":39},{"not_picked":["Quick Slash+1","Dash+1"],"picked":"White Noise+1","floor":40},{"not_picked":["Reinforced Body","Sweeping Beam"],"picked":"Corpse Explosion","floor":42},{"not_picked":["Poisoned Stab","Skim"],"picked":"PiercingWail+1","floor":44},{"not_picked":["Well Laid Plans","Melter+1","Flechettes"],"picked":"Singing Bowl","floor":45},{"not_picked":["Hologram","Gash+1","Cloak And Dagger"],"picked":"Singing Bowl","floor":46},{"not_picked":["Grand Finale","BootSequence","Predator"],"picked":"Singing Bowl","floor":47},{"not_picked":["Bane","Acrobatics","Leap"],"picked":"Singing Bowl","floor":48},{"not_picked":["Dagger Spray","Acrobatics+1","Endless Agony+1"],"picked":"Singing Bowl","floor":49}],"player_experience":3921093,"relics_obtained":[{"floor":6,"key":"Dodecahedron"},{"floor":9,"key":"Potion Belt"},{"floor":10,"key":"Tough Bandages"},{"floor":12,"key":"Pantograph"},{"floor":24,"key":"Calipers"},{"floor":26,"key":"Sundial"},{"floor":28,"key":"Vajra"},{"floor":29,"key":"Bronze Scales"},{"floor":38,"key":"Dream Catcher"},{"floor":39,"key":"Happy Flower"},{"floor":40,"key":"Lantern"},{"floor":43,"key":"Gremlin Horn"},{"floor":44,"key":"Singing Bowl"},{"floor":47,"key":"The Courier"}],"event_choices":[{"damage_healed":0,"gold_gain":75,"player_choice":"Gather Gold","damage_taken":11,"max_hp_gain":0,"max_hp_loss":0,"event_name":"World of Goop","floor":3,"gold_loss":0},{"damage_healed":0,"gold_gain":0,"player_choice":"Opened","damage_taken":0,"relics_obtained":["Paper Crane"],"max_hp_gain":0,"max_hp_loss":0,"event_name":"The Mausoleum","floor":19,"gold_loss":0},{"damage_healed":0,"gold_gain":0,"cards_transformed":["Strike_G"],"player_choice":"Transformed","damage_taken":0,"max_hp_gain":0,"max_hp_loss":0,"event_name":"Transmorgrifier","floor":21,"gold_loss":0,"cards_obtained":["Static Discharge"]},{"damage_healed":0,"gold_gain":0,"player_choice":"Ignored","damage_taken":0,"max_hp_gain":0,"max_hp_loss":0,"event_name":"Tomb of Lord Red Mask","floor":36,"gold_loss":0}],"is_beta":false,"boss_relics":[{"not_picked":["Pandora\u0027s Box","Coffee Dripper"],"picked":"Empty Cage"},{"not_picked":["WristBlade","Tiny House"],"picked":"Eternal Feather"}],"items_purged_floors":[5,8,22],"is_endless":false,"potions_floor_spawned":[2,6,12,14,18,25,29,31,38,40,47,48],"killed_by":"Donu and Deca","ascension_level":0}