{"gold_per_floor":[16,16,36,50,50,50,78,78,78,78,78,3,44,69,69,190,190,214,139,15,39,138,138,151,151,151,151],"floor_reached":27,"playtime":1397,"items_purged":["Strike_B"],"score":307,"play_id":"934135e7-5be1-439f-8249-52312a77737c","local_time":"20181205140438","is_ascension_mode":true,"campfire_choices":[{"data":"Zap","floor":6,"key":"SMITH"},{"floor":8,"key":"REST"},{"floor":11,"key":"REST"},{"data":"Beam Cell","floor":15,"key":"SMITH"},{"data":"Electrodynamics","floor":23,"key":"SMITH"},{"floor":25,"key":"REST"}],"neow_cost":"NO_GOLD","seed_source_timestamp":1870002652788590,"circlet_count":0,"master_deck":["Strike_B","Defend_B","Defend_B","Defend_B","Defend_B","Zap+1","Dualcast","Multi-Cast","Streamline","Multi-Cast","Beam Cell+1","White Noise","Self Repair","Electrodynamics+1","Chill","Capacitor","Conserve Battery","FTL+1","Self Repair"],"relics":["Cracked Core","Sundial","Pantograph","Golden Idol","Anchor","Philosopher\u0027s Stone","Turnip"],"potions_floor_usage":[13,18,18,24],"damage_taken":[{"damage":0,"enemies":"Cultist","floor":1,"turns":4},{"damage":4,"enemies":"2 Louse","floor":3,"turns":4},{"damage":4,"enemies":"Small Slimes","floor":4,"turns":3},{"damage":42,"enemies":"Gremlin Nob","floor":7,"turns":5},{"damage":35,"enemies":"3 Sentries","floor":13,"turns":7},{"damage":8,"enemies":"Blue Slaver","floor":14,"turns":3},{"damage":34,"enemies":"Hexaghost","floor":16,"turns":9},{"damage":13,"enemies":"Chosen","floor":18,"turns":4},{"damage":24,"enemies":"2 Thieves","floor":21,"turns":4},{"damage":33,"enemies":"Snake Plant","floor":24,"turns":4},{"damage":36,"enemies":"Cultist and Chosen","floor":27,"turns":4}],"seed_played":"-4662766317677724116","potions_obtained":[{"floor":7,"key":"SteroidPotion"},{"floor":13,"key":"Explosive Potion"},{"floor":14,"key":"Poison Potion"},{"floor":21,"key":"Strength Potion"}],"is_trial":false,"path_per_floor":["M","?","M","M","?","R","E","R","T","?","R","$","E","M","R","B",null,"M","?","$","M","?","R","M","R","T","M"],"character_chosen":"DEFECT","items_purchased":["Capacitor","Conserve Battery"],"campfire_rested":3,"item_purchase_floors":[20,20],"current_hp_per_floor":[68,68,64,60,65,65,23,47,47,47,69,69,34,33,33,31,63,57,57,57,40,40,40,7,29,29,0],"gold":151,"neow_bonus":"THREE_RARE_CARDS","is_prod":false,"is_daily":false,"chose_seed":false,"campfire_upgraded":3,"win_rate":0,"timestamp":1544036678,"path_taken":["M","?","M","M","?","R","E","R","T","?","R","?","E","M","R","BOSS","M","?","$","M","?","R","M","R","T","M"],"build_version":"2018-11-15","purchased_purges":1,"victory":false,"max_hp_per_floor":[75,75,75,75,80,80,80,80,80,74,74,74,74,74,74,74,74,74,74,74,74,74,74,74,74,74,74],"card_choices":[{"not_picked":["Amplify","Thunder Strike"],"picked":"Multi-Cast","floor":0},{"not_picked":["Coolheaded","Chaos"],"picked":"Streamline","floor":1},{"not_picked":["Hologram","Rebound"],"picked":"Beam Cell","floor":3},{"not_picked":["Gash","Streamline","Storm"],"picked":"SKIP","floor":4},{"not_picked":["Stack","Turbo"],"picked":"White Noise","floor":7},{"not_picked":["Rainbow","Defragment"],"picked":"Self Repair","floor":13},{"not_picked":["Streamline","Turbo","Gash"],"picked":"SKIP","floor":14},{"not_picked":["Hyperbeam","Biased Cognition"],"picked":"Electrodynamics","floor":16},{"not_picked":["BootSequence","Beam Cell"],"picked":"Chill","floor":18},{"not_picked":["Rip and Tear","Stack"],"picked":"FTL+1","floor":21},{"not_picked":["Cold Snap+1","Streamline"],"picked":"Self Repair","floor":24}],"player_experience":2664988,"relics_obtained":[{"floor":7,"key":"Sundial"},{"floor":9,"key":"Pantograph"},{"floor":13,"key":"Anchor"},{"floor":26,"key":"Turnip"}],"event_choices":[{"damage_healed":0,"gold_gain":0,"cards_transformed":["Strike_B"],"player_choice":"Change","damage_taken":0,"max_hp_gain":0,"max_hp_loss":0,"event_name":"Living Wall","floor":2,"gold_loss":0,"cards_obtained":["Multi-Cast"]},{"damage_healed":0,"gold_gain":0,"player_choice":"Donut","damage_taken":0,"max_hp_gain":5,"max_hp_loss":0,"event_name":"Big Fish","floor":5,"gold_loss":0},{"damage_healed":0,"gold_gain":0,"player_choice":"Lose Max HP","damage_taken":0,"relics_obtained":["Golden Idol"],"max_hp_gain":0,"max_hp_loss":6,"event_name":"Golden Idol","floor":10,"gold_loss":0},{"cards_removed":["Strike_B"],"damage_healed":0,"gold_gain":0,"player_choice":"Gave Gold","damage_taken":0,"max_hp_gain":0,"max_hp_loss":0,"event_name":"Beggar","floor":19,"gold_loss":75},{"damage_healed":0,"gold_gain":99,"player_choice":"Stole From Cult","damage_taken":0,"max_hp_gain":0,"max_hp_loss":0,"event_name":"Nest","floor":22,"gold_loss":0}],"is_beta":false,"boss_relics":[{"not_picked":["Runic Dome","FrozenCore"],"picked":"Philosopher\u0027s Stone"}],"items_purged_floors":[12],"is_endless":false,"potions_floor_spawned":[7,13,14,21],"killed_by":"Cultist and Chosen","ascension_level":8}