{"gold_per_floor":[118,118,133,147,170,170,200,200,251,24,24,40,71,86,86,157,157,168,168,93,106,120,120,150,150],"floor_reached":25,"playtime":3468,"items_purged":["Writhe"],"score":393,"play_id":"1f77b70f-bea2-4b32-880c-a4c6fa8434fa","local_time":"20190328002841","is_ascension_mode":true,"campfire_choices":[{"data":"Chaos","floor":6,"key":"SMITH"},{"data":"Rip and Tear","floor":8,"key":"SMITH"},{"floor":11,"key":"REST"},{"floor":15,"key":"REST"},{"data":"Defragment","floor":23,"key":"SMITH"}],"neow_cost":"NONE","seed_source_timestamp":1301143219786228,"circlet_count":0,"master_deck":["AscendersBane","Strike_B+1","Strike_B+1","Strike_B","Defend_B","Defend_B","Defend_B","Defend_B+1","Zap","Dualcast","Steam+1","Chaos+1","Rip and Tear+1","Echo Form","Defragment+1","BootSequence","Conserve Battery","Machine Learning","Turbo+1","Double Energy","White Noise"],"relics":["Cracked Core","Whetstone","Vajra","Bottled Lightning","Juzu Bracelet","Happy Flower","Centennial Puzzle","Sozu","Symbiotic Virus","War Paint"],"potions_floor_usage":[13,13,16,18],"damage_taken":[{"damage":1,"enemies":"2 Louse","floor":1,"turns":3},{"damage":1,"enemies":"Jaw Worm","floor":3,"turns":3},{"damage":0,"enemies":"Cultist","floor":4,"turns":4},{"damage":19,"enemies":"Lagavulin","floor":7,"turns":5},{"damage":6,"enemies":"Looter","floor":12,"turns":2},{"damage":12,"enemies":"Gremlin Nob","floor":13,"turns":3},{"damage":2,"enemies":"Red Slaver","floor":14,"turns":3},{"damage":21,"enemies":"Slime Boss","floor":16,"turns":5},{"damage":0,"enemies":"3 Byrds","floor":18,"turns":4},{"damage":3,"enemies":"2 Thieves","floor":21,"turns":4},{"damage":5,"enemies":"Snecko","floor":22,"turns":5},{"damage":42,"enemies":"Slavers","floor":24,"turns":7},{"damage":18,"enemies":"3 Cultists","floor":25,"turns":2}],"seed_played":"3580981834147045186","potions_obtained":[{"floor":1,"key":"Swift Potion"},{"floor":7,"key":"Weak Potion"},{"floor":13,"key":"Swift Potion"},{"floor":14,"key":"Block Potion"}],"is_trial":false,"path_per_floor":["M","?","M","M","T","R","E","R","T","$","R","M","E","M","R","B",null,"M","?","$","M","M","R","E","M"],"character_chosen":"DEFECT","items_purchased":["Defragment","Happy Flower"],"campfire_rested":2,"item_purchase_floors":[10,10],"current_hp_per_floor":[63,56,55,55,55,55,36,36,36,36,57,51,39,37,58,37,63,63,63,63,60,55,55,13,0],"gold":150,"neow_bonus":"RANDOM_COMMON_RELIC","is_prod":false,"is_daily":false,"chose_seed":false,"campfire_upgraded":3,"win_rate":0,"timestamp":1553747321,"path_taken":["M","?","M","M","?","R","E","R","T","$","R","M","E","M","R","BOSS","M","?","$","M","M","R","E","M"],"build_version":"2019-01-23","purchased_purges":1,"victory":false,"max_hp_per_floor":[71,71,71,71,71,71,71,71,71,71,71,71,71,71,71,71,71,71,71,71,71,71,71,71,71],"card_choices":[{"not_picked":["Reprogram","Turbo"],"picked":"Steam","floor":1},{"not_picked":["Cold Snap","Coolheaded"],"picked":"Chaos","floor":3},{"not_picked":["Gash","Hologram"],"picked":"Rip and Tear","floor":4},{"not_picked":["Go for the Eyes","Barrage"],"picked":"Echo Form","floor":7},{"not_picked":["Reinforced Body","Darkness"],"picked":"BootSequence","floor":12},{"not_picked":["Beam Cell","Heatsinks","FTL"],"picked":"SKIP","floor":13},{"not_picked":["Leap","Go for the Eyes"],"picked":"Conserve Battery","floor":14},{"not_picked":["Amplify","All For One"],"picked":"Machine Learning","floor":16},{"not_picked":["Ball Lightning","Lockon","Scrape"],"picked":"SKIP","floor":18},{"not_picked":["Go for the Eyes","Coolheaded"],"picked":"Turbo+1","floor":21},{"not_picked":["Turbo+1","Stack"],"picked":"Double Energy","floor":22},{"not_picked":["Leap+1","Machine Learning"],"picked":"White Noise","floor":24}],"player_experience":3261509,"relics_obtained":[{"floor":5,"key":"Vajra"},{"floor":7,"key":"Bottled Lightning"},{"floor":9,"key":"Juzu Bracelet"},{"floor":13,"key":"Centennial Puzzle"},{"floor":24,"key":"War Paint"}],"event_choices":[{"cards_removed":["Strike_B"],"damage_healed":0,"gold_gain":0,"player_choice":"Card Removal","damage_taken":7,"max_hp_gain":0,"max_hp_loss":0,"event_name":"Golden Wing","floor":2,"gold_loss":0},{"damage_healed":0,"gold_gain":0,"player_choice":"Opened","damage_taken":0,"relics_obtained":["Symbiotic Virus"],"max_hp_gain":0,"max_hp_loss":0,"event_name":"The Mausoleum","floor":19,"gold_loss":0,"cards_obtained":["Writhe"]}],"is_beta":false,"boss_relics":[{"not_picked":["Black Star","White Beast Statue"],"picked":"Sozu"}],"items_purged_floors":[20],"is_endless":false,"potions_floor_spawned":[1,7,13,14,21,22],"killed_by":"3 Cultists","ascension_level":14}