{"gold_per_floor":[115,65,65,15,25,25,37,37,93,112,146,208,236,12,12,108,108,118,18,36,36,53,53,78,94,120,120,148,148,181,14,14,119,119,136,136,136,136,149,180,180,196,222,268,297,309,336,365,377,389],"floor_reached":51,"playtime":8833,"items_purged":["Strike_B","Strike_B"],"score":728,"play_id":"f677242d-95b6-44d8-b21e-37ce5bae3503","local_time":"20190428232630","is_ascension_mode":false,"campfire_choices":[{"data":"Glacier","floor":6,"key":"SMITH"},{"data":"Sunder","floor":8,"key":"SMITH"},{"data":"Streamline","floor":15,"key":"SMITH"},{"data":"Biased Cognition","floor":23,"key":"SMITH"},{"data":"Tempest","floor":27,"key":"SMITH"},{"data":"Doom and Gloom","floor":29,"key":"SMITH"},{"data":"The Bomb","floor":32,"key":"SMITH"},{"data":"Seek","floor":41,"key":"SMITH"},{"floor":49,"key":"REST"}],"neow_cost":"NONE","seed_source_timestamp":1648386651602539,"circlet_count":0,"master_deck":["Defend_B","Defend_B+1","Defend_B","Defend_B+1","Zap+1","Dualcast","Rip and Tear+1","Gash","Glacier+1","Sunder+1","Self Repair","Melter","Biased Cognition+1","Chill+1","Conserve Battery+1","Tempest+1","Doom and Gloom+1","The Bomb+1","Seek+1","Flash of Steel","Regret","Genetic Algorithm+1","Defragment+1","Clumsy","Defragment+1","Hologram"],"relics":["Cracked Core","Tiny Chest","War Paint","Bronze Scales","Blue Candle","Ancient Tea Set","Sozu","Orichalcum","DataDisk","Red Mask","Du-Vu Doll","Cursed Key","Mercury Hourglass","Bottled Flame","MawBank","Girya"],"potions_floor_usage":[16,50],"damage_taken":[{"damage":1,"enemies":"2 Louse","floor":1,"turns":2},{"damage":2,"enemies":"Small Slimes","floor":5,"turns":2},{"damage":0,"enemies":"Cultist","floor":7,"turns":2},{"damage":0,"enemies":"Blue Slaver","floor":10,"turns":3},{"damage":2,"enemies":"3 Sentries","floor":11,"turns":6},{"damage":5,"enemies":"3 Sentries","floor":12,"turns":5},{"damage":11,"enemies":"Lagavulin","floor":13,"turns":5},{"damage":13,"enemies":"The Guardian","floor":16,"turns":10},{"damage":5,"enemies":"Chosen","floor":18,"turns":4},{"damage":0,"enemies":"3 Byrds","floor":20,"turns":2},{"damage":5,"enemies":"Centurion and Healer","floor":22,"turns":6},{"damage":38,"enemies":"Gremlin Leader","floor":24,"turns":10},{"damage":0,"enemies":"Cultist and Chosen","floor":25,"turns":5},{"damage":4,"enemies":"Masked Bandits","floor":28,"turns":3},{"damage":0,"enemies":"Slavers","floor":30,"turns":4},{"damage":14,"enemies":"Automaton","floor":33,"turns":9},{"damage":2,"enemies":"Orb Walker","floor":35,"turns":3},{"damage":1,"enemies":"3 Darklings","floor":39,"turns":4},{"damage":12,"enemies":"Giant Head","floor":40,"turns":9},{"damage":2,"enemies":"Maw","floor":42,"turns":6},{"damage":45,"enemies":"Reptomancer","floor":44,"turns":5},{"damage":2,"enemies":"Transient","floor":45,"turns":5},{"damage":0,"enemies":"Sphere and 2 Shapes","floor":47,"turns":3},{"damage":1,"enemies":"4 Shapes","floor":48,"turns":4},{"damage":29,"enemies":"Awakened One","floor":50,"turns":12}],"seed_played":"-5080771209773677345","potions_obtained":[{"floor":10,"key":"Regen Potion"},{"floor":12,"key":"SmokeBomb"},{"floor":13,"key":"Fire Potion"}],"is_trial":false,"path_per_floor":["M","?","?","$","M","R","M","R","T","M","E","?","E","$","R","B",null,"M","$","M","?","M","R","E","M","T","R","?","R","E","$","R","B",null,"M","?","?","T","M","E","R","M","T","E","M","?","M","M","R","B",null],"character_chosen":"DEFECT","items_purchased":["Gash","Ancient Tea Set","The Bomb"],"campfire_rested":1,"item_purchase_floors":[4,14,31],"current_hp_per_floor":[74,74,74,74,72,72,72,72,72,72,70,65,61,61,61,70,75,75,75,75,75,75,75,44,51,51,51,47,47,54,54,54,47,75,73,73,73,73,75,70,70,75,75,37,42,42,49,55,75,53],"gold":401,"neow_bonus":"UPGRADE_CARD","is_prod":false,"is_daily":false,"chose_seed":false,"campfire_upgraded":8,"win_rate":0,"timestamp":1556508390,"path_taken":["M","?","?","$","M","R","M","R","T","?","E","?","E","$","R","BOSS","M","$","M","?","M","R","E","M","T","R","?","R","E","$","R","BOSS","M","?","?","?","M","E","R","M","T","E","?","?","?","M","R","BOSS"],"build_version":"2019-01-23","purchased_purges":2,"victory":true,"max_hp_per_floor":[75,75,75,75,75,75,75,75,75,75,75,75,75,75,75,75,75,75,75,75,75,75,75,75,75,75,75,75,75,75,75,75,75,75,75,75,75,75,75,75,75,75,75,75,75,75,75,75,75,75],"card_choices":[{"not_picked":["Conserve Battery","Skim"],"picked":"Streamline","floor":1},{"not_picked":["Stack","Aggregate"],"picked":"Glacier","floor":5},{"not_picked":["Steam","Hyperbeam"],"picked":"Sunder","floor":7},{"not_picked":["Sweeping Beam","Cold Snap","Rebound"],"picked":"SKIP","floor":10},{"not_picked":["Redo","Compile Driver","Rebound"],"picked":"SKIP","floor":11},{"not_picked":["Cold Snap","Sweeping Beam"],"picked":"Self Repair","floor":12},{"not_picked":["BootSequence","Coolheaded"],"picked":"Melter","floor":13},{"not_picked":["Machine Learning","Seek"],"picked":"Biased Cognition","floor":16},{"not_picked":["Force Field+1","BootSequence"],"picked":"Chill+1","floor":18},{"not_picked":["Ball Lightning","Self Repair","Cold Snap"],"picked":"SKIP","floor":20},{"not_picked":["Loop","Barrage"],"picked":"Conserve Battery+1","floor":22},{"not_picked":["Conserve Battery","Multi-Cast"],"picked":"Tempest","floor":24},{"not_picked":["Conserve Battery","Turbo+1"],"picked":"Doom and Gloom","floor":25},{"not_picked":["Stack","Consume","Turbo"],"picked":"SKIP","floor":30},{"not_picked":["Multi-Cast","Rainbow"],"picked":"Seek","floor":33},{"not_picked":["Turbo+1","Self Repair","Rebound+1"],"picked":"SKIP","floor":35},{"not_picked":["Dramatic Entrance","Discovery"],"picked":"Flash of Steel","floor":36},{"not_picked":["FTL","Doom and Gloom+1"],"picked":"Genetic Algorithm+1","floor":39},{"not_picked":["BootSequence","Conserve Battery","Sweeping Beam"],"picked":"SKIP","floor":40},{"not_picked":["Coolheaded+1","Hello World+1"],"picked":"Defragment+1","floor":42},{"not_picked":["Cold Snap+1","Gash","Reboot"],"picked":"SKIP","floor":44},{"not_picked":["Ball Lightning+1","Compile Driver+1","Static Discharge+1"],"picked":"SKIP","floor":45},{"not_picked":["Streamline+1","Conserve Battery"],"picked":"Hologram","floor":47},{"not_picked":["Recycle","Beam Cell+1","Hologram"],"picked":"SKIP","floor":48}],"player_experience":3511525,"relics_obtained":[{"floor":9,"key":"Tiny Chest"},{"floor":11,"key":"War Paint"},{"floor":12,"key":"Bronze Scales"},{"floor":13,"key":"Blue Candle"},{"floor":24,"key":"Orichalcum"},{"floor":26,"key":"DataDisk"},{"floor":28,"key":"Red Mask"},{"floor":30,"key":"Du-Vu Doll"},{"floor":38,"key":"Mercury Hourglass"},{"floor":40,"key":"Bottled Flame"},{"floor":43,"key":"MawBank"},{"floor":44,"key":"Girya"}],"event_choices":[{"cards_removed":["Strike_B"],"damage_healed":0,"gold_gain":0,"player_choice":"Card Removal","damage_taken":0,"max_hp_gain":0,"max_hp_loss":0,"event_name":"The Cleric","floor":2,"gold_loss":50},{"cards_removed":["Strike_B"],"damage_healed":0,"gold_gain":0,"player_choice":"Took Card","damage_taken":0,"max_hp_gain":0,"max_hp_loss":0,"event_name":"NoteForYourself","floor":3,"gold_loss":0,"cards_obtained":["Rip and Tear"]},{"damage_healed":0,"gold_gain":0,"player_choice":"Searched \u00272\u0027 times","damage_taken":0,"max_hp_gain":0,"max_hp_loss":0,"event_name":"Dead Adventurer","floor":12,"gold_loss":0},{"damage_healed":0,"gold_gain":0,"player_choice":"Ignored","damage_taken":0,"max_hp_gain":0,"max_hp_loss":0,"event_name":"Beggar","floor":21,"gold_loss":0},{"damage_healed":0,"gold_gain":0,"player_choice":"Fought Bandits","damage_taken":0,"max_hp_gain":0,"max_hp_loss":0,"event_name":"Masked Bandits","floor":28,"gold_loss":0},{"damage_healed":0,"gold_gain":0,"player_choice":"Memory 1","damage_taken":0,"max_hp_gain":0,"max_hp_loss":0,"event_name":"SensoryStone","floor":36,"gold_loss":0},{"cards_removed":["Streamline"],"damage_healed":0,"gold_gain":0,"player_choice":"Removed Attack","damage_taken":0,"max_hp_gain":0,"max_hp_loss":0,"event_name":"Falling","floor":37,"gold_loss":0},{"damage_healed":0,"gold_gain":0,"player_choice":"Copied","damage_taken":0,"max_hp_gain":0,"max_hp_loss":0,"event_name":"Duplicator","floor":46,"gold_loss":0,"cards_obtained":["Defragment"]}],"is_beta":false,"boss_relics":[{"not_picked":["Tiny House","Lizard Tail"],"picked":"Sozu"},{"not_picked":["Astrolabe","Runic Dome"],"picked":"Cursed Key"}],"items_purged_floors":[14,19],"is_endless":false,"potions_floor_spawned":[10,12,13,18,20,24,30,35,39,40,47],"ascension_level":0}