{"gold_per_floor":[118,193,206,4,4,4,20,20,43,55,55,80,80,80,80,183,183,198,41,61,77,127,127,140,158,158,175,175,192,292,304,304,401,401,419,419,63,76,76,76,88,88],"floor_reached":42,"playtime":4483,"items_purged":[],"score":417,"play_id":"a103fa48-ed70-4a3e-8b42-3a6b532fca27","local_time":"20190710071329","is_ascension_mode":false,"campfire_choices":[{"data":"Searing Blow","floor":6.0,"key":"SMITH"},{"data":"Inflame","floor":11.0,"key":"SMITH"},{"data":"Infernal Blade","floor":15.0,"key":"SMITH"},{"floor":23.0,"key":"REST"},{"floor":28.0,"key":"REST"},{"floor":32,"key":"REST"},{"floor":40,"key":"REST"}],"neow_cost":"NONE","seed_source_timestamp":0,"circlet_count":0,"master_deck":["Strike_R","Strike_R","Strike_R","Strike_R","Strike_R","Defend_R","Defend_R","Defend_R","Defend_R","Bash","Dual Wield","Inflame+1","Carnage","Searing Blow+1","PanicButton","Anger","Second Wind","Infernal Blade+1","Immolate","Iron Wave","Rupture","Thunderclap","Pummel","Metallicize","Cleave+1","Anger","Burning Pact","Blood for Blood","Berserk+1","Evolve+1","Impervious","Sword Boomerang+1","Dual Wield","Rampage","Carnage","Inflame+1","Seeing Red","Finesse","Headbutt+1","Anger+1"],"special_seed":0,"relics":["Burning Blood","NeowsBlessing","Oddly Smooth Stone","Regal Pillow","Shuriken","Fusion Hammer","Frozen Egg 2","Bottled Tornado","Magic Flower","Sozu"],"potions_floor_usage":[30,31,31],"damage_taken":[{"damage":0.0,"enemies":"Jaw Worm","floor":1.0,"turns":1.0},{"damage":0.0,"enemies":"2 Louse","floor":3.0,"turns":1.0},{"damage":0.0,"enemies":"Cultist","floor":7.0,"turns":1.0},{"damage":13.0,"enemies":"3 Louse","floor":8.0,"turns":3.0},{"damage":15.0,"enemies":"Lots of Slimes","floor":10.0,"turns":5.0},{"damage":60.0,"enemies":"Slime Boss","floor":16.0,"turns":9.0},{"damage":4.0,"enemies":"Chosen","floor":18.0,"turns":3.0},{"damage":10.0,"enemies":"Spheric Guardian","floor":20.0,"turns":3.0},{"damage":35.0,"enemies":"Shelled Parasite and Fungi","floor":21.0,"turns":5.0},{"damage":12.0,"enemies":"Snecko","floor":24.0,"turns":5.0},{"damage":16.0,"enemies":"Cultist and Chosen","floor":25.0,"turns":5.0},{"damage":28.0,"enemies":"Centurion and Healer","floor":27.0,"turns":6.0},{"damage":34.0,"enemies":"Snake Plant","floor":29.0,"turns":4.0},{"damage":32,"enemies":"Colosseum Slavers","floor":30,"turns":5},{"damage":17,"enemies":"Colosseum Nobs","floor":30,"turns":4},{"damage":12,"enemies":"Shelled Parasite and Fungi","floor":31,"turns":4},{"damage":49,"enemies":"Collector","floor":33,"turns":10},{"damage":25,"enemies":"3 Darklings","floor":35,"turns":4},{"damage":41,"enemies":"3 Shapes","floor":38,"turns":4},{"damage":56,"enemies":"Writhing Mass","floor":41,"turns":3},{"damage":26,"enemies":"Maw","floor":42,"turns":5}],"seed_played":"8095052927397121783","potions_obtained":[{"floor":1.0,"key":"SteroidPotion"},{"floor":7.0,"key":"Energy Potion"},{"floor":10.0,"key":"FearPotion"},{"floor":18.0,"key":"Regen Potion"},{"floor":27.0,"key":"AttackPotion"},{"floor":29.0,"key":"SpeedPotion"}],"is_trial":false,"path_per_floor":["M","?","M","$","?","R","M","M","T","M","R","T","?","T","R","B",null,"M","$","M","M","?","R","M","M","T","M","R","M","?","M","R","B",null,"M","?","$","M","?","R","M","M"],"character_chosen":"IRONCLAD","items_purchased":["Carnage","Searing Blow","PanicButton","Rupture","Thunderclap","Pummel","Rampage","Carnage","Inflame+1","Seeing Red","Finesse"],"campfire_rested":4,"item_purchase_floors":[4,4,4,19,19,19,37,37,37,37,37],"current_hp_per_floor":[80,69,75,75,75,75,80,73,73,64,64,64,64,64,64,10,80,80,80,76,47,47,80,74,64,64,42,80,52,15,12,51,11,80,64,64,64,32,32,71,24,0],"gold":88,"neow_bonus":"THREE_ENEMY_KILL","is_prod":false,"is_daily":false,"chose_seed":false,"campfire_upgraded":3,"win_rate":0,"timestamp":1562735609,"path_taken":["M","?","M","$","?","R","M","M","T","?","R","?","?","?","R","BOSS","M","$","M","?","?","R","M","M","T","?","R","M","?","M","R","BOSS","M","?","$","?","?","R","M","M"],"build_version":"2019-07-05","purchased_purges":0,"victory":false,"max_hp_per_floor":[80,80,80,80,80,80,80,80,80,80,80,80,80,80,80,80,80,80,80,80,80,80,80,80,80,80,80,80,80,80,80,80,80,80,80,80,80,80,80,80,80,80],"card_choices":[{"not_picked":["Pommel Strike","Clothesline"],"picked":"Dual Wield","floor":1.0},{"not_picked":["Headbutt","Bloodletting"],"picked":"Inflame","floor":3.0},{"not_picked":["Pommel Strike","Body Slam"],"picked":"Anger","floor":7.0},{"not_picked":["Warcry","Carnage"],"picked":"Second Wind","floor":8.0},{"not_picked":["Anger","Body Slam"],"picked":"Infernal Blade","floor":10.0},{"not_picked":["Limit Break","Reaper"],"picked":"Immolate","floor":16.0},{"not_picked":["Bloodletting","Heavy Blade"],"picked":"Iron Wave","floor":18.0},{"not_picked":["Body Slam","Evolve"],"picked":"Metallicize","floor":20.0},{"not_picked":["Pommel Strike","True Grit+1"],"picked":"Cleave+1","floor":21.0},{"not_picked":["Ghostly Armor","Sword Boomerang"],"picked":"Anger","floor":24.0},{"not_picked":["Warcry","Clash"],"picked":"Burning Pact","floor":25.0},{"not_picked":["Flex","Entrench"],"picked":"Blood for Blood","floor":27.0},{"not_picked":["Anger","Inflame+1"],"picked":"Berserk+1","floor":29.0},{"not_picked":["Pummel","Shrug It Off"],"picked":"Iron Wave+1","floor":30},{"not_picked":["Iron Wave+1","Clothesline"],"picked":"Evolve+1","floor":31},{"not_picked":["Immolate","Bludgeon"],"picked":"Impervious","floor":33},{"not_picked":["Clothesline+1","Searing Blow+1"],"picked":"Sword Boomerang+1","floor":35},{"not_picked":["Shockwave+1","Flex"],"picked":"Headbutt+1","floor":38},{"not_picked":["Pommel Strike+1","Shockwave+1"],"picked":"Anger+1","floor":41}],"player_experience":29510,"relics_obtained":[{"floor":9.0,"key":"Oddly Smooth Stone"},{"floor":12.0,"key":"Regal Pillow"},{"floor":14.0,"key":"Shuriken"},{"floor":26.0,"key":"Frozen Egg 2"},{"floor":30,"key":"Bottled Tornado"},{"floor":30,"key":"Magic Flower"}],"event_choices":[{"damage_healed":0.0,"max_hp_gain":0.0,"max_hp_loss":0.0,"gold_gain":75.0,"event_name":"World of Goop","player_choice":"Gather Gold","floor":2.0,"gold_loss":0.0,"damage_taken":11.0},{"damage_healed":0.0,"max_hp_gain":0.0,"max_hp_loss":0.0,"gold_gain":0.0,"event_name":"Liars Game","player_choice":"Ignored","floor":5.0,"gold_loss":0.0,"damage_taken":0.0},{"damage_healed":0.0,"max_hp_gain":0.0,"max_hp_loss":0.0,"gold_gain":0.0,"event_name":"Golden Idol","player_choice":"Ignored","floor":13.0,"gold_loss":0.0,"damage_taken":0.0},{"damage_healed":0.0,"max_hp_gain":0.0,"max_hp_loss":0.0,"gold_gain":100.0,"event_name":"The Joust","player_choice":"Bet on Murderer","floor":22.0,"gold_loss":50.0,"damage_taken":0.0},{"damage_healed":0,"gold_gain":0,"player_choice":"Fight","damage_taken":0,"max_hp_gain":0,"max_hp_loss":0,"event_name":"Colosseum","floor":30,"gold_loss":0},{"damage_healed":0,"gold_gain":0,"player_choice":"Fought Nobs","damage_taken":0,"max_hp_gain":0,"max_hp_loss":0,"event_name":"Colosseum","floor":30,"gold_loss":0},{"damage_healed":0,"gold_gain":0,"player_choice":"Copied","damage_taken":0,"max_hp_gain":0,"max_hp_loss":0,"event_name":"Duplicator","floor":36,"gold_loss":0,"cards_obtained":["Dual Wield"]},{"cards_removed":["Iron Wave"],"damage_healed":0,"gold_gain":0,"player_choice":"Removed Attack","damage_taken":0,"max_hp_gain":0,"max_hp_loss":0,"event_name":"Falling","floor":39,"gold_loss":0}],"is_beta":false,"boss_relics":[{"not_picked":["Empty Cage","White Beast Statue"],"picked":"Fusion Hammer"},{"not_picked":["Eternal Feather","Cursed Key"],"picked":"Sozu"}],"items_purged_floors":[],"is_endless":false,"potions_floor_spawned":[1,7,10,18,24,27,29,30,38,41],"killed_by":"Maw","ascension_level":0}