{"gold_per_floor":[362,378,378,16,166,166,206,12,37,37,37,37,50,75,75,75],"floor_reached":16,"playtime":1016,"items_purged":[],"score":191,"play_id":"0146adec-7182-4dd6-9f97-606fdcb2501f","local_time":"20190707190445","is_ascension_mode":true,"campfire_choices":[{"data":"Neutralize","floor":6.0,"key":"SMITH"},{"floor":10.0,"key":"REST"},{"data":"Cloak And Dagger","floor":12,"key":"SMITH"},{"data":"After Image","floor":15,"key":"SMITH"}],"neow_cost":"CURSE","seed_source_timestamp":0,"circlet_count":0,"master_deck":["AscendersBane","Strike_G","Strike_G","Strike_G","Strike_G","Strike_G","Defend_G","Defend_G","Defend_G","Defend_G","Defend_G","Survivor","Neutralize+1","Writhe","Footwork","Prepared","Footwork","Doubt","Blade Dance","Cloak And Dagger+1","Blade Dance","Well Laid Plans","Deflect","After Image+1"],"special_seed":0,"relics":["Ring of the Snake","Golden Idol","Shuriken","PreservedInsect","Potion Belt"],"potions_floor_usage":[16,16],"damage_taken":[{"damage":0.0,"enemies":"Jaw Worm","floor":1.0,"turns":7.0},{"damage":2.0,"enemies":"Small Slimes","floor":2.0,"turns":6.0},{"damage":36.0,"enemies":"3 Sentries","floor":7.0,"turns":19.0},{"damage":0,"enemies":"Cultist","floor":13,"turns":5},{"damage":0,"enemies":"Large Slime","floor":14,"turns":6},{"damage":45,"enemies":"Slime Boss","floor":16,"turns":12}],"seed_played":"1507135795130569842","potions_obtained":[{"floor":2.0,"key":"Fire Potion"},{"floor":7.0,"key":"Swift Potion"},{"floor":14,"key":"Block Potion"}],"is_trial":false,"path_per_floor":["M","M","?","$","?","R","E","$","T","R","?","R","M","M","R","B"],"character_chosen":"THE_SILENT","items_purchased":["Footwork","Shuriken","Cloak And Dagger","Blade Dance","Well Laid Plans"],"campfire_rested":1,"item_purchase_floors":[4,4,8,8,8],"current_hp_per_floor":[59,57,57,57,57,57,21,21,21,39,39,39,39,39,39,0],"gold":75,"neow_bonus":"TWO_FIFTY_GOLD","is_prod":false,"is_daily":false,"chose_seed":false,"campfire_upgraded":3,"win_rate":0,"timestamp":1562547885,"path_taken":["M","M","?","$","?","R","E","$","T","R","?","R","?","M","R","BOSS"],"build_version":"2019-07-03","purchased_purges":0,"victory":false,"max_hp_per_floor":[66,66,60,60,60,60,60,60,60,60,60,60,60,60,60,60],"card_choices":[{"not_picked":["Dagger Throw","Crippling Poison"],"picked":"Footwork","floor":1.0},{"not_picked":["Masterful Stab","Bane"],"picked":"Prepared","floor":2.0},{"not_picked":["Quick Slash","Endless Agony"],"picked":"Blade Dance","floor":7.0},{"not_picked":["Dash","Bouncing Flask"],"picked":"Deflect","floor":13},{"not_picked":["Deadly Poison","Poisoned Stab"],"picked":"After Image","floor":14}],"player_experience":1140383,"relics_obtained":[{"floor":7.0,"key":"PreservedInsect"},{"floor":9.0,"key":"Potion Belt"}],"event_choices":[{"damage_healed":0.0,"max_hp_gain":0.0,"max_hp_loss":6.0,"gold_gain":0.0,"event_name":"Golden Idol","player_choice":"Lose Max HP","floor":3.0,"gold_loss":0.0,"damage_taken":0.0,"relics_obtained":["Golden Idol"]},{"damage_healed":0.0,"max_hp_gain":0.0,"max_hp_loss":0.0,"gold_gain":150.0,"event_name":"Liars Game","player_choice":"AGREE","floor":5.0,"gold_loss":0.0,"damage_taken":0.0,"cards_obtained":["Doubt"]},{"damage_healed":0,"gold_gain":0,"player_choice":"Searched \u00271\u0027 times","damage_taken":0,"max_hp_gain":0,"max_hp_loss":0,"event_name":"Dead Adventurer","floor":11,"gold_loss":0}],"is_beta":true,"boss_relics":[],"items_purged_floors":[],"is_endless":false,"potions_floor_spawned":[2,7,14],"killed_by":"Slime Boss","ascension_level":19}