{"path_per_floor":["M","M","?","?","$","E","M","R","T","E","R","M","M","?","R","B",null,"M","M","?","$","M","E","R","E","T"],"character_chosen":"THE_SILENT","items_purchased":["Mind Blast","Footwork","Dexterity Potion","Escape Plan","Fire Potion"],"gold_per_floor":[119,133,133,133,45,73,83,83,83,112,112,132,145,145,145,220,220,240,253,253,10,20,53,53,88,166],"floor_reached":27,"campfire_rested":2,"playtime":2756,"current_hp_per_floor":[59,59,52,52,52,52,46,46,46,34,34,34,25,25,43,9,50,47,34,34,34,28,13,31,31,31],"items_purged":[],"gold":166,"score":529,"play_id":"51c3c8d5-3c0a-4860-bf69-aa03127b116a","local_time":"20180310111031","is_prod":false,"is_daily":false,"is_ascension_mode":true,"campfire_upgraded":2,"timestamp":1520698231,"path_taken":["M","?","?","?","$","E","M","R","T","E","R","?","M","?","R","BOSS","M","M","?","$","M","E","R","E","T","E"],"build_version":"2018-03-09","purchased_purges":2,"victory":false,"master_deck":["Defend_G+1","Defend_G+1","Defend_G+1","Defend_G+1","Defend_G+1","Strike_G+1","Strike_G+1","Strike_G+1","Strike_G+1","Survivor","Neutralize+1","Dagger Throw","Terror","Doppelganger+1","Mind Blast","Flying Knee","PiercingWail","Escape Plan","After Image","Backflip","Footwork","Escape Plan","Prepared","Bouncing Flask"],"max_hp_per_floor":[66,66,63,63,63,63,63,63,63,63,63,63,63,63,63,63,63,63,63,63,63,63,63,63,63,63],"relics":["Ring of the Snake","NeowsBlessing","Matryoshka","Kunai","Frozen Eye","Letter Opener","Velvet Choker","Ancient Tea Set","Bag of Preparation","Orichalcum","Mercury Hourglass"],"card_choices":[{"not_picked":["Prepared","Acrobatics"],"picked":"Dagger Throw"},{"not_picked":["Poisoned Stab","Caltrops"],"picked":"Terror"},{"not_picked":["Poisoned Stab","Deadly Poison"],"picked":"Flying Knee"},{"not_picked":["Cloak And Dagger","Terror"],"picked":"PiercingWail"},{"not_picked":["Distraction","Grand Finale"],"picked":"Escape Plan"},{"not_picked":["Wraith Form","Adrenaline"],"picked":"After Image"},{"not_picked":["Sucker Punch","Distraction"],"picked":"Backflip"},{"not_picked":["Dodge and Roll","PiercingWail"],"picked":"Prepared"},{"not_picked":["Deflect","Backflip"],"picked":"Bouncing Flask"}],"player_experience":961983,"potions_floor_usage":[16,16,16,23,25,27,27],"damage_taken":[{"damage":0,"enemies":"Cultist","floor":1,"turns":1},{"damage":0,"enemies":"Jaw Worm","floor":2,"turns":1},{"damage":0,"enemies":"Lagavulin","floor":6,"turns":1},{"damage":6,"enemies":"2 Louse","floor":7,"turns":2},{"damage":12,"enemies":"Gremlin Nob","floor":10,"turns":4},{"damage":0,"enemies":"Gremlin Gang","floor":12,"turns":3},{"damage":9,"enemies":"Red Slaver","floor":13,"turns":4},{"damage":46,"enemies":"Slime Boss","floor":16,"turns":20},{"damage":3,"enemies":"2 Thieves","floor":18,"turns":4},{"damage":13,"enemies":"3 Byrds","floor":19,"turns":7},{"damage":6,"enemies":"Snake Plant","floor":22,"turns":5},{"damage":15,"enemies":"Gremlin Leader","floor":23,"turns":9},{"damage":0,"enemies":"Book of Stabbing","floor":25,"turns":7},{"damage":34,"enemies":"Gremlin Leader","floor":27,"turns":8}],"event_choices":[{"event_name":"Golden Wing","player_choice":"Card Removal","floor":3,"damage_taken":0},{"event_name":"Transmorgrifier","player_choice":"Transform","floor":4,"damage_taken":0},{"event_name":"The Lab","player_choice":"Got Potions","floor":14,"damage_taken":0},{"event_name":"Back to Basics","player_choice":"Simplicity","floor":20,"damage_taken":0}],"boss_relics":[{"not_picked":["Runic Pyramid","Eternal Feather"],"picked":"Velvet Choker"}],"potions_floor_spawned":[10,18,22,23],"seed_played":"-4552153449127975413","killed_by":"Gremlin Leader","ascension_level":14,"is_trial":false}