{"gold_per_floor":[110,121,296,25,25,60,60,76,76,90,90,103,103,128,128,259,259,282,296,18,18,18,18,37,37,108,108,119,153,153,169,169,266,266,282,297,3,3,3,3,3,3,3,3,32,8,8,8,8,8,8,8,8,8],"floor_reached":54,"playtime":2715,"items_purged":["Doubt"],"score":756,"play_id":"d530ac24-e992-4016-a0c3-dca4bbffdf45","local_time":"20181120095358","is_ascension_mode":false,"campfire_choices":[{"data":"Backflip","floor":7,"key":"SMITH"},{"data":"Quick Slash","floor":13,"key":"SMITH"},{"floor":15,"key":"RECALL"},{"data":"Noxious Fumes","floor":23,"key":"SMITH"},{"data":"Backflip","floor":27,"key":"SMITH"},{"data":"Footwork","floor":32,"key":"SMITH"},{"data":"Noxious Fumes","floor":40,"key":"SMITH"},{"data":"Iron Wave","floor":42,"key":"SMITH"},{"data":"Bite","floor":44,"key":"SMITH"},{"data":"Outmaneuver","floor":47,"key":"SMITH"},{"data":"Bite","floor":49,"key":"SMITH"},{"data":"Bite","floor":52,"key":"SMITH"}],"neow_cost":"NONE","seed_source_timestamp":557425384154053,"circlet_count":0,"master_deck":["Defend_G","Defend_G","Defend_G","Defend_G","Defend_G","Survivor+1","Neutralize+1","Poisoned Stab+1","Backstab","Backflip+1","Deflect+1","Quick Slash+1","PiercingWail","Bullet Time+1","Backflip+1","Deadly Poison","Noxious Fumes+1","Bite+1","Bite+1","Bite+1","Bite","Cloak And Dagger+1","Noxious Fumes+1","Footwork+1","Adrenaline","Catalyst+1","Iron Wave+1","Cloak And Dagger+1","Outmaneuver+1"],"relics":["Ring of the Snake","NeowsBlessing","Juzu Bracelet","Calipers","Mercury Hourglass","Bloody Idol","Coffee Dripper","MealTicket","War Paint","Busted Crown","Incense Burner","Ancient Tea Set","Lantern"],"potions_floor_usage":[16,16,16,29,29,33,50,50,50],"damage_taken":[{"damage":0,"enemies":"Jaw Worm","floor":1,"turns":1},{"damage":0,"enemies":"Small Slimes","floor":2,"turns":1},{"damage":0,"enemies":"3 Sentries","floor":6,"turns":1},{"damage":0,"enemies":"2 Louse","floor":8,"turns":1},{"damage":0,"enemies":"Red Slaver","floor":10,"turns":2},{"damage":0,"enemies":"Blue Slaver","floor":12,"turns":3},{"damage":0,"enemies":"Exordium Thugs","floor":14,"turns":4},{"damage":22,"enemies":"Hexaghost","floor":16,"turns":9},{"damage":6,"enemies":"Chosen","floor":18,"turns":5},{"damage":11,"enemies":"Spheric Guardian","floor":19,"turns":5},{"damage":20,"enemies":"Cultist and Chosen","floor":24,"turns":6},{"damage":9,"enemies":"Centurion and Healer","floor":28,"turns":7},{"damage":20,"enemies":"Gremlin Leader","floor":29,"turns":7},{"damage":9,"enemies":"Snake Plant","floor":31,"turns":5},{"damage":10,"enemies":"Collector","floor":33,"turns":8},{"damage":0,"enemies":"3 Shapes","floor":35,"turns":4},{"damage":3,"enemies":"Orb Walker","floor":36,"turns":3},{"damage":0,"enemies":"Giant Head","floor":45,"turns":7},{"damage":57,"enemies":"Time Eater","floor":50,"turns":13},{"damage":56,"enemies":"Shield and Spear","floor":54,"turns":6}],"seed_played":"-3696317644397146987","potions_obtained":[{"floor":6,"key":"AttackPotion"},{"floor":10,"key":"SkillPotion"},{"floor":16,"key":"Poison Potion"},{"floor":18,"key":"SteroidPotion"},{"floor":31,"key":"Block Potion"},{"floor":35,"key":"FearPotion"},{"floor":36,"key":"LiquidBronze"},{"floor":45,"key":"Block Potion"}],"is_trial":false,"path_per_floor":["M","M","?","$","?","E","R","M","T","M","?","M","R","M","R","B",null,"M","M","$","?","$","R","M","?","T","R","M","E","?","M","R","B",null,"M","M","$","?","?","R","?","R","T","R","E","$","R","?","R","B",null,"R","$","E"],"character_chosen":"THE_SILENT","items_purchased":["Juzu Bracelet","Strength Potion","MealTicket","Noxious Fumes","Incense Burner","Outmaneuver"],"campfire_rested":0,"item_purchase_floors":[4,4,20,20,37,46],"current_hp_per_floor":[70,70,70,70,56,56,56,56,56,56,56,56,56,56,56,34,65,59,48,48,48,58,58,43,43,45,45,45,32,32,38,38,45,45,45,45,45,45,45,45,43,43,43,43,43,43,43,43,43,8,43,43,43,0],"gold":8,"neow_bonus":"THREE_ENEMY_KILL","is_prod":false,"is_daily":false,"chose_seed":false,"campfire_upgraded":11,"win_rate":0,"timestamp":1542725638,"path_taken":["M","M","?","$","?","E","R","M","T","M","?","M","R","M","R","BOSS","M","M","$","?","$","R","M","?","T","R","M","E","?","M","R","BOSS","M","M","$","?","?","R","?","R","T","R","E","$","R","?","R","BOSS","R","$","E"],"build_version":"2018-11-15","purchased_purges":1,"victory":false,"max_hp_per_floor":[70,70,70,70,70,70,70,70,70,70,65,65,65,65,65,65,65,65,65,65,65,65,65,65,45,45,45,45,45,45,45,45,45,45,45,45,45,45,45,45,43,43,43,43,43,43,43,43,43,43,43,43,43,43],"card_choices":[{"not_picked":["Quick Slash","Deadly Poison"],"picked":"Poisoned Stab","floor":1},{"not_picked":["Backflip","Caltrops"],"picked":"Backstab","floor":2},{"not_picked":["Dodge and Roll","PiercingWail"],"picked":"Backflip","floor":6},{"not_picked":["Predator","Expertise"],"picked":"Deflect","floor":8},{"not_picked":["Acrobatics","Eviscerate"],"picked":"Quick Slash","floor":10},{"not_picked":["Heel Hook","Sucker Punch"],"picked":"PiercingWail","floor":12},{"not_picked":["Bane","Deflect","Dagger Throw"],"picked":"SKIP","floor":14},{"not_picked":["Adrenaline","Unload"],"picked":"Bullet Time","floor":16},{"not_picked":["Outmaneuver","Dagger Throw"],"picked":"Backflip","floor":18},{"not_picked":["Infinite Blades","Masterful Stab"],"picked":"Deadly Poison","floor":19},{"not_picked":["Finisher+1","Dodge and Roll","Dagger Throw+1"],"picked":"SKIP","floor":24},{"not_picked":["Outmaneuver","Slice"],"picked":"Cloak And Dagger+1","floor":28},{"not_picked":["Flechettes","Choke+1"],"picked":"Noxious Fumes","floor":29},{"not_picked":["Prepared","Blade Dance"],"picked":"Footwork","floor":31},{"not_picked":["Envenom","Unload"],"picked":"Adrenaline","floor":33},{"not_picked":["Reflex+1"],"picked":"SKIP","floor":35},{"not_picked":[],"picked":"Catalyst+1","floor":36},{"not_picked":[],"picked":"Cloak And Dagger+1","floor":45}],"player_experience":2400925,"relics_obtained":[{"floor":6,"key":"Calipers"},{"floor":9,"key":"Mercury Hourglass"},{"floor":29,"key":"War Paint"},{"floor":43,"key":"Ancient Tea Set"},{"floor":45,"key":"Lantern"}],"event_choices":[{"damage_healed":0,"gold_gain":175,"player_choice":"AGREE","damage_taken":0,"max_hp_gain":0,"max_hp_loss":0,"event_name":"Liars Game","floor":3,"gold_loss":0,"cards_obtained":["Doubt"]},{"damage_healed":0,"gold_gain":0,"player_choice":"Entered Light","damage_taken":14,"max_hp_gain":0,"max_hp_loss":0,"event_name":"Shining Light","floor":5,"gold_loss":0,"cards_upgraded":["Poisoned Stab","Neutralize"]},{"damage_healed":0,"gold_gain":0,"player_choice":"Lose Max HP","damage_taken":0,"relics_obtained":["Golden Idol"],"max_hp_gain":0,"max_hp_loss":5,"event_name":"Golden Idol","floor":11,"gold_loss":0},{"damage_healed":0,"gold_gain":0,"player_choice":"Gave Idol","damage_taken":0,"relics_obtained":["Bloody Idol"],"max_hp_gain":0,"max_hp_loss":0,"event_name":"Forgotten Altar","floor":21,"relics_lost":["Golden Idol"],"gold_loss":0},{"damage_healed":0,"gold_gain":0,"player_choice":"Became a vampire","damage_taken":0,"max_hp_gain":0,"max_hp_loss":20,"event_name":"Vampires","floor":25,"gold_loss":0,"cards_obtained":["Bite","Bite","Bite","Bite","Bite"]},{"damage_healed":0,"gold_gain":0,"player_choice":"Upgraded","damage_taken":0,"max_hp_gain":0,"max_hp_loss":0,"event_name":"Upgrade Shrine","floor":30,"gold_loss":0,"cards_upgraded":["Bullet Time"]},{"damage_healed":0,"gold_gain":0,"player_choice":"Memory 1","damage_taken":0,"max_hp_gain":0,"max_hp_loss":0,"event_name":"SensoryStone","floor":38,"gold_loss":0},{"cards_removed":["Bite"],"damage_healed":0,"gold_gain":0,"player_choice":"Took Card","damage_taken":0,"max_hp_gain":0,"max_hp_loss":0,"event_name":"NoteForYourself","floor":39,"gold_loss":0,"cards_obtained":["Iron Wave"]},{"damage_healed":0,"gold_gain":0,"player_choice":"Max HP","damage_taken":0,"max_hp_gain":0,"max_hp_loss":2,"event_name":"Winding Halls","floor":41,"gold_loss":0},{"damage_healed":0,"gold_gain":0,"player_choice":"Ignored","damage_taken":0,"max_hp_gain":0,"max_hp_loss":0,"event_name":"Mysterious Sphere","floor":48,"gold_loss":0}],"is_beta":false,"boss_relics":[{"not_picked":["Velvet Choker","White Beast Statue"],"picked":"Coffee Dripper"},{"not_picked":["Ring of the Serpent","WristBlade"],"picked":"Busted Crown"}],"items_purged_floors":[4],"is_endless":false,"potions_floor_spawned":[6,10,16,18,31,35,36,45],"killed_by":"Shield and Spear","ascension_level":0}