{"gold_per_floor":[110,185,196,27,37,95,95,95,118,118,130,160,198,234,246,258],"floor_reached":16,"playtime":522,"items_purged":[],"score":150,"play_id":"07f3aa90-dd8c-42bb-9452-34176a183206","local_time":"20181212112803","is_ascension_mode":true,"campfire_choices":[{"floor":7,"key":"REST"},{"floor":11,"key":"REST"},{"data":"Zap","floor":15,"key":"SMITH"}],"neow_cost":"NONE","seed_source_timestamp":2466287400342561,"circlet_count":0,"master_deck":["AscendersBane","Strike_B","Strike_B","Strike_B","Strike_B","Defend_B","Defend_B","Defend_B","Defend_B","Zap+1","Dualcast","Blind","Rip and Tear","Conserve Battery","Hologram","Aggregate","Biased Cognition","Defragment","White Noise"],"relics":["Cracked Core","Bronze Scales","Tiny Chest","Golden Idol","Ancient Tea Set","MawBank","Juzu Bracelet"],"potions_floor_usage":[6,16],"damage_taken":[{"damage":0,"enemies":"Small Slimes","floor":1,"turns":3},{"damage":7,"enemies":"2 Louse","floor":3,"turns":3},{"damage":0,"enemies":"Jaw Worm","floor":5,"turns":3},{"damage":28,"enemies":"Gremlin Nob","floor":6,"turns":5},{"damage":5,"enemies":"3 Louse","floor":12,"turns":2},{"damage":9,"enemies":"Red Slaver","floor":14,"turns":3},{"damage":32,"enemies":"Slime Boss","floor":16,"turns":6}],"seed_played":"3775653260789182878","potions_obtained":[{"floor":3,"key":"Weak Potion"},{"floor":14,"key":"Energy Potion"}],"is_trial":false,"path_per_floor":["M","?","M","$","M","E","R","?","T","?","R","M","T","M","R","B"],"character_chosen":"DEFECT","items_purchased":["Bronze Scales","Hologram"],"campfire_rested":2,"item_purchase_floors":[4,4],"current_hp_per_floor":[68,57,50,50,50,22,44,44,44,26,46,41,41,32,32,0],"gold":258,"neow_bonus":"RANDOM_COLORLESS","is_prod":false,"is_daily":false,"chose_seed":false,"campfire_upgraded":1,"win_rate":0,"timestamp":1544632083,"path_taken":["M","?","M","$","M","E","R","?","T","?","R","M","?","M","R","BOSS"],"build_version":"2018-12-06","purchased_purges":0,"victory":false,"max_hp_per_floor":[75,75,75,75,75,75,75,69,69,69,69,69,69,69,69,69],"card_choices":[{"not_picked":["Cold Snap","Turbo"],"picked":"Rip and Tear","floor":1},{"not_picked":["Auto Shields","Cold Snap"],"picked":"Conserve Battery","floor":3},{"not_picked":["Stack","Beam Cell"],"picked":"Aggregate","floor":5},{"not_picked":["Compile Driver","Coolheaded"],"picked":"Biased Cognition","floor":6},{"not_picked":["Go for the Eyes","Redo"],"picked":"Defragment","floor":12},{"not_picked":["Rebound","Reinforced Body"],"picked":"White Noise","floor":14}],"player_experience":2839326,"relics_obtained":[{"floor":6,"key":"Tiny Chest"},{"floor":9,"key":"Ancient Tea Set"},{"floor":13,"key":"Juzu Bracelet"}],"event_choices":[{"damage_healed":0,"gold_gain":75,"player_choice":"Gather Gold","damage_taken":11,"max_hp_gain":0,"max_hp_loss":0,"event_name":"World of Goop","floor":2,"gold_loss":0},{"damage_healed":0,"gold_gain":0,"player_choice":"Lose Max HP","damage_taken":0,"relics_obtained":["Golden Idol"],"max_hp_gain":0,"max_hp_loss":6,"event_name":"Golden Idol","floor":8,"gold_loss":0},{"damage_healed":0,"gold_gain":0,"player_choice":"Success","damage_taken":18,"relics_obtained":["MawBank"],"max_hp_gain":0,"max_hp_loss":0,"event_name":"Scrap Ooze","floor":10,"gold_loss":0}],"is_beta":false,"boss_relics":[],"items_purged_floors":[],"is_endless":false,"potions_floor_spawned":[3,14],"killed_by":"Slime Boss","ascension_level":10}