{"path_per_floor":["M","?","?","?","$","E","M","R","T","R","M","?","?","M","R","B",null,"M","M","?","M"],"character_chosen":"THE_SILENT","items_purchased":["Frozen Egg 2"],"gold_per_floor":[116,291,291,291,43,68,86,86,86,86,101,101,101,114,114,213,213,229,217,217,235,235],"floor_reached":22,"campfire_rested":1,"playtime":879,"current_hp_per_floor":[70,70,63,68,68,68,68,68,68,68,68,53,53,53,75,44,75,62,54,40,18,0],"items_purged":[],"gold":235,"score":209,"play_id":"9cce6ee1-86f3-4dd2-929e-835f8957a228","local_time":"20180404164310","is_prod":false,"is_daily":false,"is_ascension_mode":false,"campfire_upgraded":2,"timestamp":1522874590,"path_taken":["M","?","?","?","$","E","M","R","T","R","?","?","?","?","R","BOSS","M","M","?","M","M"],"build_version":"2018-03-29v2","purchased_purges":0,"victory":false,"master_deck":["Defend_G","Defend_G","Defend_G","Defend_G","Defend_G","Strike_G","Strike_G","Strike_G+1","Strike_G","Survivor+1","Neutralize+1","Prepared","Adrenaline+1","Cloak And Dagger","Caltrops+1","Slice","Calculated Gamble","Envenom+1","Dodge and Roll","Acrobatics"],"max_hp_per_floor":[70,70,70,75,75,75,75,75,75,75,75,75,75,75,75,75,75,75,75,80,80,80],"relics":["Ring of the Snake","NeowsBlessing","Frozen Egg 2","Lantern","Ancient Tea Set","Sozu"],"card_choices":[{"not_picked":["Infinite Blades","Skewer"],"picked":"Prepared","floor":1},{"not_picked":["Backflip","Deadly Poison"],"picked":"Adrenaline","floor":6},{"not_picked":["Concentrate","Slice"],"picked":"Cloak And Dagger","floor":7},{"not_picked":["Outmaneuver","Crippling Poison"],"picked":"Caltrops","floor":11},{"not_picked":["Deflect","Endless Agony"],"picked":"Calculated Gamble","floor":14},{"not_picked":["Grand Finale","A Thousand Cuts"],"picked":"Envenom","floor":16},{"not_picked":["Dagger Throw","Quick Slash"],"picked":"Dodge and Roll","floor":18},{"not_picked":["Quick Slash","Blade Dance"],"picked":"Acrobatics","floor":19}],"player_experience":1111506,"potions_floor_usage":[21],"damage_taken":[{"damage":0,"enemies":"Small Slimes","floor":1,"turns":1},{"damage":0,"enemies":"Gremlin Nob","floor":6,"turns":1},{"damage":0,"enemies":"Jaw Worm","floor":7,"turns":1},{"damage":0,"enemies":"2 Louse","floor":11,"turns":2},{"damage":0,"enemies":"Blue Slaver","floor":14,"turns":3},{"damage":31,"enemies":"The Guardian","floor":16,"turns":18},{"damage":13,"enemies":"Spheric Guardian","floor":18,"turns":4},{"damage":8,"enemies":"2 Thieves","floor":19,"turns":4},{"damage":22,"enemies":"Snecko","floor":21,"turns":6},{"damage":27,"enemies":"Cultist and Chosen","floor":22,"turns":3}],"event_choices":[{"event_name":"Liars Game","player_choice":"agreed","floor":2,"damage_taken":0},{"event_name":"Golden Wing","player_choice":"Card Removal","floor":3,"damage_taken":0},{"event_name":"Big Fish","player_choice":"Donut","floor":4,"damage_taken":0},{"event_name":"Shining Light","player_choice":"Entered Light","floor":12,"damage_taken":0},{"event_name":"Living Wall","player_choice":"Change","floor":13,"damage_taken":0},{"event_name":"Forgotten Altar","player_choice":"Shed Blood","floor":20,"damage_taken":0}],"boss_relics":[{"not_picked":["Calling Bell","Pandora\u0027s Box"],"picked":"Sozu"}],"potions_floor_spawned":[1,6,16,19,21],"seed_played":"3992420748420611019","killed_by":"Cultist and Chosen","ascension_level":0,"is_trial":false}