{"gold_per_floor":[110,123,73,90,90,90,105,105,158,158,158,158,181,224,224,224],"floor_reached":16,"playtime":1342,"items_purged":[],"score":100,"play_id":"7438cb0d-d78c-4b4a-b7a2-acbdc1325326","local_time":"20190705231559","is_ascension_mode":false,"campfire_choices":[{"data":"Dagger Spray","floor":6,"key":"SMITH"},{"data":"Flying Knee","floor":8,"key":"SMITH"},{"data":"Survivor","floor":10,"key":"SMITH"},{"data":"Defend_G","floor":15,"key":"SMITH"}],"neow_cost":"NONE","seed_source_timestamp":1982894577485241,"circlet_count":0,"master_deck":["Strike_G","Strike_G","Strike_G","Defend_G+1","Defend_G","Defend_G","Defend_G","Defend_G","Survivor+1","Neutralize+1","Dagger Spray+1","Flying Knee+1","Bullet Time"],"relics":["Ring of the Snake","Golden Idol","Juzu Bracelet","Smiling Mask"],"potions_floor_usage":[16,16,16],"damage_taken":[{"damage":5,"enemies":"Small Slimes","floor":1,"turns":4},{"damage":0,"enemies":"Jaw Worm","floor":2,"turns":5},{"damage":0,"enemies":"2 Louse","floor":4,"turns":2},{"damage":0,"enemies":"Looter","floor":7,"turns":3},{"damage":0,"enemies":"Large Slime","floor":13,"turns":6},{"damage":10,"enemies":"Gremlin Nob","floor":14,"turns":5},{"damage":46,"enemies":"Hexaghost","floor":16,"turns":16}],"seed_played":"9032977542840220150","potions_obtained":[{"floor":2,"key":"Swift Potion"},{"floor":7,"key":"Poison Potion"},{"floor":14,"key":"GhostInAJar"}],"is_trial":false,"path_per_floor":["M","M","?","M","?","R","M","R","T","R","?","?","M","E","R","B"],"character_chosen":"THE_SILENT","items_purchased":[],"campfire_rested":0,"item_purchase_floors":[],"current_hp_per_floor":[65,65,65,65,48,48,48,48,48,48,48,53,53,43,43,0],"gold":224,"neow_bonus":"UPGRADE_CARD","is_prod":false,"is_daily":false,"chose_seed":false,"campfire_upgraded":4,"win_rate":0,"timestamp":1562382959,"path_taken":["M","M","?","M","?","R","M","R","T","R","?","?","M","E","R","BOSS"],"build_version":"2019-07-05","purchased_purges":0,"victory":false,"max_hp_per_floor":[70,70,70,70,70,70,70,70,70,70,70,75,75,75,75,75],"card_choices":[{"not_picked":["Escape Plan","Deadly Poison"],"picked":"Dagger Spray","floor":1},{"not_picked":["Prepared","Deflect","Catalyst"],"picked":"SKIP","floor":2},{"not_picked":["Bane","Poisoned Stab"],"picked":"Flying Knee","floor":4},{"not_picked":["Finisher","Bouncing Flask"],"picked":"Bullet Time","floor":7},{"not_picked":["Cloak And Dagger","Prepared","Dagger Throw"],"picked":"SKIP","floor":13},{"not_picked":["Expertise","Bane","Dagger Spray"],"picked":"SKIP","floor":14}],"player_experience":3913552,"relics_obtained":[{"floor":9,"key":"Juzu Bracelet"},{"floor":14,"key":"Smiling Mask"}],"event_choices":[{"cards_removed":["Strike_G"],"damage_healed":0,"gold_gain":0,"player_choice":"Card Removal","damage_taken":0,"max_hp_gain":0,"max_hp_loss":0,"event_name":"The Cleric","floor":3,"gold_loss":50},{"damage_healed":0,"gold_gain":0,"player_choice":"Take Damage","damage_taken":17,"relics_obtained":["Golden Idol"],"max_hp_gain":0,"max_hp_loss":0,"event_name":"Golden Idol","floor":5,"gold_loss":0},{"cards_removed":["Strike_G"],"damage_healed":0,"gold_gain":0,"player_choice":"Forget","damage_taken":0,"max_hp_gain":0,"max_hp_loss":0,"event_name":"Living Wall","floor":11,"gold_loss":0},{"damage_healed":0,"gold_gain":0,"player_choice":"Donut","damage_taken":0,"max_hp_gain":5,"max_hp_loss":0,"event_name":"Big Fish","floor":12,"gold_loss":0}],"is_beta":false,"boss_relics":[],"items_purged_floors":[],"is_endless":false,"potions_floor_spawned":[2,7,14],"killed_by":"Hexaghost","ascension_level":0}