{"gold_per_floor":[116,116,133,2,14,14,33,33,33,52,68,68,68,243,243,345,345,358,358,109,124,134,152,152,77,77,77,108,108,108,123,123,219,219,232,132,145,30,47,47,47,62,62,62,62,74,100,100,100,100],"floor_reached":50,"playtime":2720,"items_purged":["Doubt","Strike_G"],"score":507,"play_id":"58921a4b-1eef-4261-b539-ae96cd799605","local_time":"20190417142139","is_ascension_mode":false,"campfire_choices":[{"data":"Caltrops","floor":6,"key":"SMITH"},{"data":"Neutralize","floor":8,"key":"SMITH"},{"data":"Deadly Poison","floor":13,"key":"SMITH"},{"data":"Dash","floor":15,"key":"SMITH"},{"floor":24,"key":"REST"},{"floor":30,"key":"REST"},{"data":"Catalyst","floor":32,"key":"SMITH"},{"floor":40,"key":"REST"},{"floor":44,"key":"REST"},{"floor":49,"key":"REST"}],"neow_cost":"NONE","seed_source_timestamp":671415752744542,"circlet_count":0,"master_deck":["Defend_G","Defend_G","Defend_G","Defend_G","Defend_G","Survivor","Neutralize+1","Slice","Corpse Explosion","Dash+1","Backflip","Caltrops+1","Backflip","Dash","Deadly Poison+1","Well Laid Plans","Wraith Form v2","Calculated Gamble+1","Dodge and Roll","Catalyst+1","Escape Plan+1","Bouncing Flask","PiercingWail","Distraction+1","Wraith Form v2","Crippling Poison","PiercingWail","Catalyst","Well Laid Plans","Bandage Up","PiercingWail+1","Dodge and Roll+1"],"relics":["Velvet Choker"],"potions_floor_usage":[7,7,16,28,28,28,28,33,33,42,47,50,50],"damage_taken":[{"damage":0,"enemies":"Cultist","floor":1,"turns":5},{"damage":2,"enemies":"2 Louse","floor":3,"turns":2},{"damage":0,"enemies":"Small Slimes","floor":5,"turns":3},{"damage":0,"enemies":"Gremlin Gang","floor":7,"turns":2},{"damage":0,"enemies":"Looter","floor":10,"turns":3},{"damage":0,"enemies":"Exordium Wildlife","floor":11,"turns":3},{"damage":23,"enemies":"Hexaghost","floor":16,"turns":8},{"damage":0,"enemies":"Shell Parasite","floor":18,"turns":5},{"damage":31,"enemies":"Spheric Guardian","floor":21,"turns":6},{"damage":8,"enemies":"Cultist and Chosen","floor":22,"turns":6},{"damage":8,"enemies":"Snecko","floor":23,"turns":6},{"damage":5,"enemies":"Book of Stabbing","floor":28,"turns":5},{"damage":4,"enemies":"Snake Plant","floor":31,"turns":4},{"damage":16,"enemies":"Champ","floor":33,"turns":11},{"damage":23,"enemies":"3 Darklings","floor":35,"turns":4},{"damage":7,"enemies":"Orb Walker","floor":37,"turns":4},{"damage":38,"enemies":"Spire Growth","floor":39,"turns":6},{"damage":15,"enemies":"3 Darklings","floor":42,"turns":4},{"damage":3,"enemies":"Maw","floor":46,"turns":8},{"damage":4,"enemies":"Reptomancer","floor":47,"turns":8},{"damage":67,"enemies":"Awakened One","floor":50,"turns":18}],"seed_played":"-687744219577075622","potions_obtained":[{"floor":3,"key":"Fire Potion"},{"floor":5,"key":"Poison Potion"},{"floor":11,"key":"LiquidBronze"},{"floor":16,"key":"EntropicBrew"},{"floor":31,"key":"GhostInAJar"},{"floor":33,"key":"Strength Potion"},{"floor":37,"key":"Swift Potion"},{"floor":47,"key":"SteroidPotion"}],"is_trial":false,"path_per_floor":["M","?","M","$","M","R","M","R","T","M","M","?","R","?","R","B",null,"M","?","$","M","M","M","R","?","T","T","E","?","R","M","R","B",null,"M","$","M","$","M","R","?","M","T","R","T","M","E","?","R","B"],"character_chosen":"THE_SILENT","items_purchased":["Backflip","Caltrops","Catalyst","Poison Potion","PowerPotion","Catalyst","Well Laid Plans"],"campfire_rested":5,"item_purchase_floors":[4,4,20,20,20,38,38],"current_hp_per_floor":[70,70,68,68,68,68,68,68,68,68,68,68,68,68,68,45,70,70,70,70,39,31,23,44,44,44,44,54,54,70,66,66,50,70,47,47,40,40,2,23,23,12,12,33,33,34,34,34,55,0],"gold":100,"neow_bonus":"BOSS_RELIC","is_prod":false,"is_daily":false,"chose_seed":false,"campfire_upgraded":5,"win_rate":0,"timestamp":1555525299,"path_taken":["M","?","M","$","?","R","M","R","T","M","M","?","R","?","R","BOSS","M","?","$","M","M","?","R","?","T","?","E","?","R","M","R","BOSS","M","$","M","$","M","R","?","M","T","R","?","?","E","?","R","BOSS"],"build_version":"2019-01-23","purchased_purges":2,"victory":false,"max_hp_per_floor":[70,70,70,70,70,70,70,70,70,70,70,70,70,70,70,70,70,70,70,70,70,70,70,70,70,70,70,70,70,70,70,70,70,70,70,70,70,70,70,70,70,70,70,70,70,70,70,70,70,70],"card_choices":[{"not_picked":["All Out Attack","Reflex"],"picked":"Slice","floor":1},{"not_picked":["Escape Plan","Poisoned Stab"],"picked":"Dash","floor":3},{"not_picked":["Prepared","Dodge and Roll"],"picked":"Backflip","floor":5},{"not_picked":["Expertise","Flying Knee"],"picked":"Dash","floor":7},{"not_picked":["Grand Finale","Quick Slash"],"picked":"Deadly Poison","floor":10},{"not_picked":["Prepared","Dash","Endless Agony"],"picked":"SKIP","floor":11},{"not_picked":["Unload","Phantasmal Killer"],"picked":"Wraith Form v2","floor":16},{"not_picked":["Infinite Blades","Dagger Spray"],"picked":"Calculated Gamble+1","floor":18},{"not_picked":["Blade Dance","Deadly Poison"],"picked":"Escape Plan+1","floor":21},{"not_picked":["Accuracy","Eviscerate"],"picked":"Bouncing Flask","floor":22},{"not_picked":["Deadly Poison","Backflip"],"picked":"PiercingWail","floor":23},{"not_picked":["Acrobatics","Tools of the Trade"],"picked":"Distraction+1","floor":28},{"not_picked":["Dash","Infinite Blades","Endless Agony"],"picked":"SKIP","floor":31},{"not_picked":["Corpse Explosion","Phantasmal Killer"],"picked":"Wraith Form v2","floor":33},{"not_picked":["Underhanded Strike+1","Concentrate+1"],"picked":"Crippling Poison","floor":35},{"not_picked":["Deflect","Heel Hook+1"],"picked":"PiercingWail","floor":37},{"not_picked":["Finisher","Setup+1","Prepared"],"picked":"SKIP","floor":39},{"not_picked":["Metamorphosis","Forethought"],"picked":"Bandage Up","floor":41},{"not_picked":["Choke","Masterful Stab","Heel Hook"],"picked":"SKIP","floor":42},{"not_picked":["Poisoned Stab+1","Outmaneuver"],"picked":"PiercingWail+1","floor":46},{"not_picked":["Choke+1","Sucker Punch"],"picked":"Dodge and Roll+1","floor":47}],"player_experience":3384671,"relics_obtained":[],"event_choices":[{"damage_healed":0,"gold_gain":0,"cards_transformed":["Strike_G"],"player_choice":"Transformed","damage_taken":0,"max_hp_gain":0,"max_hp_loss":0,"event_name":"Transmorgrifier","floor":2,"gold_loss":0,"cards_obtained":["Corpse Explosion"]},{"damage_healed":0,"gold_gain":0,"cards_transformed":["Strike_G"],"player_choice":"Change","damage_taken":0,"max_hp_gain":0,"max_hp_loss":0,"event_name":"Living Wall","floor":12,"gold_loss":0,"cards_obtained":["Well Laid Plans"]},{"damage_healed":0,"gold_gain":175,"player_choice":"AGREE","damage_taken":0,"max_hp_gain":0,"max_hp_loss":0,"event_name":"Liars Game","floor":14,"gold_loss":0,"cards_obtained":["Doubt"]},{"damage_healed":0,"gold_gain":0,"cards_transformed":["Strike_G"],"player_choice":"Transformed","damage_taken":0,"max_hp_gain":0,"max_hp_loss":0,"event_name":"Transmorgrifier","floor":19,"gold_loss":0,"cards_obtained":["Dodge and Roll"]},{"cards_removed":["Strike_G"],"damage_healed":0,"gold_gain":0,"player_choice":"Gave Gold","damage_taken":0,"max_hp_gain":0,"max_hp_loss":0,"event_name":"Beggar","floor":25,"gold_loss":75},{"damage_healed":0,"gold_gain":0,"player_choice":"Ignored","damage_taken":0,"max_hp_gain":0,"max_hp_loss":0,"event_name":"The Mausoleum","floor":29,"gold_loss":0},{"damage_healed":0,"gold_gain":0,"player_choice":"Memory 1","damage_taken":0,"max_hp_gain":0,"max_hp_loss":0,"event_name":"SensoryStone","floor":41,"gold_loss":0},{"damage_healed":0,"gold_gain":0,"player_choice":"Ignored","damage_taken":0,"max_hp_gain":0,"max_hp_loss":0,"event_name":"Tomb of Lord Red Mask","floor":48,"gold_loss":0}],"is_beta":false,"boss_relics":[{"not_picked":["Black Star","Lizard Tail","Calling Bell"]},{"not_picked":["White Beast Statue","Astrolabe","Cursed Key"]}],"items_purged_floors":[20,36],"is_endless":false,"potions_floor_spawned":[3,5,11,16,21,23,31,33,37,47],"killed_by":"Awakened One","ascension_level":0}