{"gold_per_floor":[113,63,83,56,75,75,110,110,110,138,156,173,173,173,173,301,301,324,399,17,36,59,59,8,8,8,8,29,29,50,63,63,183,183,203,223,247,247,263,263,286,286,286,286,306,306,321,9,9,9],"floor_reached":51,"playtime":4137,"items_purged":["Scrape"],"score":661,"play_id":"bbd764ac-330a-450e-8a71-0d3eb26b0cda","local_time":"20181117110622","is_ascension_mode":false,"campfire_choices":[{"data":"Buffer","floor":6,"key":"SMITH"},{"data":"Defragment","floor":8,"key":"SMITH"},{"data":"Coolheaded","floor":15,"key":"SMITH"},{"data":"Capacitor","floor":23,"key":"SMITH"},{"data":"Zap","floor":27,"key":"SMITH"},{"data":"Chill","floor":32,"key":"SMITH"},{"data":"Defragment","floor":40,"key":"SMITH"},{"data":"Capacitor","floor":42,"key":"SMITH"},{"data":"Sweeping Beam","floor":44,"key":"SMITH"},{"data":"Conserve Battery","floor":49,"key":"SMITH"}],"neow_cost":"NONE","seed_source_timestamp":301347934553659,"circlet_count":0,"master_deck":["Zap+1","Dualcast+1","White Noise+1","Coolheaded+1","Ball Lightning","Buffer+1","Defragment+1","Cold Snap","Amplify","Consume","Steam","Capacitor+1","Chill+1","Sweeping Beam+1","Rebound","Rebound","Auto Shields","Leap","Conserve Battery+1","Storm+1","Echo Form","Aggregate+1","Defragment+1","Capacitor+1","Pain","Leap"],"relics":["Cracked Core","War Paint","Darkstone Periapt","Boot","Golden Idol","Pandora\u0027s Box","Torii","Bottled Tornado","Cursed Key","Singing Bowl","Gremlin Horn"],"potions_floor_usage":[10,16,16,18,50,50,50,50,50,50],"damage_taken":[{"damage":0,"enemies":"2 Louse","floor":1,"turns":3},{"damage":1,"enemies":"Jaw Worm","floor":3,"turns":4},{"damage":0,"enemies":"Cultist","floor":5,"turns":3},{"damage":0,"enemies":"Lagavulin","floor":7,"turns":7},{"damage":5,"enemies":"3 Sentries","floor":10,"turns":6},{"damage":0,"enemies":"Red Slaver","floor":11,"turns":4},{"damage":0,"enemies":"2 Fungi Beasts","floor":12,"turns":3},{"damage":29,"enemies":"Hexaghost","floor":16,"turns":9},{"damage":12,"enemies":"3 Byrds","floor":18,"turns":4},{"damage":0,"enemies":"Spheric Guardian","floor":21,"turns":4},{"damage":7,"enemies":"Snake Plant","floor":22,"turns":6},{"damage":1,"enemies":"Shelled Parasite and Fungi","floor":28,"turns":9},{"damage":0,"enemies":"3 Cultists","floor":30,"turns":6},{"damage":2,"enemies":"Cultist and Chosen","floor":31,"turns":4},{"damage":22,"enemies":"Champ","floor":33,"turns":12},{"damage":25,"enemies":"3 Darklings","floor":35,"turns":5},{"damage":1,"enemies":"3 Shapes","floor":36,"turns":4},{"damage":0,"enemies":"Transient","floor":37,"turns":5},{"damage":0,"enemies":"3 Darklings","floor":39,"turns":5},{"damage":0,"enemies":"Maw","floor":41,"turns":5},{"damage":0,"enemies":"4 Shapes","floor":45,"turns":4},{"damage":2,"enemies":"Jaw Worm Horde","floor":47,"turns":5},{"damage":16,"enemies":"Awakened One","floor":50,"turns":17}],"seed_played":"-1491993350374936972","potions_obtained":[{"floor":7,"key":"PowerPotion"},{"floor":10,"key":"Regen Potion"},{"floor":11,"key":"Poison Potion"},{"floor":12,"key":"LiquidBronze"},{"floor":18,"key":"Dexterity Potion"},{"floor":22,"key":"SteroidPotion"},{"floor":36,"key":"Dexterity Potion"},{"floor":37,"key":"EntropicBrew"}],"is_trial":false,"path_per_floor":["M","$","M","?","M","R","E","R","T","E","M","M","?","?","R","B",null,"M","?","$","M","M","R","$","$","T","R","M","?","M","M","R","B",null,"M","M","M","?","M","R","M","R","T","R","M","?","M","$","R","B",null],"character_chosen":"DEFECT","items_purchased":["Coolheaded","Torii","Conserve Battery","Gremlin Horn","Leap"],"campfire_rested":0,"item_purchase_floors":[2,20,24,48,48],"current_hp_per_floor":[82,82,81,81,81,81,81,81,81,76,76,76,81,81,81,52,81,78,70,70,70,63,63,63,63,63,63,62,62,62,60,60,38,81,56,55,55,55,55,55,55,55,61,61,63,95,95,95,95,79],"gold":9,"neow_bonus":"TEN_PERCENT_HP_BONUS","is_prod":false,"is_daily":false,"chose_seed":false,"campfire_upgraded":10,"win_rate":0,"timestamp":1542470782,"path_taken":["M","$","M","?","M","R","E","R","T","E","M","M","?","?","R","BOSS","M","?","$","M","M","R","?","$","T","R","?","?","M","M","R","BOSS","M","M","M","?","M","R","M","R","T","R","M","?","M","$","R","BOSS"],"build_version":"2018-11-15","purchased_purges":1,"victory":true,"max_hp_per_floor":[82,82,82,82,82,82,82,82,82,82,82,82,87,81,81,81,81,81,81,81,81,81,81,81,81,81,81,81,81,81,81,81,81,81,81,81,81,77,77,77,77,77,83,83,85,95,97,97,97,97],"card_choices":[{"not_picked":["Ball Lightning","Turbo"],"picked":"White Noise","floor":1},{"not_picked":["Rip and Tear","Beam Cell"],"picked":"Ball Lightning","floor":3},{"not_picked":["Tempest","Recycle"],"picked":"Buffer","floor":5},{"not_picked":["Reinforced Body","Rebound"],"picked":"Defragment","floor":7},{"not_picked":["Skim","Meteor Strike"],"picked":"Cold Snap","floor":10},{"not_picked":["Stack","Leap"],"picked":"Redo","floor":11},{"not_picked":["Gash","Turbo","Ball Lightning"],"picked":"SKIP","floor":12},{"not_picked":["Thunder Strike","All For One"],"picked":"Amplify","floor":16},{"not_picked":["Steam+1","Beam Cell+1"],"picked":"Auto Shields","floor":18},{"not_picked":["Streamline","Barrage"],"picked":"Leap","floor":21},{"not_picked":["Gash","Core Surge","Compile Driver"],"picked":"SKIP","floor":22},{"not_picked":["Stack","Beam Cell"],"picked":"Storm+1","floor":28},{"not_picked":["Redo","BootSequence","Compile Driver"],"picked":"SKIP","floor":30},{"not_picked":["Compile Driver","Redo"],"picked":"Echo Form","floor":31},{"not_picked":["Electrodynamics","Reboot"],"picked":"Creative AI","floor":33},{"not_picked":["Tempest","Heatsinks+1"],"picked":"Aggregate+1","floor":35},{"not_picked":["BootSequence+1","Stack"],"picked":"Defragment","floor":36},{"not_picked":["Conserve Battery","Redo","Gash"],"picked":"SKIP","floor":37},{"not_picked":["Melter","Gash"],"picked":"Capacitor","floor":39},{"not_picked":["Cold Snap","Gash","Core Surge"],"picked":"SKIP","floor":41},{"not_picked":["Storm","Steam","Redo"],"picked":"Singing Bowl","floor":45},{"not_picked":["Aggregate","Double Energy","Gash+1"],"picked":"Singing Bowl","floor":47}],"player_experience":2349852,"relics_obtained":[{"floor":7,"key":"War Paint"},{"floor":9,"key":"Darkstone Periapt"},{"floor":10,"key":"Boot"},{"floor":26,"key":"Bottled Tornado"},{"floor":43,"key":"Singing Bowl"}],"event_choices":[{"damage_healed":0,"gold_gain":0,"player_choice":"Left Gold","damage_taken":0,"max_hp_gain":0,"max_hp_loss":0,"event_name":"World of Goop","floor":4,"gold_loss":27},{"damage_healed":0,"gold_gain":0,"player_choice":"Donut","damage_taken":0,"max_hp_gain":5,"max_hp_loss":0,"event_name":"Big Fish","floor":13,"gold_loss":0},{"damage_healed":0,"gold_gain":0,"player_choice":"Lose Max HP","damage_taken":0,"relics_obtained":["Golden Idol"],"max_hp_gain":0,"max_hp_loss":6,"event_name":"Golden Idol","floor":14,"gold_loss":0},{"damage_healed":0,"gold_gain":75,"player_choice":"Touch","damage_taken":8,"max_hp_gain":0,"max_hp_loss":0,"event_name":"FaceTrader","floor":19,"gold_loss":0},{"cards_removed":["Redo"],"damage_healed":0,"gold_gain":0,"player_choice":"Elegance","damage_taken":0,"max_hp_gain":0,"max_hp_loss":0,"event_name":"Back to Basics","floor":29,"gold_loss":0},{"damage_healed":0,"gold_gain":0,"player_choice":"Max HP","damage_taken":0,"max_hp_gain":0,"max_hp_loss":4,"event_name":"Winding Halls","floor":38,"gold_loss":0},{"cards_removed":["Creative AI"],"damage_healed":22,"gold_gain":0,"player_choice":"Offered Rare","damage_taken":0,"max_hp_gain":10,"max_hp_loss":0,"event_name":"Bonfire Elementals","floor":46,"gold_loss":0}],"is_beta":false,"boss_relics":[{"not_picked":["Busted Crown","Tiny House"],"picked":"Pandora\u0027s Box"},{"not_picked":["Runic Dome","Snecko Eye"],"picked":"Cursed Key"}],"items_purged_floors":[20],"is_endless":false,"potions_floor_spawned":[7,10,11,12,18,22,36,37,41,47],"ascension_level":0}