{"path_per_floor":["M","?","M","$","?","R","E","R","T","$","M","R","M","M","R","B",null,"M","$","?","M","$","R","E","M","T","R","$","M","R","M","R","B",null,"M","M","?","M","?","R","?","E","T","R","?","M","R","M","R","B"],"character_chosen":"THE_SILENT","items_purchased":["Mercury Hourglass","Dexterity Potion","Bouncing Flask","Whetstone","Backflip","Infinite Blades"],"gold_per_floor":[119,294,310,10,10,10,43,43,68,32,44,44,63,83,83,180,180,200,46,46,65,17,17,49,64,88,88,13,28,28,44,44,148,148,162,182,0,18,71,71,71,97,97,97,197,211,211,221,221,221],"floor_reached":51,"campfire_rested":5,"playtime":5103,"current_hp_per_floor":[63,63,49,49,49,49,37,37,37,37,37,37,37,37,37,30,55,55,55,55,55,55,55,39,23,23,41,41,41,41,41,59,41,58,47,47,47,46,20,38,38,38,38,56,56,54,54,35,53,12],"items_purged":[],"gold":221,"play_id":"aa22468d-44a9-4190-9fad-245d8e16ac5c","is_prod":false,"is_daily":false,"is_ascension_mode":true,"campfire_upgraded":7,"path_taken":["M","?","M","$","?","R","E","R","T","?","M","R","M","M","R","BOSS","M","$","?","M","$","R","E","M","T","R","$","?","R","M","R","BOSS","M","?","?","?","?","R","?","E","T","R","?","M","R","?","R","BOSS"],"build_version":"2018-02-01-PROD3","purchased_purges":0,"victory":true,"master_deck":["Defend_G","Defend_G","Defend_G","Defend_G","Defend_G","Strike_G+1","Strike_G+1","Strike_G","Strike_G","Strike_G","Survivor","Neutralize+1","Backflip+1","Backstab","Dagger Spray+1","Bouncing Flask+1","Backflip+1","After Image","Prepared","Backflip","Backflip","Setup+1","Infinite Blades","Noxious Fumes+1","Blur+1","Bullet Time+1","PiercingWail+1","Well Laid Plans+1","Prepared+1","Blade Dance"],"max_hp_per_floor":[63,63,63,63,63,63,63,63,63,63,63,63,63,63,63,63,63,63,63,63,63,63,63,63,63,63,63,63,63,63,63,63,63,63,63,63,63,63,63,63,63,63,63,63,63,63,63,63,63,63],"relics":["Ring of the Snake","Torii","Mercury Hourglass","Ice Cream","Snake Skull","Sozu","Whetstone","Kunai","Oddly Smooth Stone","Lizard Tail","Red Mask","Unceasing Top","Bag of Marbles","Gambling Chip"],"card_choices":[{"not_picked":["Poisoned Stab","Deflect"],"picked":"Backflip"},{"not_picked":["Caltrops","Quick Slash"],"picked":"Backstab"},{"not_picked":["Outmaneuver","Predator"],"picked":"Dagger Spray"},{"not_picked":["Dagger Throw","Dash"],"picked":"Backflip"},{"not_picked":["Phantasmal Killer","Doppelganger"],"picked":"After Image"},{"not_picked":["Underhanded Strike","Dagger Throw"],"picked":"Prepared"},{"not_picked":["Envenom","Dagger Spray"],"picked":"Backflip"},{"not_picked":["Malaise","Accuracy"],"picked":"Setup"},{"not_picked":["Predator","Poisoned Stab"],"picked":"Noxious Fumes"},{"not_picked":["Outmaneuver","Sucker Punch"],"picked":"Blur"},{"not_picked":["Glass Knife","Phantasmal Killer"],"picked":"Bullet Time"},{"not_picked":["Deadly Poison","Concentrate"],"picked":"PiercingWail"},{"not_picked":["Quick Slash","Bane"],"picked":"Well Laid Plans"},{"not_picked":["Dodge and Roll","Skewer"],"picked":"Infinite Blades"},{"not_picked":["Quick Slash","Predator"],"picked":"Prepared"},{"not_picked":["Deflect","Quick Slash"],"picked":"Blade Dance"}],"player_experience":614370,"potions_floor_usage":[3,7,16],"damage_taken":[{"damage":0,"enemies":"2 Louse","floor":1,"turns":3},{"damage":14,"enemies":"Jaw Worm","floor":3,"turns":11},{"damage":12,"enemies":"Gremlin Nob","floor":7,"turns":4},{"damage":0,"enemies":"Cultist","floor":11,"turns":2},{"damage":0,"enemies":"2 Fungi Beasts","floor":13,"turns":2},{"damage":0,"enemies":"Exordium Wildlife","floor":14,"turns":2},{"damage":7,"enemies":"Hexaghost","floor":16,"turns":6},{"damage":0,"enemies":"3 Byrds","floor":18,"turns":3},{"damage":0,"enemies":"Chosen","floor":21,"turns":3},{"damage":16,"enemies":"Gremlin Leader","floor":24,"turns":8},{"damage":16,"enemies":"Snake Plant","floor":25,"turns":4},{"damage":0,"enemies":"3 Cultists","floor":29,"turns":4},{"damage":0,"enemies":"Snecko","floor":31,"turns":4},{"damage":18,"enemies":"Champ","floor":33,"turns":13},{"damage":11,"enemies":"Orb Walker","floor":35,"turns":5},{"damage":0,"enemies":"3 Darklings","floor":36,"turns":4},{"damage":1,"enemies":"Sphere and 2 Shapes","floor":38,"turns":7},{"damage":26,"enemies":"Mysterious Sphere","floor":39,"turns":6},{"damage":0,"enemies":"Nemesis","floor":42,"turns":7},{"damage":2,"enemies":"4 Shapes","floor":46,"turns":5},{"damage":19,"enemies":"3 Darklings","floor":48,"turns":4},{"damage":41,"enemies":"Donu and Deca","floor":50,"turns":10}],"event_choices":[{"event_name":"Liars Game","player_choice":"agreed","floor":2,"damage_taken":0},{"event_name":"Living Wall","player_choice":"Forget","floor":5,"damage_taken":0},{"event_name":"Drug Dealer","player_choice":"Ignored","floor":20,"damage_taken":0},{"event_name":"Tomb of Lord Red Mask","player_choice":"Paid","floor":37,"damage_taken":0},{"event_name":"Mysterious Sphere","player_choice":"Fight","floor":39,"damage_taken":0},{"event_name":"Golden Shrine","player_choice":"Pray","floor":45,"damage_taken":0}],"boss_relics":[{"not_picked":["Velvet Choker","The Specimen"],"picked":"Sozu"},{"not_picked":["Tiny House","Question Card"],"picked":"Lizard Tail"}],"potions_floor_spawned":[1,11,13,25,31,35,38,39],"seed_played":"-6164863851619070750","ascension_level":7,"is_trial":false}