{"gold_per_floor":[113,27,27,27,37,37,50,50,126,136,136,150,150,167,167,241,241,261,461,58,71,89,89,116,116,116,116,150,150,150,150],"floor_reached":31,"playtime":2184,"items_purged":["Strike_B"],"score":595,"play_id":"865fb5da-ea2f-44fd-a4f6-9c7f2a17564c","local_time":"20190410161439","is_ascension_mode":true,"campfire_choices":[{"data":"Machine Learning","floor":6,"key":"SMITH"},{"data":"Zap","floor":8,"key":"SMITH"},{"data":"Dualcast","floor":11,"key":"SMITH"},{"data":"Loop","floor":15,"key":"SMITH"},{"floor":23,"key":"REST"},{"floor":25,"key":"REST"},{"data":"Consume","floor":27,"key":"SMITH"},{"floor":30,"key":"REST"}],"neow_cost":"NONE","seed_source_timestamp":73932879362876,"circlet_count":0,"master_deck":["AscendersBane","Strike_B","Strike_B+1","Defend_B","Defend_B+1","Defend_B","Defend_B","Zap+1","Dualcast+1","Self Repair","Machine Learning+1","BootSequence","Sweeping Beam","Conserve Battery","Loop+1","Electrodynamics","Steam+1","Turbo+1","Consume+1","Thunder Strike"],"relics":["Cracked Core","Tiny Chest","Snecko Eye","Ice Cream","Symbiotic Virus","Bag of Marbles","Sundial"],"potions_floor_usage":[16,21,22,28,31],"damage_taken":[{"damage":1,"enemies":"Cultist","floor":1,"turns":3},{"damage":8,"enemies":"2 Louse","floor":5,"turns":2},{"damage":1,"enemies":"Small Slimes","floor":7,"turns":4},{"damage":0,"enemies":"2 Fungi Beasts","floor":10,"turns":3},{"damage":1,"enemies":"Looter","floor":12,"turns":3},{"damage":13,"enemies":"Gremlin Gang","floor":14,"turns":3},{"damage":0,"enemies":"Slime Boss","floor":16,"turns":6},{"damage":11,"enemies":"Spheric Guardian","floor":18,"turns":4},{"damage":12,"enemies":"3 Byrds","floor":21,"turns":2},{"damage":33,"enemies":"Shelled Parasite and Fungi","floor":22,"turns":7},{"damage":29,"enemies":"Gremlin Leader","floor":24,"turns":6},{"damage":30,"enemies":"Slavers","floor":28,"turns":4},{"damage":51,"enemies":"Book of Stabbing","floor":31,"turns":4}],"seed_played":"-4011755856262582143","potions_obtained":[{"floor":1,"key":"PowerPotion"},{"floor":7,"key":"Dexterity Potion"},{"floor":18,"key":"Weak Potion"},{"floor":24,"key":"Energy Potion"},{"floor":28,"key":"PowerPotion"}],"is_trial":false,"path_per_floor":["M","$","?","?","M","R","M","R","T","M","R","M","?","M","R","B",null,"M","?","$","M","M","R","E","R","T","R","E","?","R","E"],"character_chosen":"DEFECT","items_purchased":["Machine Learning","Ice Cream"],"campfire_rested":3,"item_purchase_floors":[2,20],"current_hp_per_floor":[70,70,47,47,46,46,52,52,52,59,59,65,70,64,64,71,80,69,69,69,57,31,55,33,57,57,57,27,27,51,0],"gold":150,"neow_bonus":"TEN_PERCENT_HP_BONUS","is_prod":false,"is_daily":false,"chose_seed":false,"campfire_upgraded":5,"win_rate":0,"timestamp":1554927279,"path_taken":["M","$","?","?","?","R","M","R","T","M","R","M","?","M","R","BOSS","M","?","$","?","M","R","E","R","T","R","E","?","R","E"],"build_version":"2019-01-23","purchased_purges":1,"victory":false,"max_hp_per_floor":[78,78,78,78,78,78,78,78,78,78,78,78,83,83,83,83,83,83,83,83,83,83,83,83,83,83,83,83,83,83,83],"card_choices":[{"not_picked":["Ball Lightning","Aggregate"],"picked":"Self Repair","floor":1},{"not_picked":["Hello World","Compile Driver","Coolheaded"],"picked":"SKIP","floor":5},{"not_picked":["Beam Cell","Static Discharge"],"picked":"BootSequence","floor":7},{"not_picked":["Streamline","Rebound"],"picked":"Sweeping Beam","floor":10},{"not_picked":["Compile Driver","Redo"],"picked":"Conserve Battery","floor":12},{"not_picked":["Compile Driver","Go for the Eyes"],"picked":"Loop","floor":14},{"not_picked":["Creative AI","Reboot"],"picked":"Electrodynamics","floor":16},{"not_picked":["Beam Cell+1","Sweeping Beam"],"picked":"Steam+1","floor":18},{"not_picked":["Rebound","Hologram"],"picked":"Turbo+1","floor":21},{"not_picked":["Sweeping Beam","Turbo"],"picked":"Consume","floor":22},{"not_picked":["Melter+1","Hello World","Gash"],"picked":"SKIP","floor":24},{"not_picked":["Darkness+1","Conserve Battery+1"],"picked":"Thunder Strike","floor":28}],"player_experience":3332304,"relics_obtained":[{"floor":9,"key":"Tiny Chest"},{"floor":24,"key":"Symbiotic Virus"},{"floor":26,"key":"Bag of Marbles"},{"floor":28,"key":"Sundial"}],"event_choices":[{"damage_healed":0,"gold_gain":0,"player_choice":"Entered Light","damage_taken":23,"max_hp_gain":0,"max_hp_loss":0,"event_name":"Shining Light","floor":3,"gold_loss":0,"cards_upgraded":["Defend_B","Strike_B"]},{"cards_removed":["Strike_B"],"damage_healed":0,"gold_gain":0,"player_choice":"Offered Basic","damage_taken":0,"max_hp_gain":0,"max_hp_loss":0,"event_name":"Bonfire Elementals","floor":4,"gold_loss":0},{"damage_healed":0,"gold_gain":0,"player_choice":"Donut","damage_taken":0,"max_hp_gain":5,"max_hp_loss":0,"event_name":"Big Fish","floor":13,"gold_loss":0},{"damage_healed":0,"gold_gain":250,"player_choice":"Bet on Owner","damage_taken":0,"max_hp_gain":0,"max_hp_loss":0,"event_name":"The Joust","floor":19,"gold_loss":50},{"damage_healed":0,"gold_gain":0,"player_choice":"Ignored","damage_taken":0,"max_hp_gain":0,"max_hp_loss":0,"event_name":"The Mausoleum","floor":29,"gold_loss":0}],"is_beta":false,"boss_relics":[{"not_picked":["Tiny House","Coffee Dripper"],"picked":"Snecko Eye"}],"items_purged_floors":[20],"is_endless":false,"potions_floor_spawned":[1,7,18,24,28],"killed_by":"Book of Stabbing","ascension_level":18}