{"gold_per_floor":[99,99,99,99,99,99,99,99,99,99,99,99,69,39,39,39,39,39,39,0,0,0,0,0,0,0,0,0,0,0,0,0,0,0,0,0,0,0,0,0],"floor_reached":40,"playtime":5977,"items_purged":[],"score":412,"play_id":"cac07451-7259-4529-a9f9-3374d25c6d1e","local_time":"20190716075956","is_ascension_mode":false,"campfire_choices":[{"floor":6.0,"key":"REST"},{"floor":12.0,"key":"REST"},{"data":"1","floor":15.0,"key":"LIFT"},{"floor":23,"key":"REST"},{"data":"2","floor":28,"key":"LIFT"},{"floor":32,"key":"REST"}],"neow_cost":"NONE","seed_source_timestamp":177215486495884,"circlet_count":0,"master_deck":["Strike_R","Strike_R","Strike_R","Strike_R","Strike_R","Defend_R","Defend_R","Defend_R","Defend_R","Bash","Battle Trance","Headbutt","Armaments","Blood for Blood","Armaments+1","Iron Wave","Twin Strike","Barricade","Shrug It Off+1","Battle Trance+1","Heavy Blade","Bloodletting+1","Ghostly Armor+1","Reaper","Cleave+1","Cleave+1","Disarm+1","Impervious+1","Thunderclap+1","Clothesline","Reaper","Cleave+1","Dropkick"],"special_seed":0,"relics":["Ectoplasm","Toxic Egg 2","Incense Burner","Girya","Fusion Hammer","Red Mask","Magic Flower","Gremlin Horn","Velvet Choker","Peace Pipe"],"potions_floor_usage":[33,33,33,35],"damage_taken":[{"damage":1.0,"enemies":"Jaw Worm","floor":1.0,"turns":3.0},{"damage":1.0,"enemies":"Cultist","floor":3.0,"turns":3.0},{"damage":0.0,"enemies":"Small Slimes","floor":4.0,"turns":3.0},{"damage":33.0,"enemies":"Gremlin Gang","floor":5.0,"turns":4.0},{"damage":16.0,"enemies":"Lagavulin","floor":7.0,"turns":5.0},{"damage":0.0,"enemies":"Blue Slaver","floor":10.0,"turns":3.0},{"damage":0.0,"enemies":"3 Louse","floor":11.0,"turns":5.0},{"damage":0.0,"enemies":"Looter","floor":13.0,"turns":3.0},{"damage":0.0,"enemies":"Exordium Thugs","floor":14.0,"turns":4.0},{"damage":38.0,"enemies":"Hexaghost","floor":16.0,"turns":8.0},{"damage":9.0,"enemies":"3 Byrds","floor":18.0,"turns":6.0},{"damage":11,"enemies":"2 Thieves","floor":20,"turns":4},{"damage":14,"enemies":"Masked Bandits","floor":24,"turns":5},{"damage":6,"enemies":"Gremlin Leader","floor":25,"turns":11},{"damage":5,"enemies":"Cultist and Chosen","floor":27,"turns":7},{"damage":0,"enemies":"Centurion and Healer","floor":30,"turns":5},{"damage":22,"enemies":"Snecko","floor":31,"turns":4},{"damage":77,"enemies":"Automaton","floor":33,"turns":9},{"damage":16,"enemies":"3 Shapes","floor":35,"turns":4},{"damage":34,"enemies":"2 Orb Walkers","floor":36,"turns":6},{"damage":9,"enemies":"Orb Walker","floor":38,"turns":4},{"damage":0,"enemies":"Jaw Worm Horde","floor":39,"turns":2},{"damage":102,"enemies":"Giant Head","floor":40,"turns":10}],"seed_played":"-2333150124249823196","potions_obtained":[{"floor":1.0,"key":"SteroidPotion"},{"floor":11.0,"key":"BloodPotion"},{"floor":13.0,"key":"Energy Potion"},{"floor":27,"key":"Swift Potion"},{"floor":33,"key":"Fruit Juice"},{"floor":38,"key":"LiquidBronze"}],"is_trial":false,"path_per_floor":["M","?","M","M","M","R","E","?","T","M","M","R","M","M","R","B",null,"M","$","M","?","?","R","?","E","T","M","R","$","M","M","R","B",null,"M","?","?","M","M","E"],"character_chosen":"IRONCLAD","items_purchased":[],"campfire_rested":4,"item_purchase_floors":[],"current_hp_per_floor":[79,79,78,78,45,69,53,53,53,53,53,77,77,77,77,39,80,71,71,60,60,60,80,66,60,60,70,70,70,80,58,80,33,80,84,60,60,60,85,0],"gold":0,"neow_bonus":"BOSS_RELIC","is_prod":false,"is_daily":false,"chose_seed":false,"campfire_upgraded":0,"win_rate":0.0,"timestamp":1563281996,"path_taken":["M","?","M","M","?","R","E","?","T","M","M","R","M","M","R","BOSS","M","$","?","?","?","R","?","E","T","M","R","?","M","M","R","BOSS","M","?","?","?","M","E"],"build_version":"2019-07-05","purchased_purges":0,"victory":false,"max_hp_per_floor":[80,80,80,80,80,80,80,80,80,80,80,80,80,80,80,80,80,80,80,80,80,80,80,80,80,80,80,80,80,80,80,80,80,80,85,85,85,85,85,85],"card_choices":[{"not_picked":["Heavy Blade","Shrug It Off"],"picked":"Battle Trance","floor":1.0},{"not_picked":["Sword Boomerang","Iron Wave"],"picked":"Headbutt","floor":3.0},{"not_picked":["Thunderclap","Power Through"],"picked":"Searing Blow","floor":4.0},{"not_picked":["Thunderclap","Warcry"],"picked":"Armaments","floor":5.0},{"not_picked":["Carnage","Iron Wave"],"picked":"Ghostly Armor","floor":7.0},{"not_picked":["Thunderclap","Sword Boomerang"],"picked":"Blood for Blood","floor":10.0},{"not_picked":["Double Tap+1","Warcry+1"],"picked":"Armaments+1","floor":11.0},{"not_picked":["Twin Strike","Battle Trance+1"],"picked":"Iron Wave","floor":13.0},{"not_picked":["Headbutt","Iron Wave"],"picked":"Twin Strike","floor":14.0},{"not_picked":["Demon Form","Juggernaut"],"picked":"Barricade","floor":16.0},{"not_picked":["Sword Boomerang","Perfected Strike"],"picked":"Shrug It Off+1","floor":18.0},{"not_picked":["Rupture","Burning Pact+1"],"picked":"Battle Trance+1","floor":20},{"not_picked":["True Grit+1","Warcry+1"],"picked":"Ghostly Armor+1","floor":24},{"not_picked":["Thunderclap","Headbutt"],"picked":"Reaper","floor":25},{"not_picked":["Flex+1","Spot Weakness+1"],"picked":"Cleave+1","floor":27},{"not_picked":["Shrug It Off+1","Anger+1"],"picked":"Cleave+1","floor":30},{"not_picked":["Cleave+1","Dual Wield+1"],"picked":"Disarm+1","floor":31},{"not_picked":["Fiend Fire","Bludgeon"],"picked":"Impervious+1","floor":33},{"not_picked":["Headbutt+1","Metallicize"],"picked":"Thunderclap+1","floor":35},{"not_picked":["Headbutt+1","Corruption+1"],"picked":"Clothesline","floor":36},{"not_picked":["Shrug It Off+1","Headbutt"],"picked":"Cleave+1","floor":38},{"not_picked":["Metallicize","Headbutt"],"picked":"Dropkick","floor":39}],"player_experience":13048,"relics_obtained":[{"floor":7.0,"key":"Toxic Egg 2"},{"floor":8.0,"key":"Incense Burner"},{"floor":9.0,"key":"Girya"},{"floor":24,"key":"Red Mask"},{"floor":25,"key":"Magic Flower"},{"floor":26,"key":"Gremlin Horn"},{"floor":36,"key":"Peace Pipe"}],"event_choices":[{"damage_healed":0.0,"max_hp_gain":0.0,"max_hp_loss":0.0,"gold_gain":100.0,"event_name":"Golden Shrine","player_choice":"Pray","floor":2.0,"gold_loss":0.0,"damage_taken":0.0},{"damage_healed":0.0,"max_hp_gain":0.0,"max_hp_loss":0.0,"gold_gain":0.0,"event_name":"Wheel of Change","player_choice":"Relic","floor":8.0,"gold_loss":0.0,"damage_taken":0.0},{"damage_healed":0,"gold_gain":0,"cards_transformed":["Searing Blow","Ghostly Armor"],"player_choice":"Became Test Subject","damage_taken":0,"max_hp_gain":0,"max_hp_loss":0,"event_name":"Drug Dealer","floor":21,"gold_loss":0,"cards_obtained":["Heavy Blade","Bloodletting"]},{"damage_healed":0,"gold_gain":0,"player_choice":"Ignored","damage_taken":0,"max_hp_gain":0,"max_hp_loss":0,"event_name":"Vampires","floor":22,"gold_loss":0},{"damage_healed":0,"gold_gain":0,"player_choice":"Fought Bandits","damage_taken":0,"max_hp_gain":0,"max_hp_loss":0,"event_name":"Masked Bandits","floor":24,"gold_loss":0},{"damage_healed":0,"gold_gain":0,"player_choice":"Fight","damage_taken":0,"max_hp_gain":0,"max_hp_loss":0,"event_name":"Mysterious Sphere","floor":36,"gold_loss":0},{"damage_healed":0,"gold_gain":0,"player_choice":"Copied","damage_taken":0,"max_hp_gain":0,"max_hp_loss":0,"event_name":"Duplicator","floor":37,"gold_loss":0,"cards_obtained":["Reaper"]}],"is_beta":false,"boss_relics":[{"not_picked":["Philosopher\u0027s Stone","Cursed Key"],"picked":"Fusion Hammer"},{"not_picked":["Eternal Feather","White Beast Statue"],"picked":"Velvet Choker"}],"items_purged_floors":[],"is_endless":false,"potions_floor_spawned":[1,11,13,25,27,31,33,38],"killed_by":"Giant Head","ascension_level":0}