{"path_per_floor":["M","M","?","?","?","E","?","R","T","M","$","M","M","M","R"],"character_chosen":"THE_SILENT","items_purchased":[],"gold_per_floor":[13,26,26,26,26,61,61,61,61,73,73,87,101,115,115],"floor_reached":16,"campfire_rested":1,"playtime":1445,"current_hp_per_floor":[70,70,70,70,56,17,10,31,31,30,30,30,28,28,28],"items_purged":[],"gold":115,"play_id":"90d5cf7d-09d6-4ee1-b5a8-3462ad098166","is_prod":false,"is_daily":false,"is_ascension_mode":true,"campfire_upgraded":1,"path_taken":["M","M","?","?","?","E","?","R","T","M","$","?","M","?","R","BOSS"],"build_version":"2018-01-25-PROD3","purchased_purges":0,"victory":false,"master_deck":["Defend_G","Defend_G","Defend_G","Defend_G","Defend_G","Strike_G","Strike_G","Strike_G","Strike_G+1","Survivor+1","Neutralize","Adrenaline","Cloak And Dagger","Dodge and Roll","Neutralize","Underhanded Strike","Calculated Gamble","Escape Plan","Calculated Gamble+1","Flying Knee"],"max_hp_per_floor":[70,70,70,70,70,70,70,70,70,70,70,70,70,70,70],"relics":["Ring of the Snake","Pantograph","Dodecahedron"],"card_choices":[{"not_picked":["Night Terror","Burst"],"picked":"Adrenaline"},{"not_picked":["Slice","Skewer"],"picked":"Cloak And Dagger"},{"not_picked":["Quick Slash","Predator"],"picked":"Dodge and Roll"},{"not_picked":["Flechettes","Quick Slash"],"picked":"Calculated Gamble"},{"not_picked":["Slice","PiercingWail"],"picked":"Escape Plan"},{"not_picked":["Slice","Quick Slash"],"picked":"Calculated Gamble"},{"not_picked":["Dagger Spray","Bane"],"picked":"Flying Knee"}],"player_experience":425462,"potions_floor_usage":[10,16,16],"damage_taken":[{"damage":0,"enemies":"2 Louse","floor":1,"turns":2},{"damage":0,"enemies":"Blue Slaver","floor":2,"turns":6},{"damage":39,"enemies":"Gremlin Nob","floor":6,"turns":6},{"damage":1,"enemies":"Small Slimes","floor":10,"turns":4},{"damage":0,"enemies":"3 Louse","floor":12,"turns":5},{"damage":2,"enemies":"Red Slaver","floor":13,"turns":3},{"damage":0,"enemies":"2 Fungi Beasts","floor":14,"turns":3},{"damage":62,"enemies":"Slime Boss","floor":16,"turns":9}],"event_choices":[{"event_name":"Match and Keep!","player_choice":"2 cards matched","floor":3,"damage_taken":0},{"event_name":"The Cleric","player_choice":"Leave","floor":4,"damage_taken":0},{"event_name":"Shining Light","player_choice":"Entered Light","floor":5,"damage_taken":0},{"event_name":"Golden Wing","player_choice":"Card Removal","floor":7,"damage_taken":0}],"boss_relics":[],"potions_floor_spawned":[6,10,14],"seed_played":"7179564073523525665","killed_by":"Slime Boss","ascension_level":2,"is_trial":false}