{"gold_per_floor":[144,144,193,242,291,389,438,487,512,610,93,93,6,0,0,325,325,374,374,423,439,488,488,537,586,611,611,561,586,684,684,684,1009,1009,1058,219,268,268,317,415,464,513,538,538,760,760,809,128,128,128],"floor_reached":51,"playtime":7523,"items_purged":["Strike_G","Strike_G","Strike_G"],"score":859,"play_id":"e6619e77-26e3-4214-b7db-25eec4491f76","local_time":"20180915212924","daily_mods":["Brewmaster","Midas","Binary"],"is_ascension_mode":false,"campfire_choices":[{"floor":15,"key":"REST"}],"neow_cost":"","seed_source_timestamp":0,"circlet_count":0,"master_deck":["Defend_G","Defend_G+1","Defend_G","Defend_G","Defend_G","Strike_G","Strike_G","Survivor","Neutralize","Venomology","Venomology","Venomology+1","Venomology","Venomology","Backstab","Blur","Adrenaline","Footwork","Backflip","Panache","Footwork","PiercingWail","Prepared","Caltrops","Die Die Die","Flying Knee+1","Dagger Throw+1","Outmaneuver+1","Terror","Prepared","Backflip","Corpse Explosion","Die Die Die","Violence","Finesse","Deadly Poison+1","Dagger Spray+1","Backflip+1","Caltrops","Discovery"],"special_seed":17789,"relics":["Ring of the Snake","White Beast Statue","Golden Idol","Bronze Scales","Juzu Bracelet","Bottled Lightning","Lantern","Coffee Dripper","Red Mask","Orichalcum","Regal Pillow","Strawberry","Mummified Hand","WristBlade","OrangePellets","Tiny Chest","Centennial Puzzle","Anchor","Art of War","Unceasing Top","Snake Skull","Dodecahedron"],"potions_floor_usage":[1,1,1,3,4,5,5,6,6,6,6,6,6,8,8,8,8,8,10,10,10,10,10,10,16,16,16,16,18,18,18,18,20,20,20,20,21,21,21,22,22,22,22,24,24,25,25,25,25,25,30,33,33,33,33,33,33,35,35,37,37,37,39,40,40,40,41,42,42,42,42,42,44,44,44,50,50,50,50,50,50,50],"damage_taken":[{"damage":1,"enemies":"Jaw Worm","floor":1,"turns":5},{"damage":0,"enemies":"Small Slimes","floor":3,"turns":3},{"damage":0,"enemies":"Cultist","floor":4,"turns":3},{"damage":1,"enemies":"Exordium Thugs","floor":5,"turns":6},{"damage":0,"enemies":"Gremlin Nob","floor":6,"turns":4},{"damage":0,"enemies":"3 Louse","floor":7,"turns":3},{"damage":0,"enemies":"Large Slime","floor":8,"turns":5},{"damage":0,"enemies":"Lagavulin","floor":10,"turns":5},{"damage":15,"enemies":"Hexaghost","floor":16,"turns":12},{"damage":0,"enemies":"3 Byrds","floor":18,"turns":2},{"damage":0,"enemies":"Shell Parasite","floor":20,"turns":3},{"damage":9,"enemies":"Masked Bandits","floor":21,"turns":4},{"damage":6,"enemies":"Shelled Parasite and Fungi","floor":22,"turns":5},{"damage":5,"enemies":"Chosen and Byrds","floor":24,"turns":4},{"damage":0,"enemies":"Sentry and Sphere","floor":25,"turns":5},{"damage":2,"enemies":"Gremlin Leader","floor":30,"turns":7},{"damage":0,"enemies":"Champ","floor":33,"turns":14},{"damage":0,"enemies":"3 Darklings","floor":35,"turns":4},{"damage":2,"enemies":"3 Shapes","floor":37,"turns":4},{"damage":0,"enemies":"3 Darklings","floor":39,"turns":4},{"damage":12,"enemies":"Nemesis","floor":40,"turns":7},{"damage":0,"enemies":"Spire Growth","floor":41,"turns":3},{"damage":0,"enemies":"Maw","floor":42,"turns":8},{"damage":0,"enemies":"Mind Bloom Boss Battle","floor":44,"turns":1},{"damage":0,"enemies":"Reptomancer","floor":47,"turns":4},{"damage":27,"enemies":"Awakened One","floor":50,"turns":11}],"seed_played":"-4759966678403300837","potions_obtained":[{"floor":1,"key":"Block Potion"},{"floor":3,"key":"FearPotion"},{"floor":4,"key":"Strength Potion"},{"floor":6,"key":"FearPotion"},{"floor":8,"key":"SteroidPotion"},{"floor":10,"key":"Fire Potion"},{"floor":16,"key":"Regen Potion"},{"floor":18,"key":"Swift Potion"},{"floor":20,"key":"PowerPotion"},{"floor":21,"key":"SpeedPotion"},{"floor":25,"key":"Fire Potion"},{"floor":33,"key":"GhostInAJar"},{"floor":35,"key":"Dexterity Potion"},{"floor":40,"key":"SteroidPotion"},{"floor":41,"key":"GhostInAJar"},{"floor":42,"key":"FearPotion"},{"floor":44,"key":"GhostInAJar"}],"is_trial":false,"path_per_floor":["M","?","M","M","M","E","M","M","T","E","$","?","$","?","R","B",null,"M","?","M","?","M","R","M","M","T","R","?","T","E","T","R","B",null,"M","$","M","?","M","E","M","M","T","?","?","R","M","$","R","B"],"character_chosen":"THE_SILENT","items_purchased":["Lantern","Panache","Footwork","PiercingWail","Prepared","Caltrops","OrangePellets","Tiny Chest","Centennial Puzzle","Violence","Finesse","Snake Skull","Caltrops","Dodecahedron","Discovery"],"campfire_rested":1,"item_purchase_floors":[11,11,11,11,13,13,36,36,36,36,36,48,48,48,48],"current_hp_per_floor":[69,65,65,65,64,64,64,64,64,64,64,51,51,51,65,50,65,65,65,65,61,65,65,60,60,60,60,60,60,65,65,65,65,72,72,72,72,68,68,56,56,56,56,56,56,56,56,56,56,29],"gold":128,"neow_bonus":"","is_prod":false,"is_daily":true,"chose_seed":false,"campfire_upgraded":0,"win_rate":0,"timestamp":1537061364,"path_taken":["M","?","M","M","M","E","M","M","T","E","?","?","?","?","R","BOSS","M","?","M","?","M","R","M","M","T","R","?","?","E","?","R","BOSS","M","$","M","?","M","E","M","M","T","?","?","R","M","$","R","BOSS"],"build_version":"2018-09-06","purchased_purges":3,"victory":true,"max_hp_per_floor":[70,65,65,65,65,65,65,65,65,65,65,65,65,65,65,65,65,65,65,65,65,65,65,65,65,65,65,65,65,72,72,72,72,72,72,72,72,68,68,68,68,68,68,68,68,68,68,68,68,68],"card_choices":[{"not_picked":["Infinite Blades"],"picked":"Backstab","floor":1},{"not_picked":["PiercingWail"],"picked":"Blur","floor":3},{"not_picked":["Catalyst","Sucker Punch"],"picked":"SKIP","floor":4},{"not_picked":["Masterful Stab","Riddle With Holes"],"picked":"SKIP","floor":5},{"not_picked":["Calculated Gamble"],"picked":"Adrenaline","floor":6},{"not_picked":["Deadly Poison"],"picked":"Footwork","floor":7},{"not_picked":["Predator"],"picked":"Backflip","floor":8},{"not_picked":["Outmaneuver","Cloak And Dagger"],"picked":"SKIP","floor":10},{"not_picked":["Wraith Form v2"],"picked":"Die Die Die","floor":16},{"not_picked":["Caltrops+1"],"picked":"Flying Knee+1","floor":18},{"not_picked":["Bane"],"picked":"Dagger Throw+1","floor":20},{"not_picked":["Calculated Gamble"],"picked":"Outmaneuver+1","floor":21},{"not_picked":["Slice+1"],"picked":"Terror","floor":22},{"not_picked":["Deflect"],"picked":"Prepared","floor":24},{"not_picked":["Finisher"],"picked":"Backflip","floor":25},{"not_picked":["Poisoned Stab"],"picked":"Corpse Explosion","floor":30},{"not_picked":["Phantasmal Killer"],"picked":"Die Die Die","floor":33},{"not_picked":["Bane+1","Quick Slash"],"picked":"SKIP","floor":35},{"not_picked":["Caltrops+1"],"picked":"Deadly Poison+1","floor":37},{"not_picked":["Dagger Spray","Flying Knee+1"],"picked":"SKIP","floor":39},{"not_picked":["Reflex+1","Caltrops"],"picked":"SKIP","floor":40},{"not_picked":["Sucker Punch","Choke+1"],"picked":"SKIP","floor":41},{"not_picked":["Bouncing Flask"],"picked":"Dagger Spray+1","floor":42},{"not_picked":["Backstab"],"picked":"Backflip+1","floor":47}],"player_experience":2068631,"relics_obtained":[{"floor":6,"key":"Bronze Scales"},{"floor":9,"key":"Juzu Bracelet"},{"floor":10,"key":"Bottled Lightning"},{"floor":21,"key":"Red Mask"},{"floor":26,"key":"Orichalcum"},{"floor":29,"key":"Regal Pillow"},{"floor":30,"key":"Strawberry"},{"floor":31,"key":"Mummified Hand"},{"floor":40,"key":"Anchor"},{"floor":43,"key":"Art of War"},{"floor":44,"key":"Unceasing Top"}],"event_choices":[{"event_name":"Golden Idol","player_choice":"Lose Max HP","floor":2,"damage_taken":0},{"event_name":"Shining Light","player_choice":"Entered Light","floor":12,"damage_taken":0},{"event_name":"World of Goop","player_choice":"Left","floor":14,"damage_taken":0},{"event_name":"Ghosts","player_choice":"Ignored","floor":19,"damage_taken":0},{"event_name":"Masked Bandits","player_choice":"Fought Bandits","floor":21,"damage_taken":0},{"event_name":"The Joust","player_choice":"Bet on Murderer","floor":28,"damage_taken":0},{"event_name":"Winding Halls","player_choice":"Max HP","floor":38,"damage_taken":0},{"event_name":"MindBloom","player_choice":"Fight","floor":44,"damage_taken":0},{"event_name":"Tomb of Lord Red Mask","player_choice":"Wore Mask","floor":45,"damage_taken":0}],"is_beta":false,"boss_relics":[{"not_picked":["Black Star","Tiny House"],"picked":"Coffee Dripper"},{"not_picked":["Sozu","HoveringKite"],"picked":"WristBlade"}],"items_purged_floors":[11,36,48],"is_endless":false,"potions_floor_spawned":[1,3,4,5,6,7,8,10,16,18,20,21,22,24,25,30,33,35,37,39,40,41,42,44,47],"ascension_level":0}