{"path_per_floor":["M","M","?","M","?","E","R","M","T","$","M","T","M","M","R"],"character_chosen":"DEFECT","items_purchased":["Capacitor","Potion Belt"],"gold_per_floor":[114,130,130,148,223,252,252,271,271,41,51,51,71,90,90,90],"floor_reached":16,"campfire_rested":1,"playtime":794,"item_purchase_floors":[10,10],"current_hp_per_floor":[71,70,70,70,59,33,33,26,26,26,21,21,19,5,27,0],"items_purged":[],"gold":90,"score":104,"play_id":"dddcaf18-ce48-4a7d-be1e-845598832be4","local_time":"20180615180627","is_prod":false,"is_daily":false,"chose_seed":false,"is_ascension_mode":false,"campfire_upgraded":1,"win_rate":0.0,"timestamp":1529100387,"campfire_choices":[{"data":"Storm","floor":7,"key":"SMITH"},{"floor":15,"key":"REST"}],"path_taken":["M","M","?","M","?","E","R","M","T","$","M","?","M","M","R","BOSS"],"build_version":"2018-06-14v2","seed_source_timestamp":247339604700224,"purchased_purges":0,"victory":false,"master_deck":["Strike_B","Strike_B","Strike_B","Defend_B","Defend_B","Defend_B","Defend_B","Zap","Dualcast","Compile Driver","Rebound","Doom and Gloom","Storm+1","Sweeping Beam","Capacitor","Stack","Thunder Strike","Auto Shields"],"max_hp_per_floor":[75,75,75,75,75,75,75,75,75,75,75,75,75,75,75,75],"relics":["Cracked Core","Ornamental Fan","Ginger","Potion Belt","Shovel"],"card_choices":[{"not_picked":["Turbo","Steam Power"],"picked":"Compile Driver","floor":1},{"not_picked":["Steam","Redo"],"picked":"Rebound","floor":2},{"not_picked":["Darkness","Multi-Cast"],"picked":"Doom and Gloom","floor":4},{"not_picked":["Chill","Force Field"],"picked":"Storm","floor":6},{"not_picked":["Heatsinks","Force Field"],"picked":"Sweeping Beam","floor":8},{"not_picked":["Coolheaded","Steam"],"picked":"Stack","floor":11},{"not_picked":["Cold Snap","Turbo"],"picked":"Thunder Strike","floor":13},{"not_picked":["Force Field","Steam"],"picked":"Auto Shields","floor":14}],"player_experience":1386886,"potions_floor_usage":[6,11,11,13,14,14,14,16],"damage_taken":[{"damage":4,"enemies":"2 Louse","floor":1,"turns":3},{"damage":1,"enemies":"Cultist","floor":2,"turns":3},{"damage":0,"enemies":"Small Slimes","floor":4,"turns":2},{"damage":26,"enemies":"Lagavulin","floor":6,"turns":4},{"damage":7,"enemies":"2 Fungi Beasts","floor":8,"turns":3},{"damage":5,"enemies":"Blue Slaver","floor":11,"turns":4},{"damage":2,"enemies":"Looter","floor":13,"turns":4},{"damage":14,"enemies":"Exordium Thugs","floor":14,"turns":4},{"damage":29,"enemies":"The Guardian","floor":16,"turns":8}],"relics_obtained":[{"floor":6,"key":"Ornamental Fan"},{"floor":9,"key":"Ginger"},{"floor":12,"key":"Shovel"}],"event_choices":[{"event_name":"Bonfire Elementals","player_choice":"BASIC","floor":3,"damage_taken":0},{"event_name":"World of Goop","player_choice":"Gather Gold","floor":5,"damage_taken":0}],"boss_relics":[],"items_purged_floors":[],"is_endless":false,"potions_floor_spawned":[2,8,14],"seed_played":"816991360399370962","killed_by":"The Guardian","ascension_level":0,"potions_obtained":[{"floor":2,"key":"SteroidPotion"},{"floor":8,"key":"EntropicBrew"},{"floor":14,"key":"FocusPotion"}],"is_trial":false}