{"gold_per_floor":[110,35,55,72,72,72,102,102,102,120,45,378,392,425,425,498,498,510,510,430,441,366,366,117,117,117,167,167],"floor_reached":28,"playtime":2362,"items_purged":["Strike_B"],"score":505,"play_id":"033c63d1-464d-4383-b273-1dbfd8d37113","local_time":"20190412094910","is_ascension_mode":true,"campfire_choices":[{"data":"Defragment","floor":6,"key":"SMITH"},{"data":"Buffer","floor":8,"key":"SMITH"},{"floor":15,"key":"REST"},{"floor":23,"key":"REST"},{"floor":25,"key":"REST"}],"neow_cost":"NONE","seed_source_timestamp":223424889152226,"circlet_count":0,"master_deck":["AscendersBane","Defend_B","Defend_B","Defend_B","Zap","Dualcast","Buffer+1","Go for the Eyes","Hello World","Defragment+1","Loop","Glacier","Hologram","Double Energy","Capacitor","Biased Cognition","Aggregate+1","Buffer+1","Multi-Cast+1","Stack+1","Consume"],"relics":["Cracked Core","Gremlin Horn","Letter Opener","Old Coin","Oddly Smooth Stone","Astrolabe","Lantern","Matryoshka"],"potions_floor_usage":[14,16,18,20,28],"damage_taken":[{"damage":2,"enemies":"Cultist","floor":1,"turns":5},{"damage":2,"enemies":"Jaw Worm","floor":3,"turns":4},{"damage":1,"enemies":"2 Louse","floor":4,"turns":2},{"damage":7,"enemies":"3 Sentries","floor":7,"turns":10},{"damage":4,"enemies":"Looter","floor":10,"turns":4},{"damage":0,"enemies":"Lagavulin","floor":12,"turns":8},{"damage":4,"enemies":"Large Slime","floor":13,"turns":7},{"damage":39,"enemies":"Gremlin Nob","floor":14,"turns":7},{"damage":11,"enemies":"The Guardian","floor":16,"turns":13},{"damage":32,"enemies":"3 Byrds","floor":18,"turns":6},{"damage":16,"enemies":"2 Thieves","floor":20,"turns":4},{"damage":0,"enemies":"Snake Plant","floor":21,"turns":11},{"damage":64,"enemies":"Gremlin Leader","floor":28,"turns":10}],"seed_played":"7953566929438254020","potions_obtained":[{"floor":7,"key":"Poison Potion"},{"floor":10,"key":"LiquidBronze"},{"floor":16,"key":"Energy Potion"},{"floor":18,"key":"Weak Potion"}],"is_trial":false,"path_per_floor":["M","$","M","M","?","R","E","R","T","M","$","E","M","E","R","B",null,"M","?","M","M","?","R","$","R","T","?","E"],"character_chosen":"DEFECT","items_purchased":["Hello World","Lantern","GamblersBrew"],"campfire_rested":3,"item_purchase_floors":[2,24,24],"current_hp_per_floor":[62,62,60,59,59,59,52,52,52,48,48,48,44,5,26,15,57,25,25,9,9,9,30,30,51,51,51,0],"gold":167,"neow_bonus":"ONE_RANDOM_RARE_CARD","is_prod":false,"is_daily":false,"chose_seed":false,"campfire_upgraded":2,"win_rate":0,"timestamp":1555076950,"path_taken":["M","$","?","?","?","R","E","R","T","M","?","E","?","E","R","BOSS","M","?","M","M","?","R","$","R","T","?","E"],"build_version":"2019-01-23","purchased_purges":1,"victory":false,"max_hp_per_floor":[71,71,71,71,71,71,71,71,71,71,71,71,71,71,71,71,71,71,71,71,71,71,71,71,71,71,71,71],"card_choices":[{"not_picked":["Gash","Compile Driver"],"picked":"Go for the Eyes","floor":1},{"not_picked":["Barrage","Chill"],"picked":"Defragment","floor":3},{"not_picked":["Recycle","Rebound"],"picked":"Loop","floor":4},{"not_picked":["Coolheaded","Lockon","Sweeping Beam"],"picked":"SKIP","floor":7},{"not_picked":["Beam Cell","Hello World"],"picked":"Hologram","floor":10},{"not_picked":["Rainbow","Streamline"],"picked":"Double Energy","floor":12},{"not_picked":["Stack","Beam Cell"],"picked":"Capacitor","floor":13},{"not_picked":["Lockon","Go for the Eyes"],"picked":"Aggregate","floor":14},{"not_picked":["Fission","Creative AI"],"picked":"Biased Cognition","floor":16},{"not_picked":["Barrage","Beam Cell"],"picked":"Stack+1","floor":18},{"not_picked":["Turbo","Stack"],"picked":"Consume","floor":20},{"not_picked":["Coolheaded","Rebound","Sunder"],"picked":"SKIP","floor":21}],"player_experience":3365021,"relics_obtained":[{"floor":7,"key":"Gremlin Horn"},{"floor":9,"key":"Letter Opener"},{"floor":12,"key":"Old Coin"},{"floor":14,"key":"Oddly Smooth Stone"},{"floor":26,"key":"Matryoshka"}],"event_choices":[{"damage_healed":0,"gold_gain":0,"cards_transformed":["Strike_B"],"player_choice":"Change","damage_taken":0,"max_hp_gain":0,"max_hp_loss":0,"event_name":"Living Wall","floor":5,"gold_loss":0,"cards_obtained":["Glacier"]},{"damage_healed":0,"gold_gain":0,"player_choice":"Ignored","damage_taken":0,"max_hp_gain":0,"max_hp_loss":0,"event_name":"Vampires","floor":19,"gold_loss":0},{"cards_removed":["Aggregate"],"damage_healed":0,"gold_gain":0,"player_choice":"Gave Gold","damage_taken":0,"max_hp_gain":0,"max_hp_loss":0,"event_name":"Beggar","floor":22,"gold_loss":75},{"damage_healed":0,"gold_gain":50,"player_choice":"Stole From Cult","damage_taken":0,"max_hp_gain":0,"max_hp_loss":0,"event_name":"Nest","floor":27,"gold_loss":0}],"is_beta":false,"boss_relics":[{"not_picked":["Ectoplasm","Philosopher\u0027s Stone"],"picked":"Astrolabe"}],"items_purged_floors":[11],"is_endless":false,"potions_floor_spawned":[7,10,13,16,18],"killed_by":"Gremlin Leader","ascension_level":19}