{"gold_per_floor":[13,88,238,254,21,51,67,67],"floor_reached":8,"playtime":539,"items_purged":["Doubt"],"score":112,"play_id":"62c33ea9-98a9-42ff-a497-18397204611e","local_time":"20190511154735","is_ascension_mode":true,"campfire_choices":[],"neow_cost":"NO_GOLD","seed_source_timestamp":2752356822466116,"circlet_count":0,"master_deck":["AscendersBane","Strike_R","Strike_R","Strike_R","Strike_R","Strike_R","Defend_R","Defend_R","Defend_R","Defend_R","Bash","Demon Form","Iron Wave","Disarm","Flame Barrier","Whirlwind","Iron Wave","Disarm"],"relics":["Burning Blood","Champion Belt"],"potions_floor_usage":[6],"damage_taken":[{"damage":12,"enemies":"Small Slimes","floor":1,"turns":4},{"damage":11,"enemies":"2 Louse","floor":4,"turns":3},{"damage":9,"enemies":"Lagavulin","floor":6,"turns":7},{"damage":7,"enemies":"Cultist","floor":7,"turns":4},{"damage":42,"enemies":"3 Sentries","floor":8,"turns":6}],"seed_played":"-7988412644535031099","potions_obtained":[{"floor":4,"key":"SteroidPotion"}],"is_trial":false,"path_per_floor":["M","?","?","M","$","E","M","E"],"character_chosen":"IRONCLAD","items_purchased":["Flame Barrier","Whirlwind"],"campfire_rested":0,"item_purchase_floors":[5,5],"current_hp_per_floor":[62,51,51,46,46,43,42,0],"gold":67,"neow_bonus":"THREE_RARE_CARDS","is_prod":false,"is_daily":false,"chose_seed":false,"campfire_upgraded":0,"win_rate":0,"timestamp":1557604055,"path_taken":["M","?","?","M","$","E","M","E"],"build_version":"2019-01-23","purchased_purges":1,"victory":false,"max_hp_per_floor":[75,75,75,75,75,75,75,75],"card_choices":[{"not_picked":["Impervious","Exhume"],"picked":"Demon Form","floor":0},{"not_picked":["Perfected Strike","Sword Boomerang"],"picked":"Iron Wave","floor":1},{"not_picked":["True Grit","Thunderclap"],"picked":"Disarm","floor":4},{"not_picked":["Dropkick","Fiend Fire"],"picked":"Iron Wave","floor":6},{"not_picked":["True Grit","Anger"],"picked":"Disarm","floor":7}],"player_experience":3650047,"relics_obtained":[{"floor":6,"key":"Champion Belt"}],"event_choices":[{"damage_healed":0,"gold_gain":75,"player_choice":"Gather Gold","damage_taken":11,"max_hp_gain":0,"max_hp_loss":0,"event_name":"World of Goop","floor":2,"gold_loss":0},{"damage_healed":0,"gold_gain":150,"player_choice":"AGREE","damage_taken":0,"max_hp_gain":0,"max_hp_loss":0,"event_name":"Liars Game","floor":3,"gold_loss":0,"cards_obtained":["Doubt"]}],"is_beta":false,"boss_relics":[],"items_purged_floors":[5],"is_endless":false,"potions_floor_spawned":[4],"killed_by":"3 Sentries","ascension_level":20}