{"path_per_floor":["M","?","$","M","?","E","R","$","T","?","M","E","M","M","R","B",null,"M","M","M","?","?","R","E","M","T","$","M","M","M","E","R","B",null,"M","M","?","$","M"],"character_chosen":"THE_SILENT","items_purchased":["Caltrops","Backstab","Footwork","Strawberry","Bronze Scales"],"gold_per_floor":[119,119,7,20,20,54,54,54,79,79,93,121,138,149,149,252,252,192,210,228,228,228,228,255,267,319,23,43,55,67,95,95,192,192,202,217,217,61,76],"floor_reached":40,"campfire_rested":0,"playtime":35986,"current_hp_per_floor":[70,70,70,70,56,56,56,56,56,49,49,56,54,54,54,7,70,56,56,55,55,55,55,55,53,53,60,46,40,29,22,22,26,77,61,60,50,50,50],"items_purged":["Defend_G"],"gold":76,"play_id":"45645baf-91b1-42fb-aba2-b732c10f6241","is_prod":false,"is_daily":false,"is_ascension_mode":true,"campfire_upgraded":4,"path_taken":["M","?","$","?","?","E","R","?","T","?","?","E","M","M","R","BOSS","M","M","M","?","?","R","E","M","T","$","M","?","?","E","R","BOSS","M","?","?","$","?","E"],"build_version":"2018-01-25-PROD3","purchased_purges":1,"victory":false,"master_deck":["Defend_G","Defend_G+1","Defend_G+1","Strike_G","Survivor","Neutralize+1","Caltrops+1","Backstab","Prepared","Well Laid Plans+1","Prepared","Backflip","After Image","Calculated Gamble","Footwork+1","Backflip","Caltrops","Footwork","Backflip","Acrobatics","Prepared","Noxious Fumes+1","Burst","Distraction+1","Die Die Die+1","Deadly Poison+1","Dagger Throw+1","PiercingWail+1","Madness","Madness","Flechettes+1"],"max_hp_per_floor":[70,70,70,70,70,70,70,70,70,70,70,70,70,70,70,70,70,70,70,70,70,70,70,70,70,70,77,77,77,77,77,77,77,77,77,77,77,77,77],"relics":["Ring of the Snake","Dream Catcher","Orichalcum","Frozen Egg","Lizard Tail","Nloth\u0027s Gift","Pantograph","Ancient Tea Set","Strawberry","Prayer Wheel","Astrolabe","Bronze Scales"],"card_choices":[{"not_picked":["Sucker Punch","Slice"],"picked":"Prepared"},{"not_picked":["Cloak And Dagger","Flechettes"],"picked":"Well Laid Plans"},{"not_picked":["PiercingWail","Cloak And Dagger"],"picked":"Prepared"},{"not_picked":["Concentrate","Quick Slash"],"picked":"Backflip"},{"not_picked":["Unload","Storm of Steel"],"picked":"After Image"},{"not_picked":["Well Laid Plans","Bane"],"picked":"Calculated Gamble"},{"not_picked":["Slice","All Out Attack"],"picked":"Footwork"},{"not_picked":["Flying Knee","Well Laid Plans"],"picked":"Backflip"},{"not_picked":["Dagger Throw","Endless Agony"],"picked":"Caltrops"},{"not_picked":["Quick Slash","Deflect"],"picked":"Backflip"},{"not_picked":["Outmaneuver","Well Laid Plans"],"picked":"Acrobatics"},{"not_picked":["Cloak And Dagger","Accuracy"],"picked":"Prepared"},{"not_picked":["PiercingWail","Backflip"],"picked":"Noxious Fumes"},{"not_picked":["Die Die Die","Night Terror"],"picked":"Burst"},{"not_picked":["Dodge and Roll","Phantasmal Killer"],"picked":"Dagger Throw"},{"not_picked":["Burst","Bane"],"picked":"PiercingWail"},{"not_picked":["Infinite Blades","Cloak And Dagger"],"picked":"Flechettes"}],"player_experience":277348,"potions_floor_usage":[12,12,12,16,29,31,31,31,33],"damage_taken":[{"damage":0,"enemies":"Small Slimes","floor":1,"turns":1},{"damage":0,"enemies":"Blue Slaver","floor":4,"turns":1},{"damage":0,"enemies":"Gremlin Nob","floor":6,"turns":1},{"damage":0,"enemies":"Jaw Worm","floor":11,"turns":3},{"damage":8,"enemies":"Lagavulin","floor":12,"turns":9},{"damage":2,"enemies":"Lots of Slimes","floor":13,"turns":4},{"damage":0,"enemies":"Large Slime","floor":14,"turns":7},{"damage":47,"enemies":"Slime Boss","floor":16,"turns":22},{"damage":14,"enemies":"2 Thieves","floor":18,"turns":4},{"damage":0,"enemies":"Shell Parasite","floor":19,"turns":7},{"damage":1,"enemies":"Snake Plant","floor":20,"turns":6},{"damage":0,"enemies":"Book of Stabbing","floor":24,"turns":8},{"damage":2,"enemies":"Centurion and Healer","floor":25,"turns":15},{"damage":14,"enemies":"Snecko","floor":28,"turns":9},{"damage":6,"enemies":"Snake Plant","floor":29,"turns":4},{"damage":11,"enemies":"Centurion and Healer","floor":30,"turns":15},{"damage":7,"enemies":"Slavers","floor":31,"turns":8},{"damage":21,"enemies":"Collector","floor":33,"turns":13},{"damage":16,"enemies":"3 Darklings","floor":35,"turns":6},{"damage":1,"enemies":"3 Shapes","floor":36,"turns":7},{"damage":0,"enemies":"Maw","floor":39,"turns":10},{"damage":98,"enemies":"2 Orb Walkers","floor":40,"turns":7}],"event_choices":[{"event_name":"The Woman in Blue","player_choice":"Bought 0 Potions","floor":2,"damage_taken":0},{"event_name":"Shining Light","player_choice":"Entered Light","floor":5,"damage_taken":0},{"event_name":"Golden Wing","player_choice":"Card Removal","floor":10,"damage_taken":0},{"event_name":"N\u0027loth","player_choice":"Traded a NeowsBlessing","floor":21,"damage_taken":0},{"event_name":"Purifier","player_choice":"One Purge","floor":22,"damage_taken":0},{"event_name":"Winding Halls","player_choice":"Embrace Madness","floor":37,"damage_taken":0}],"boss_relics":[{"not_picked":["Question Card","Ectoplasm"],"picked":"Lizard Tail"},{"not_picked":["Eternal Feather","Orrery"],"picked":"Astrolabe"}],"potions_floor_spawned":[1,6,11,13,16,24,28,29,31],"seed_played":"-1800862118200632271","killed_by":"2 Orb Walkers","ascension_level":1,"is_trial":false}