{"path_per_floor":["M","M","?","M","M","R","M","R","T","M","R","M","?","$","R","B",null,"M","?","?","?","?","R","E","R","T","E","R","T","?","M","R","B",null,"M"],"character_chosen":"THE_SILENT","items_purchased":["Pantograph","A Thousand Cuts"],"gold_per_floor":[361,373,373,385,402,402,413,413,466,478,478,493,493,23,23,121,121,108,208,208,208,208,208,234,234,261,287,287,312,312,332,332,430,430,450],"floor_reached":36,"campfire_rested":4,"playtime":4197,"current_hp_per_floor":[55,55,55,43,40,40,20,38,38,37,37,37,37,37,37,60,62,56,56,56,56,56,56,29,47,47,9,27,27,27,27,45,22,53,27],"items_purged":["Strike_G"],"gold":450,"play_id":"d4b2e8db-ba21-4f06-8c85-adfaae6343bf","is_prod":false,"is_daily":false,"is_ascension_mode":true,"campfire_upgraded":4,"path_taken":["M","?","?","M","M","R","M","R","T","M","R","M","?","?","R","BOSS","M","?","?","?","?","R","E","R","T","E","R","?","?","M","R","BOSS","M","?"],"build_version":"2018-02-01-PROD3","purchased_purges":1,"victory":false,"master_deck":["Defend_G+1","Defend_G+1","Defend_G+1","Defend_G+1","Defend_G+1","Strike_G+1","Strike_G+1","Strike_G+1","Survivor","Neutralize+1","Poisoned Stab+1","Poisoned Stab","Backflip+1","Backstab+1","Backflip+1","A Thousand Cuts+1","Deadly Poison+1","Calculated Gamble","Neutralize+1","Burst","Noxious Fumes","Leg Sweep+1","Backflip"],"max_hp_per_floor":[63,63,63,63,63,63,63,63,63,63,63,63,63,63,63,63,63,63,63,63,63,63,63,63,63,63,63,63,63,63,63,63,63,63,63],"relics":["Ring of the Snake","Juzu Bracelet","Pantograph","White Beast Statue","Whetstone","Lantern","Dodecahedron","Vajra","Orrery"],"card_choices":[{"not_picked":["Outmaneuver","Calculated Gamble"],"picked":"Poisoned Stab"},{"not_picked":["Deflect","Infinite Blades"],"picked":"Poisoned Stab"},{"not_picked":["Dodge and Roll","Acrobatics"],"picked":"Backflip"},{"not_picked":["Dagger Throw","Catalyst"],"picked":"Backstab"},{"not_picked":["Flying Knee","Accuracy"],"picked":"Backflip"},{"not_picked":["Masterful Stab","Bane"],"picked":"Deadly Poison"},{"not_picked":["Prepared","Poisoned Stab"],"picked":"Calculated Gamble"},{"not_picked":["Unload","Bullet Time"],"picked":"Burst"},{"not_picked":["Quick Slash","Dagger Throw"],"picked":"Noxious Fumes"},{"not_picked":["Bouncing Flask","PiercingWail"],"picked":"Leg Sweep"},{"not_picked":["Sucker Punch","Acrobatics"],"picked":"Backflip"}],"player_experience":528902,"potions_floor_usage":[7,7,16,18,24,27,33,33,35,36],"damage_taken":[{"damage":8,"enemies":"Blue Slaver","floor":1,"turns":5},{"damage":0,"enemies":"Cultist","floor":2,"turns":6},{"damage":12,"enemies":"Jaw Worm","floor":4,"turns":7},{"damage":3,"enemies":"Looter","floor":5,"turns":3},{"damage":20,"enemies":"Exordium Wildlife","floor":7,"turns":10},{"damage":1,"enemies":"Red Slaver","floor":10,"turns":3},{"damage":0,"enemies":"3 Louse","floor":12,"turns":3},{"damage":2,"enemies":"The Guardian","floor":16,"turns":13},{"damage":6,"enemies":"2 Thieves","floor":18,"turns":4},{"damage":27,"enemies":"Gremlin Leader","floor":24,"turns":8},{"damage":38,"enemies":"Book of Stabbing","floor":27,"turns":9},{"damage":0,"enemies":"Shell Parasite","floor":31,"turns":5},{"damage":41,"enemies":"Collector","floor":33,"turns":9},{"damage":26,"enemies":"3 Darklings","floor":35,"turns":7},{"damage":33,"enemies":"Mysterious Sphere","floor":36,"turns":6}],"event_choices":[{"event_name":"Purifier","player_choice":"One Purge","floor":3,"damage_taken":0},{"event_name":"Liars Game","player_choice":"disagreed","floor":13,"damage_taken":0},{"event_name":"Golden Shrine","player_choice":"Pray","floor":19,"damage_taken":0},{"event_name":"Vampires","player_choice":"Ignored","floor":20,"damage_taken":0},{"event_name":"Drug Dealer","player_choice":"Ignored","floor":21,"damage_taken":0},{"event_name":"Back to Basics","player_choice":"Simplicity","floor":22,"damage_taken":0},{"event_name":"Duplicator","player_choice":"One dupe","floor":30,"damage_taken":0},{"event_name":"Mysterious Sphere","player_choice":"Fight","floor":36,"damage_taken":0}],"boss_relics":[{"not_picked":["Question Card","Velvet Choker"],"picked":"White Beast Statue"},{"not_picked":["Tiny House","Philosopher\u0027s Stone"],"picked":"Orrery"}],"potions_floor_spawned":[2,4,5,16,18,24,27,31,33,35],"seed_played":"-7035633041903959690","killed_by":"Mysterious Sphere","ascension_level":6,"is_trial":false}