{"gold_per_floor":[116,191,211,30,48,80,80,80,107,107,11,23,42,42,42,42],"floor_reached":16,"playtime":1793,"items_purged":[],"score":100,"play_id":"04a9b7e5-abe1-48a5-a6d7-e102855b6551","local_time":"20190717075135","is_ascension_mode":false,"campfire_choices":[{"data":"Reaper","floor":8,"key":"SMITH"},{"floor":10,"key":"REST"},{"data":"Searing Blow","floor":15,"key":"SMITH"}],"neow_cost":"NONE","seed_source_timestamp":291804404895829,"circlet_count":0,"master_deck":["Strike_R","Strike_R","Strike_R","Strike_R","Strike_R","Defend_R","Defend_R","Defend_R","Defend_R","Bash","Searing Blow+1","Cleave","Reaper+1","Heavy Blade","Battle Trance","Bandage Up+1","Shrug It Off","Headbutt"],"relics":["Burning Blood","Boot","Regal Pillow"],"potions_floor_usage":[16],"damage_taken":[{"damage":2,"enemies":"2 Louse","floor":1,"turns":4},{"damage":7,"enemies":"Cultist","floor":3,"turns":5},{"damage":2,"enemies":"Small Slimes","floor":5,"turns":4},{"damage":74,"enemies":"Gremlin Nob","floor":6,"turns":6},{"damage":15,"enemies":"Gremlin Gang","floor":12,"turns":7},{"damage":6,"enemies":"3 Louse","floor":13,"turns":3},{"damage":103,"enemies":"The Guardian","floor":16,"turns":14}],"seed_played":"-1216432410344781597","potions_obtained":[{"floor":1,"key":"GamblersBrew"},{"floor":12,"key":"EssenceOfSteel"},{"floor":13,"key":"Explosive Potion"}],"is_trial":false,"path_per_floor":["M","?","M","$","M","E","?","R","T","R","$","M","M","?","R","B"],"character_chosen":"IRONCLAD","items_purchased":["Reaper","Heavy Blade","Bandage Up"],"campfire_rested":1,"item_purchase_floors":[4,4,11],"current_hp_per_floor":[88,77,76,76,84,20,25,25,25,66,66,71,86,86,86,0],"gold":42,"neow_bonus":"TEN_PERCENT_HP_BONUS","is_prod":false,"is_daily":false,"chose_seed":false,"campfire_upgraded":2,"win_rate":0.0,"timestamp":1563367895,"path_taken":["M","?","M","$","M","E","?","R","T","R","$","?","M","?","R","BOSS"],"build_version":"2019-07-05","purchased_purges":0,"victory":false,"max_hp_per_floor":[88,88,88,88,88,88,88,88,88,88,88,88,88,88,88,88],"card_choices":[{"not_picked":["Power Through","Shockwave"],"picked":"Searing Blow","floor":1},{"not_picked":["Sword Boomerang","Combust"],"picked":"Cleave","floor":3},{"not_picked":["True Grit","Body Slam"],"picked":"Battle Trance","floor":5},{"not_picked":["Dual Wield","Sever Soul"],"picked":"Headbutt","floor":6},{"not_picked":["Metallicize","Reckless Charge"],"picked":"Shrug It Off","floor":12},{"not_picked":["Shockwave","True Grit"],"picked":"Headbutt","floor":13}],"player_experience":56146,"relics_obtained":[{"floor":6,"key":"Boot"},{"floor":9,"key":"Regal Pillow"}],"event_choices":[{"damage_healed":0,"gold_gain":75,"player_choice":"Gather Gold","damage_taken":11,"max_hp_gain":0,"max_hp_loss":0,"event_name":"World of Goop","floor":2,"gold_loss":0},{"cards_removed":["Headbutt"],"damage_healed":5,"gold_gain":0,"player_choice":"Offered Common","damage_taken":0,"max_hp_gain":0,"max_hp_loss":0,"event_name":"Bonfire Elementals","floor":7,"gold_loss":0},{"cards_removed":["Headbutt"],"damage_healed":5,"gold_gain":0,"player_choice":"Offered Special","damage_taken":0,"max_hp_gain":0,"max_hp_loss":0,"event_name":"Bonfire Elementals","floor":7,"gold_loss":0},{"damage_healed":0,"gold_gain":0,"player_choice":"Forge","damage_taken":0,"max_hp_gain":0,"max_hp_loss":0,"event_name":"Accursed Blacksmith","floor":14,"gold_loss":0,"cards_upgraded":["Bandage Up"]}],"is_beta":false,"boss_relics":[],"items_purged_floors":[],"is_endless":false,"potions_floor_spawned":[1,12,13],"killed_by":"The Guardian","ascension_level":0}