{"gold_per_floor":[364,539,22,32,32,67,67,99,99,99,117,117,141,160,160,253,253,267,292,391,391,46,46,46],"floor_reached":24,"playtime":1593,"items_purged":["Doubt","Strike_R"],"score":337,"play_id":"bbaecb63-686c-4bfa-a838-a805fe88091a","local_time":"20190124115951","is_ascension_mode":true,"campfire_choices":[{"floor":7,"key":"REST"},{"data":"Bash","floor":10,"key":"SMITH"},{"data":"Armaments","floor":15,"key":"SMITH"},{"floor":23,"key":"REST"}],"neow_cost":"CURSE","seed_source_timestamp":870175656794903,"circlet_count":0,"master_deck":["AscendersBane","Strike_R","Strike_R","Strike_R","Strike_R","Defend_R","Defend_R","Defend_R","Defend_R","Bash+1","Perfected Strike","Whirlwind","Battle Trance","Evolve","Feel No Pain","True Grit","Armaments+1","Fiend Fire","Body Slam","J.A.X.","Shrug It Off"],"relics":["Burning Blood","Ice Cream","Pear","StoneCalendar","Mercury Hourglass","Golden Idol","Cursed Key","Blood Vial"],"potions_floor_usage":[6,8,16,16,19,24],"damage_taken":[{"damage":18,"enemies":"Small Slimes","floor":1,"turns":5},{"damage":14,"enemies":"Jaw Worm","floor":4,"turns":5},{"damage":36,"enemies":"Gremlin Nob","floor":6,"turns":4},{"damage":18,"enemies":"Lagavulin","floor":8,"turns":6},{"damage":0,"enemies":"2 Louse","floor":11,"turns":1},{"damage":6,"enemies":"Blue Slaver","floor":13,"turns":3},{"damage":18,"enemies":"Exordium Wildlife","floor":14,"turns":6},{"damage":34,"enemies":"Hexaghost","floor":16,"turns":10},{"damage":16,"enemies":"Shell Parasite","floor":18,"turns":6},{"damage":22,"enemies":"2 Thieves","floor":19,"turns":2},{"damage":71,"enemies":"Book of Stabbing","floor":24,"turns":6}],"seed_played":"1479160998167072015","potions_obtained":[{"floor":6,"key":"Block Potion"},{"floor":8,"key":"SteroidPotion"},{"floor":11,"key":"SteroidPotion"},{"floor":14,"key":"BloodPotion"},{"floor":18,"key":"Fire Potion"}],"is_trial":false,"path_per_floor":["M","?","$","M","?","E","R","E","T","R","M","?","M","M","R","B",null,"M","M","?","?","$","R","E"],"character_chosen":"IRONCLAD","items_purchased":["Ice Cream","Whirlwind","Poison Potion","Shrug It Off","PowerPotion","Blood Vial"],"campfire_rested":2,"item_purchase_floors":[3,3,3,22,22,22],"current_hp_per_floor":[60,60,60,52,45,25,52,40,40,40,46,46,46,34,34,14,66,56,40,40,40,40,64,0],"gold":46,"neow_bonus":"TWO_FIFTY_GOLD","is_prod":false,"is_daily":false,"chose_seed":false,"campfire_upgraded":2,"win_rate":0,"timestamp":1548349191,"path_taken":["M","?","$","M","?","E","R","E","T","R","M","?","?","M","R","BOSS","M","M","?","?","$","R","E"],"build_version":"2019-01-23","purchased_purges":2,"victory":false,"max_hp_per_floor":[80,80,80,80,80,90,90,90,90,90,90,83,83,83,83,83,83,83,83,83,83,83,83,83],"card_choices":[{"not_picked":["Warcry","Wild Strike"],"picked":"Perfected Strike","floor":1},{"not_picked":["Blood for Blood","Dropkick"],"picked":"Battle Trance","floor":4},{"not_picked":["Wild Strike","Clash"],"picked":"Evolve","floor":6},{"not_picked":["Double Tap","Wild Strike"],"picked":"Feel No Pain","floor":8},{"not_picked":["Bloodletting","Searing Blow"],"picked":"True Grit","floor":11},{"not_picked":["Bloodletting","Cleave","Headbutt"],"picked":"SKIP","floor":13},{"not_picked":["Thunderclap","Pommel Strike"],"picked":"Armaments","floor":14},{"not_picked":["Dark Embrace","Bludgeon"],"picked":"Fiend Fire","floor":16},{"not_picked":["Heavy Blade+1","Shockwave","Sword Boomerang"],"picked":"SKIP","floor":18},{"not_picked":["Cleave","Combust"],"picked":"Body Slam","floor":19}],"player_experience":2970728,"relics_obtained":[{"floor":6,"key":"Pear"},{"floor":8,"key":"StoneCalendar"},{"floor":9,"key":"Mercury Hourglass"}],"event_choices":[{"damage_healed":0,"gold_gain":175,"player_choice":"AGREE","damage_taken":0,"max_hp_gain":0,"max_hp_loss":0,"event_name":"Liars Game","floor":2,"gold_loss":0,"cards_obtained":["Doubt"]},{"cards_removed":["Doubt"],"damage_healed":0,"gold_gain":0,"player_choice":"Card Removal","damage_taken":7,"max_hp_gain":0,"max_hp_loss":0,"event_name":"Golden Wing","floor":5,"gold_loss":0},{"damage_healed":0,"gold_gain":0,"player_choice":"Lose Max HP","damage_taken":0,"relics_obtained":["Golden Idol"],"max_hp_gain":0,"max_hp_loss":7,"event_name":"Golden Idol","floor":12,"gold_loss":0},{"damage_healed":0,"gold_gain":99,"player_choice":"Stole From Cult","damage_taken":0,"max_hp_gain":0,"max_hp_loss":0,"event_name":"Nest","floor":20,"gold_loss":0},{"damage_healed":0,"gold_gain":0,"player_choice":"Obtain J.A.X.","damage_taken":0,"max_hp_gain":0,"max_hp_loss":0,"event_name":"Drug Dealer","floor":21,"gold_loss":0,"cards_obtained":["J.A.X."]}],"is_beta":false,"boss_relics":[{"not_picked":["Ectoplasm","Coffee Dripper"],"picked":"Cursed Key"}],"items_purged_floors":[3,22],"is_endless":false,"potions_floor_spawned":[6,8,11,14,18],"killed_by":"Book of Stabbing","ascension_level":13}