{"gold_per_floor":[10,23,23,35,47,47,47,47,92,104,145,107,119,143,155,238,250,276,6,6,21,21,51,51,76,130,130,164,181,181,32,32,109,109,126,126,143,5,0,25,25,42,89,89,89,89,89,89,89,89],"floor_reached":51,"playtime":5981,"items_purged":["Anger"],"score":1142,"play_id":"b27905bd-17c3-422b-b7a0-f85c4bb6426c","local_time":"20190129182831","is_ascension_mode":true,"campfire_choices":[{"data":"Hemokinesis","floor":6,"key":"SMITH"},{"data":"Iron Wave","floor":8,"key":"SMITH"},{"data":"Iron Wave","floor":10,"key":"SMITH"},{"data":"Shrug It Off","floor":15,"key":"SMITH"},{"data":"Spot Weakness","floor":24,"key":"SMITH"},{"data":"Shockwave","floor":30,"key":"SMITH"},{"data":"Feel No Pain","floor":32,"key":"SMITH"},{"data":"Demon Form","floor":41,"key":"SMITH"},{"data":"Iron Wave","floor":44,"key":"SMITH"},{"floor":47,"key":"RECALL"},{"floor":49,"key":"REST"}],"neow_cost":"NO_GOLD","seed_source_timestamp":1321087912539916,"circlet_count":0,"master_deck":["AscendersBane","Strike_R+1","Strike_R+1","Defend_R+1","Defend_R+1","Defend_R+1","Bash+1","Reaper+1","Twin Strike+1","Iron Wave+1","Iron Wave+1","Hemokinesis+1","Shrug It Off+1","Juggernaut+1","True Grit+1","Corruption+1","Battle Trance+1","Carnage+1","Iron Wave+1","True Grit+1","Spot Weakness+1","Shockwave+1","Feel No Pain+1","Demon Form+1","Exhume+1","Sword Boomerang+1","Power Through+1","Writhe"],"relics":["Burning Blood","Strawberry","MawBank","Mercury Hourglass","Snecko Eye","Singing Bowl","StoneCalendar","Juzu Bracelet","Letter Opener","Philosopher\u0027s Stone","Red Mask","Pen Nib","Centennial Puzzle","Mark of the Bloom"],"potions_floor_usage":[5,25,29,50,50,50,50],"damage_taken":[{"damage":9,"enemies":"2 Louse","floor":1,"turns":3},{"damage":5,"enemies":"Small Slimes","floor":2,"turns":4},{"damage":6,"enemies":"Cultist","floor":4,"turns":3},{"damage":15,"enemies":"Lots of Slimes","floor":5,"turns":4},{"damage":32,"enemies":"Lagavulin","floor":11,"turns":5},{"damage":4,"enemies":"Looter","floor":14,"turns":3},{"damage":33,"enemies":"The Guardian","floor":16,"turns":16},{"damage":2,"enemies":"Spheric Guardian","floor":18,"turns":3},{"damage":0,"enemies":"Chosen","floor":21,"turns":4},{"damage":11,"enemies":"Slavers","floor":23,"turns":5},{"damage":25,"enemies":"Book of Stabbing","floor":25,"turns":5},{"damage":23,"enemies":"Slavers","floor":28,"turns":6},{"damage":14,"enemies":"Sentry and Sphere","floor":29,"turns":5},{"damage":13,"enemies":"Collector","floor":33,"turns":8},{"damage":5,"enemies":"Orb Walker","floor":35,"turns":4},{"damage":13,"enemies":"3 Darklings","floor":37,"turns":4},{"damage":25,"enemies":"Nemesis","floor":40,"turns":6},{"damage":0,"enemies":"4 Shapes","floor":42,"turns":5},{"damage":12,"enemies":"Time Eater","floor":50,"turns":7}],"seed_played":"3827746989320582317","potions_obtained":[{"floor":1,"key":"LiquidBronze"},{"floor":11,"key":"Block Potion"},{"floor":16,"key":"SmokeBomb"},{"floor":22,"key":"LiquidBronze"},{"floor":25,"key":"SpeedPotion"},{"floor":33,"key":"EntropicBrew"},{"floor":40,"key":"EssenceOfSteel"}],"is_trial":false,"path_per_floor":["M","M","?","M","M","R","?","R","T","R","E","?","?","M","R","B",null,"M","$","?","M","?","E","R","E","T","?","E","M","R","$","R","B",null,"M","?","M","$","?","E","R","M","T","R","?","?","R","?","R","B",null],"character_chosen":"IRONCLAD","items_purchased":["Corruption","Battle Trance","Carnage","Strength Potion","Feel No Pain","Exhume"],"campfire_rested":1,"item_purchase_floors":[19,19,19,19,31,38],"current_hp_per_floor":[77,80,80,80,80,80,75,75,75,75,49,49,32,40,40,13,69,73,73,73,85,85,86,86,76,76,76,77,83,83,83,83,88,90,93,93,95,95,95,76,76,95,95,95,95,95,95,95,95,83],"gold":89,"neow_bonus":"THREE_RARE_CARDS","is_prod":false,"is_daily":false,"chose_seed":false,"campfire_upgraded":9,"win_rate":0,"timestamp":1548804511,"path_taken":["M","M","?","M","M","R","?","R","T","R","E","?","?","M","R","BOSS","M","$","?","M","?","E","R","E","T","?","E","M","R","?","R","BOSS","M","?","M","$","?","E","R","M","T","R","?","?","R","?","R","BOSS"],"build_version":"2019-01-23","purchased_purges":1,"victory":true,"max_hp_per_floor":[80,80,80,80,80,80,87,87,87,87,87,87,87,87,87,87,87,87,87,87,87,87,87,87,89,89,89,89,91,91,91,91,91,91,93,93,95,95,95,95,95,95,95,95,95,95,95,95,95,95],"card_choices":[{"not_picked":["Dark Embrace","Limit Break"],"picked":"Reaper","floor":0},{"not_picked":["Rupture","Fire Breathing"],"picked":"Twin Strike","floor":1},{"not_picked":["Clothesline","Cleave"],"picked":"Iron Wave","floor":2},{"not_picked":["Body Slam","Brutality"],"picked":"Iron Wave","floor":4},{"not_picked":["Warcry","Burning Pact"],"picked":"Hemokinesis","floor":5},{"not_picked":["Hemokinesis","Intimidate","Flex"],"picked":"SKIP","floor":11},{"not_picked":["True Grit","Reckless Charge"],"picked":"Shrug It Off","floor":14},{"not_picked":["Impervious","Brutality"],"picked":"Juggernaut","floor":16},{"not_picked":["Fire Breathing","Cleave"],"picked":"True Grit+1","floor":18},{"not_picked":["Pummel","Clothesline"],"picked":"True Grit+1","floor":21},{"not_picked":["Reckless Charge","Hemokinesis"],"picked":"Spot Weakness","floor":23},{"not_picked":["Hemokinesis","Berserk","Anger"],"picked":"Singing Bowl","floor":25},{"not_picked":["Iron Wave","Burning Pact"],"picked":"Shockwave","floor":28},{"not_picked":["Evolve","Thunderclap","Warcry"],"picked":"Singing Bowl","floor":29},{"not_picked":["Double Tap","Exhume"],"picked":"Demon Form","floor":33},{"not_picked":["Thunderclap+1","Twin Strike","Burning Pact"],"picked":"Singing Bowl","floor":35},{"not_picked":["Pommel Strike","Thunderclap","Shockwave"],"picked":"Singing Bowl","floor":37},{"not_picked":["Iron Wave","Feel No Pain"],"picked":"Sword Boomerang+1","floor":40},{"not_picked":["Anger","Havoc"],"picked":"Power Through","floor":42}],"player_experience":2985783,"relics_obtained":[{"floor":9,"key":"MawBank"},{"floor":11,"key":"Mercury Hourglass"},{"floor":23,"key":"Singing Bowl"},{"floor":25,"key":"StoneCalendar"},{"floor":26,"key":"Juzu Bracelet"},{"floor":28,"key":"Letter Opener"},{"floor":40,"key":"Pen Nib"},{"floor":43,"key":"Centennial Puzzle"}],"event_choices":[{"damage_healed":0,"gold_gain":0,"player_choice":"Grow","damage_taken":0,"max_hp_gain":0,"max_hp_loss":0,"event_name":"Living Wall","floor":3,"gold_loss":0,"cards_upgraded":["Bash"]},{"damage_healed":0,"gold_gain":0,"player_choice":"Success","damage_taken":12,"relics_obtained":["Strawberry"],"max_hp_gain":0,"max_hp_loss":0,"event_name":"Scrap Ooze","floor":7,"gold_loss":0},{"cards_removed":["Strike_R"],"damage_healed":0,"gold_gain":0,"player_choice":"Card Removal","damage_taken":0,"max_hp_gain":0,"max_hp_loss":0,"event_name":"The Cleric","floor":12,"gold_loss":50},{"damage_healed":0,"gold_gain":0,"player_choice":"Entered Light","damage_taken":17,"max_hp_gain":0,"max_hp_loss":0,"event_name":"Shining Light","floor":13,"gold_loss":0,"cards_upgraded":["Defend_R","Defend_R"]},{"damage_healed":0,"gold_gain":0,"cards_transformed":["Strike_R","Strike_R"],"player_choice":"Became Test Subject","damage_taken":0,"max_hp_gain":0,"max_hp_loss":0,"event_name":"Drug Dealer","floor":20,"gold_loss":0,"cards_obtained":["Iron Wave","Corruption"]},{"damage_healed":0,"gold_gain":0,"player_choice":"Got Potions","damage_taken":0,"max_hp_gain":0,"max_hp_loss":0,"event_name":"Lab","floor":22,"gold_loss":0},{"damage_healed":0,"gold_gain":0,"cards_transformed":["Corruption"],"player_choice":"Transformed","damage_taken":0,"max_hp_gain":0,"max_hp_loss":0,"event_name":"Transmorgrifier","floor":27,"gold_loss":0,"cards_obtained":["Anger"]},{"cards_removed":["Defend_R"],"damage_healed":0,"gold_gain":0,"player_choice":"Removed Skill","damage_taken":0,"max_hp_gain":0,"max_hp_loss":0,"event_name":"Falling","floor":36,"gold_loss":0},{"damage_healed":0,"gold_gain":0,"player_choice":"Paid","damage_taken":0,"relics_obtained":["Red Mask"],"max_hp_gain":0,"max_hp_loss":0,"event_name":"Tomb of Lord Red Mask","floor":39,"gold_loss":5},{"damage_healed":0,"gold_gain":0,"player_choice":"Upgrade","damage_taken":0,"relics_obtained":["Mark of the Bloom"],"max_hp_gain":0,"max_hp_loss":0,"event_name":"MindBloom","floor":45,"gold_loss":0,"cards_upgraded":["Strike_R","Strike_R","Defend_R","Defend_R","Reaper","Twin Strike","Juggernaut","Corruption","Battle Trance","Carnage","Exhume","Power Through"]},{"damage_healed":0,"gold_gain":0,"player_choice":"Ignored","damage_taken":0,"max_hp_gain":0,"max_hp_loss":0,"event_name":"Mysterious Sphere","floor":46,"gold_loss":0},{"damage_healed":24,"gold_gain":0,"player_choice":"Writhe","damage_taken":0,"max_hp_gain":0,"max_hp_loss":0,"event_name":"Winding Halls","floor":48,"gold_loss":0,"cards_obtained":["Writhe"]}],"is_beta":false,"boss_relics":[{"not_picked":["Ectoplasm","Orrery"],"picked":"Snecko Eye"},{"not_picked":["Eternal Feather","Pandora\u0027s Box"],"picked":"Philosopher\u0027s Stone"}],"items_purged_floors":[31],"is_endless":false,"potions_floor_spawned":[1,11,16,21,25,33,37,40,42],"ascension_level":13}