{"gold_per_floor":[111,130,8,8,8,8,25,25,49,49,81,98,98],"floor_reached":13,"playtime":575,"items_purged":["Strike_B"],"score":137,"play_id":"5328f6d8-8122-4514-8b74-3a65eb33d37f","local_time":"20190221114829","is_ascension_mode":true,"campfire_choices":[{"data":"Zap","floor":6,"key":"SMITH"},{"data":"Defragment","floor":8,"key":"SMITH"}],"neow_cost":"NONE","seed_source_timestamp":754099046819442,"circlet_count":0,"master_deck":["AscendersBane","Strike_B","Strike_B","Defend_B","Defend_B","Defend_B","Defend_B","Zap+1","Dualcast","Trip","Defragment+1","Genetic Algorithm","Rebound","Darkness","Go for the Eyes"],"relics":["Cracked Core","Orichalcum","Bottled Flame"],"potions_floor_usage":[],"damage_taken":[{"damage":0,"enemies":"Cultist","floor":1,"turns":3},{"damage":0,"enemies":"2 Louse","floor":2,"turns":1},{"damage":9,"enemies":"Small Slimes","floor":7,"turns":3},{"damage":25,"enemies":"Lagavulin","floor":11,"turns":6},{"damage":14,"enemies":"2 Fungi Beasts","floor":12,"turns":3},{"damage":20,"enemies":"3 Sentries","floor":13,"turns":3}],"seed_played":"-7467504263464792784","potions_obtained":[{"floor":11,"key":"FocusPotion"}],"is_trial":false,"path_per_floor":["M","M","$","?","$","R","M","R","T","?","E","M","E"],"character_chosen":"DEFECT","items_purchased":["Rebound"],"campfire_rested":0,"item_purchase_floors":[3],"current_hp_per_floor":[68,68,68,68,68,68,59,59,59,59,34,20,0],"gold":98,"neow_bonus":"RANDOM_COLORLESS","is_prod":false,"is_daily":false,"chose_seed":false,"campfire_upgraded":2,"win_rate":0,"timestamp":1550767709,"path_taken":["M","M","$","?","?","R","M","R","T","?","E","M","E"],"build_version":"2019-01-23","purchased_purges":1,"victory":false,"max_hp_per_floor":[75,75,75,75,75,75,75,75,75,75,75,75,75],"card_choices":[{"not_picked":["Ball Lightning","Streamline"],"picked":"Defragment","floor":1},{"not_picked":["Coolheaded","Streamline"],"picked":"Genetic Algorithm","floor":2},{"not_picked":["Compile Driver","Beam Cell"],"picked":"Darkness","floor":7},{"not_picked":["Steam Power","Redo"],"picked":"Go for the Eyes","floor":11},{"not_picked":["Go for the Eyes","Gash","Scrape"],"picked":"SKIP","floor":12}],"player_experience":3034635,"relics_obtained":[{"floor":9,"key":"Orichalcum"},{"floor":11,"key":"Bottled Flame"}],"event_choices":[{"cards_removed":["Strike_B"],"damage_healed":0,"gold_gain":0,"player_choice":"Offered Basic","damage_taken":0,"max_hp_gain":0,"max_hp_loss":0,"event_name":"Bonfire Elementals","floor":4,"gold_loss":0},{"damage_healed":0,"gold_gain":0,"player_choice":"Ignored","damage_taken":0,"max_hp_gain":0,"max_hp_loss":0,"event_name":"Liars Game","floor":10,"gold_loss":0}],"is_beta":false,"boss_relics":[],"items_purged_floors":[3],"is_endless":false,"potions_floor_spawned":[11],"killed_by":"3 Sentries","ascension_level":13}