{"gold_per_floor":[111,131,4,17,27,27,39,39,64,25,56,71,98,117,117,212,212,224,243,261,261,2,2,30,30],"floor_reached":25,"playtime":3098,"items_purged":[],"score":235,"play_id":"f6d2ed95-4f80-455f-acef-89969a710793","local_time":"20190710183333","is_ascension_mode":false,"campfire_choices":[{"data":"Armaments","floor":6,"key":"SMITH"},{"floor":8,"key":"REST"},{"floor":15,"key":"REST"},{"floor":23,"key":"REST"}],"neow_cost":"NONE","seed_source_timestamp":10787004840907,"circlet_count":0,"master_deck":["Strike_R+1","Strike_R+1","Strike_R","Strike_R","Strike_R","Defend_R","Defend_R","Defend_R","Defend_R","Bash","Armaments+1","Uppercut","Dual Wield","Mind Blast","Flame Barrier","Blood for Blood","Heavy Blade","Thunderclap","Metallicize","Headbutt","Metallicize","Inflame","Rage","Feed","Armaments","Dual Wield","Seeing Red+1","RitualDagger","Apotheosis","Finesse","Juggernaut"],"relics":["Burning Blood","Bag of Preparation","Whetstone","PreservedInsect","Eternal Feather","Bronze Scales"],"potions_floor_usage":[18],"damage_taken":[{"damage":8,"enemies":"Cultist","floor":1,"turns":5},{"damage":2,"enemies":"2 Louse","floor":2,"turns":4},{"damage":0,"enemies":"Small Slimes","floor":4,"turns":3},{"damage":9,"enemies":"Blue Slaver","floor":5,"turns":4},{"damage":40,"enemies":"Gremlin Gang","floor":7,"turns":6},{"damage":30,"enemies":"Lagavulin","floor":11,"turns":7},{"damage":0,"enemies":"Looter","floor":12,"turns":5},{"damage":16,"enemies":"3 Sentries","floor":13,"turns":7},{"damage":9,"enemies":"3 Louse","floor":14,"turns":4},{"damage":43,"enemies":"Hexaghost","floor":16,"turns":12},{"damage":21,"enemies":"Shell Parasite","floor":18,"turns":10},{"damage":14,"enemies":"Chosen","floor":19,"turns":7},{"damage":23,"enemies":"Snecko","floor":20,"turns":6},{"damage":61,"enemies":"Book of Stabbing","floor":24,"turns":7},{"damage":33,"enemies":"3 Cultists","floor":25,"turns":5}],"seed_played":"-3810113403306040536","potions_obtained":[{"floor":4,"key":"EssenceOfSteel"},{"floor":5,"key":"Ancient Potion"},{"floor":11,"key":"Ancient Potion"},{"floor":18,"key":"EntropicBrew"}],"is_trial":false,"path_per_floor":["M","M","$","M","M","R","M","R","T","$","E","M","E","M","R","B",null,"M","M","M","?","$","R","E","M"],"character_chosen":"IRONCLAD","items_purchased":["Mind Blast","Flame Barrier","Metallicize","Apotheosis","Finesse"],"campfire_rested":3,"item_purchase_floors":[3,3,10,22,22],"current_hp_per_floor":[78,80,80,80,77,77,43,67,67,67,43,49,39,36,60,23,80,65,57,44,38,38,81,26,0],"gold":30,"neow_bonus":"THREE_CARDS","is_prod":false,"is_daily":false,"chose_seed":false,"campfire_upgraded":1,"win_rate":0,"timestamp":1562776413,"path_taken":["M","M","?","M","?","R","M","R","T","?","E","M","E","M","R","BOSS","M","M","M","?","$","R","E","M"],"build_version":"2019-07-05","purchased_purges":0,"victory":false,"max_hp_per_floor":[80,80,80,80,80,80,80,80,80,80,80,80,80,80,80,80,80,80,80,84,84,84,84,84,84],"card_choices":[{"not_picked":["Headbutt","Clothesline"],"picked":"Armaments","floor":0},{"not_picked":["Body Slam","Flex"],"picked":"Uppercut","floor":1},{"not_picked":["Pummel","Perfected Strike"],"picked":"Dual Wield","floor":2},{"not_picked":["Burning Pact","Clash"],"picked":"Blood for Blood","floor":4},{"not_picked":["Perfected Strike","Wild Strike"],"picked":"Heavy Blade","floor":5},{"not_picked":["Fire Breathing","Headbutt"],"picked":"Thunderclap","floor":7},{"not_picked":["Clothesline","Carnage"],"picked":"Headbutt","floor":11},{"not_picked":["Bludgeon","Pommel Strike"],"picked":"Metallicize","floor":12},{"not_picked":["Perfected Strike","Blood for Blood"],"picked":"Inflame","floor":13},{"not_picked":["Flame Barrier","Cleave"],"picked":"Rage","floor":14},{"not_picked":["Fiend Fire","Reaper"],"picked":"Feed","floor":16},{"not_picked":["Perfected Strike","Shrug It Off"],"picked":"Armaments","floor":18},{"not_picked":["Sever Soul","Blood for Blood"],"picked":"Dual Wield","floor":19},{"not_picked":["Corruption+1","True Grit"],"picked":"Seeing Red+1","floor":20},{"not_picked":["Body Slam+1","Uppercut"],"picked":"Juggernaut","floor":24}],"player_experience":56847,"relics_obtained":[{"floor":9,"key":"Bag of Preparation"},{"floor":11,"key":"Whetstone"},{"floor":13,"key":"PreservedInsect"},{"floor":24,"key":"Bronze Scales"}],"event_choices":[{"damage_healed":0,"gold_gain":0,"player_choice":"Joined the Cult","damage_taken":6,"max_hp_gain":0,"max_hp_loss":0,"event_name":"Nest","floor":21,"gold_loss":0,"cards_obtained":["RitualDagger"]}],"is_beta":false,"boss_relics":[{"not_picked":["Lizard Tail","White Beast Statue"],"picked":"Eternal Feather"}],"items_purged_floors":[],"is_endless":false,"potions_floor_spawned":[4,5,11,14,18],"killed_by":"3 Cultists","ascension_level":0}