{"gold_per_floor":[116,116,116,41,61,88,100,118,118,134,144,177,177,233,233,233],"floor_reached":16,"playtime":1050,"items_purged":["Regret"],"score":129,"play_id":"af00c534-79e3-4073-9c3e-6c01eda838e3","local_time":"20190717213502","is_ascension_mode":true,"campfire_choices":[{"floor":13,"key":"REST"},{"floor":15,"key":"REST"}],"neow_cost":"NONE","seed_source_timestamp":10974009033643,"circlet_count":0,"master_deck":["Strike_G","Strike_G","Strike_G","Strike_G","Strike_G","Defend_G","Defend_G","Defend_G","Defend_G","Survivor","Neutralize","Backflip","Die Die Die","Acrobatics","Deflect","Dagger Spray","Dash","PiercingWail"],"relics":["Ring of the Snake","Ancient Tea Set","Shovel","Paper Crane","Regal Pillow","Singing Bowl"],"potions_floor_usage":[12,12,16],"damage_taken":[{"damage":0,"enemies":"Small Slimes","floor":1,"turns":3},{"damage":1,"enemies":"2 Louse","floor":5,"turns":2},{"damage":32,"enemies":"3 Sentries","floor":6,"turns":10},{"damage":0,"enemies":"Cultist","floor":7,"turns":3},{"damage":0,"enemies":"3 Louse","floor":8,"turns":3},{"damage":0,"enemies":"Large Slime","floor":10,"turns":6},{"damage":0,"enemies":"Red Slaver","floor":11,"turns":7},{"damage":34,"enemies":"Lagavulin","floor":12,"turns":10},{"damage":53,"enemies":"Lagavulin Event","floor":14,"turns":10},{"damage":52,"enemies":"Slime Boss","floor":16,"turns":8}],"seed_played":"-5963191050465706070","potions_obtained":[{"floor":1,"key":"LiquidBronze"},{"floor":5,"key":"SkillPotion"},{"floor":6,"key":"Regen Potion"},{"floor":10,"key":"Swift Potion"}],"is_trial":false,"path_per_floor":["M","?","?","$","M","E","M","M","T","M","M","E","R","?","R","B"],"character_chosen":"THE_SILENT","items_purchased":[],"campfire_rested":2,"item_purchase_floors":[],"current_hp_per_floor":[77,77,77,77,76,44,44,44,44,44,44,25,63,10,48,0],"gold":233,"neow_bonus":"TEN_PERCENT_HP_BONUS","is_prod":false,"is_daily":false,"chose_seed":false,"campfire_upgraded":0,"win_rate":0,"timestamp":1563392102,"path_taken":["M","?","?","$","M","E","M","M","T","M","M","E","R","?","R","BOSS"],"build_version":"2019-07-05","purchased_purges":1,"victory":false,"max_hp_per_floor":[77,77,77,77,77,77,77,77,77,77,77,77,77,77,77,77],"card_choices":[{"not_picked":["Reflex","Terror"],"picked":"Backflip","floor":1},{"not_picked":["Underhanded Strike","Prepared"],"picked":"Acrobatics","floor":5},{"not_picked":["Sucker Punch","Endless Agony"],"picked":"Deflect","floor":6},{"not_picked":["Underhanded Strike","Outmaneuver"],"picked":"Dagger Spray","floor":7},{"not_picked":["Slice","Predator","Riddle With Holes"],"picked":"SKIP","floor":8},{"not_picked":["Blade Dance","Dagger Throw","Backstab"],"picked":"SKIP","floor":10},{"not_picked":["Bane","Finisher"],"picked":"Dash","floor":11},{"not_picked":["Backstab","Quick Slash","Infinite Blades"],"picked":"SKIP","floor":12},{"not_picked":["Envenom","Slice"],"picked":"PiercingWail","floor":14}],"player_experience":138592,"relics_obtained":[{"floor":6,"key":"Shovel"},{"floor":9,"key":"Paper Crane"},{"floor":12,"key":"Regal Pillow"},{"floor":14,"key":"Singing Bowl"}],"event_choices":[{"damage_healed":0,"gold_gain":0,"cards_transformed":["Defend_G"],"player_choice":"Change","damage_taken":0,"max_hp_gain":0,"max_hp_loss":0,"event_name":"Living Wall","floor":2,"gold_loss":0,"cards_obtained":["Die Die Die"]},{"damage_healed":0,"gold_gain":0,"player_choice":"Box","damage_taken":0,"relics_obtained":["Ancient Tea Set"],"max_hp_gain":0,"max_hp_loss":0,"event_name":"Big Fish","floor":3,"gold_loss":0,"cards_obtained":["Regret"]},{"damage_healed":0,"gold_gain":30,"player_choice":"Searched \u00273\u0027 times","damage_taken":0,"max_hp_gain":0,"max_hp_loss":0,"event_name":"Dead Adventurer","floor":14,"gold_loss":0}],"is_beta":false,"boss_relics":[],"items_purged_floors":[4],"is_endless":false,"potions_floor_spawned":[1,5,6,10],"killed_by":"Slime Boss","ascension_level":3}