{"gold_per_floor":[111,26,46,60,60,92,92,103,129,149,324,324,343,359,359,454,454,470,470,72,72,22,22,56,56,79,79],"floor_reached":27,"playtime":1214,"items_purged":["Strike_R","Strike_R+1"],"score":300,"play_id":"6a3253b6-488c-45c5-8511-a378756cea19","local_time":"20181206101327","is_ascension_mode":true,"campfire_choices":[{"data":"Bash","floor":7,"key":"SMITH"},{"data":"Shockwave","floor":12,"key":"SMITH"},{"data":"Inflame","floor":15,"key":"SMITH"},{"floor":23,"key":"REST"},{"floor":25,"key":"REST"}],"neow_cost":"NONE","seed_source_timestamp":1942716636421818,"circlet_count":0,"master_deck":["Defend_R+1","Defend_R+1","Defend_R+1","Defend_R+1","Bash+1","Sword Boomerang+1","Reckless Charge","Rampage","Carnage","Twin Strike","Shockwave+1","Seeing Red","Doubt","Inflame+1","Demon Form","Entrench","Brutality","Feel No Pain","Armaments","True Grit"],"relics":["Burning Blood","NeowsBlessing","Smiling Mask","Juzu Bracelet","Runic Cube","Red Skull","Whetstone","PreservedInsect","Blood Vial"],"potions_floor_usage":[6,6,16,24,24,27],"damage_taken":[{"damage":0,"enemies":"Cultist","floor":1,"turns":1},{"damage":0,"enemies":"Jaw Worm","floor":3,"turns":1},{"damage":0,"enemies":"Small Slimes","floor":4,"turns":1},{"damage":20,"enemies":"Lagavulin","floor":6,"turns":4},{"damage":4,"enemies":"Exordium Wildlife","floor":8,"turns":3},{"damage":4,"enemies":"Exordium Thugs","floor":10,"turns":3},{"damage":8,"enemies":"Large Slime","floor":13,"turns":3},{"damage":3,"enemies":"2 Fungi Beasts","floor":14,"turns":3},{"damage":38,"enemies":"Hexaghost","floor":16,"turns":9},{"damage":34,"enemies":"Shell Parasite","floor":18,"turns":4},{"damage":67,"enemies":"Gremlin Leader","floor":24,"turns":9},{"damage":55,"enemies":"Slavers","floor":27,"turns":7}],"seed_played":"-8844160251898793828","potions_obtained":[{"floor":1,"key":"Swift Potion"},{"floor":4,"key":"Explosive Potion"},{"floor":10,"key":"Strength Potion"},{"floor":14,"key":"Block Potion"},{"floor":16,"key":"FearPotion"},{"floor":18,"key":"Regen Potion"},{"floor":24,"key":"BloodPotion"}],"is_trial":false,"path_per_floor":["M","$","M","M","?","E","R","M","T","M","?","R","M","M","R","B",null,"M","?","$","?","$","R","E","R","T","E"],"character_chosen":"IRONCLAD","items_purchased":["Reckless Charge","Fire Potion","Red Skull","Whetstone","Armaments"],"campfire_rested":2,"item_purchase_floors":[2,2,20,20,20],"current_hp_per_floor":[78,78,80,80,80,66,66,68,68,70,70,70,68,71,71,39,70,42,42,42,42,42,66,20,44,44,0],"gold":79,"neow_bonus":"THREE_ENEMY_KILL","is_prod":false,"is_daily":false,"chose_seed":false,"campfire_upgraded":3,"win_rate":0,"timestamp":1544109207,"path_taken":["M","$","M","?","?","E","R","M","T","M","?","R","M","M","R","BOSS","M","?","$","?","?","R","E","R","T","E"],"build_version":"2018-11-15","purchased_purges":2,"victory":false,"max_hp_per_floor":[80,80,80,80,80,80,80,80,80,80,80,80,80,80,80,80,80,80,80,80,80,80,80,80,80,80,80],"card_choices":[{"not_picked":["Corruption","Flex"],"picked":"Sword Boomerang","floor":1},{"not_picked":["Blood for Blood","Burning Pact"],"picked":"Rampage","floor":3},{"not_picked":["Anger","Thunderclap"],"picked":"Carnage","floor":4},{"not_picked":["Metallicize","Berserk"],"picked":"Shockwave","floor":6},{"not_picked":["Intimidate","Iron Wave","Anger"],"picked":"SKIP","floor":8},{"not_picked":["Power Through","Twin Strike"],"picked":"Seeing Red","floor":10},{"not_picked":["Second Wind","Flex","Clothesline"],"picked":"SKIP","floor":13},{"not_picked":["Sword Boomerang","Warcry"],"picked":"Inflame","floor":14},{"not_picked":["Limit Break","Brutality"],"picked":"Demon Form","floor":16},{"not_picked":["Burning Pact","Shockwave"],"picked":"Entrench","floor":18},{"not_picked":["Hemokinesis","Ghostly Armor+1"],"picked":"True Grit","floor":24}],"player_experience":2685809,"relics_obtained":[{"floor":6,"key":"Smiling Mask"},{"floor":9,"key":"Juzu Bracelet"},{"floor":24,"key":"PreservedInsect"},{"floor":26,"key":"Blood Vial"}],"event_choices":[{"damage_healed":0,"gold_gain":0,"cards_transformed":["Strike_R"],"player_choice":"Change","damage_taken":0,"max_hp_gain":0,"max_hp_loss":0,"event_name":"Living Wall","floor":5,"gold_loss":0,"cards_obtained":["Twin Strike"]},{"damage_healed":0,"gold_gain":175,"player_choice":"AGREE","damage_taken":0,"max_hp_gain":0,"max_hp_loss":0,"event_name":"Liars Game","floor":11,"gold_loss":0,"cards_obtained":["Doubt"]},{"damage_healed":0,"gold_gain":0,"cards_transformed":["Strike_R","Strike_R"],"player_choice":"Became Test Subject","damage_taken":0,"max_hp_gain":0,"max_hp_loss":0,"event_name":"Drug Dealer","floor":19,"gold_loss":0,"cards_obtained":["Brutality","Feel No Pain"]},{"damage_healed":0,"gold_gain":0,"player_choice":"Simplicity","damage_taken":0,"max_hp_gain":0,"max_hp_loss":0,"event_name":"Back to Basics","floor":21,"gold_loss":0,"cards_upgraded":["Defend_R","Defend_R","Defend_R","Defend_R"]}],"is_beta":false,"boss_relics":[{"not_picked":["White Beast Statue","Busted Crown"],"picked":"Runic Cube"}],"items_purged_floors":[20,22],"is_endless":false,"potions_floor_spawned":[1,4,10,14,16,18,24],"killed_by":"Slavers","ascension_level":6}