{"gold_per_floor":[117,217,38,53,128,128,155,155,226,176,176,33,46,65,65,168,168,181,191,116,215,395,395,415,415,415,434,127,127,13,46,46,141,141,155,155,155,86,86,86,18,52,97,97,197,197,48,63,63,63],"floor_reached":51,"playtime":3299,"items_purged":["Strike_B"],"score":1034,"play_id":"fb2df4ba-d93d-4d2a-82e8-7cd4e484bcb9","local_time":"20190130110311","is_ascension_mode":true,"campfire_choices":[{"data":"Zap","floor":6,"key":"SMITH"},{"data":"Self Repair","floor":8,"key":"SMITH"},{"data":"White Noise","floor":11,"key":"SMITH"},{"data":"Blizzard","floor":15,"key":"SMITH"},{"data":"Creative AI","floor":23,"key":"SMITH"},{"data":"Capacitor","floor":25,"key":"SMITH"},{"data":"Stack","floor":29,"key":"SMITH"},{"floor":32,"key":"REST"},{"data":"Defragment","floor":40,"key":"SMITH"},{"data":"Loop","floor":44,"key":"SMITH"},{"data":"Storm","floor":46,"key":"SMITH"},{"floor":49,"key":"REST"}],"neow_cost":"NONE","seed_source_timestamp":46000103579006,"circlet_count":0,"master_deck":["AscendersBane","Defend_B","Defend_B","Defend_B","Zap+1","Dualcast","Self Repair+1","White Noise+1","Cold Snap","Sunder","Rebound","Blizzard+1","Creative AI+1","Glacier+1","Hello World+1","Rip and Tear+1","Glacier","Fusion+1","Capacitor+1","Stack+1","Echo Form","Loop+1","Leap","Chaos+1","Electrodynamics","Conserve Battery+1","Blind","Finesse","Panache","Defragment+1","Storm+1","Stack","Redo+1","Cold Snap+1"],"relics":["Cracked Core","Regal Pillow","Orichalcum","Shuriken","DataDisk","Astrolabe","Mummified Hand","Bronze Scales","PreservedInsect","Sozu","Molten Egg 2","Juzu Bracelet","Du-Vu Doll","Lantern"],"potions_floor_usage":[16,31,33,45],"damage_taken":[{"damage":0,"enemies":"Cultist","floor":1,"turns":4},{"damage":0,"enemies":"Small Slimes","floor":4,"turns":3},{"damage":31,"enemies":"Gremlin Nob","floor":7,"turns":4},{"damage":2,"enemies":"Jaw Worm","floor":13,"turns":3},{"damage":10,"enemies":"Exordium Thugs","floor":14,"turns":5},{"damage":33,"enemies":"Slime Boss","floor":16,"turns":9},{"damage":13,"enemies":"2 Thieves","floor":18,"turns":5},{"damage":0,"enemies":"Spheric Guardian","floor":19,"turns":6},{"damage":17,"enemies":"Chosen and Byrds","floor":24,"turns":8},{"damage":2,"enemies":"Snecko","floor":27,"turns":5},{"damage":32,"enemies":"Slavers","floor":31,"turns":5},{"damage":9,"enemies":"Champ","floor":33,"turns":10},{"damage":0,"enemies":"Orb Walker","floor":35,"turns":3},{"damage":33,"enemies":"Nemesis","floor":42,"turns":5},{"damage":0,"enemies":"Mind Bloom Boss Battle","floor":45,"turns":6},{"damage":0,"enemies":"3 Shapes","floor":48,"turns":2},{"damage":32,"enemies":"Donu and Deca","floor":50,"turns":5}],"seed_played":"-5253466391965760552","potions_obtained":[{"floor":1,"key":"LiquidBronze"},{"floor":7,"key":"Dexterity Potion"},{"floor":16,"key":"Dexterity Potion"},{"floor":31,"key":"Explosive Potion"}],"is_trial":false,"path_per_floor":["M","?","$","M","?","R","E","R","T","?","R","$","M","M","R","B",null,"M","M","$","?","?","R","M","R","T","M","$","R","$","E","R","B",null,"M","?","?","$","?","R","$","E","T","R","?","R","$","M","R","B",null],"character_chosen":"DEFECT","items_purchased":["White Noise","Cold Snap","DataDisk","Capacitor","Echo Form","Bronze Scales","Loop","Leap","Defragment","Storm","Lantern"],"campfire_rested":2,"item_purchase_floors":[3,3,12,20,28,28,30,30,38,41,47],"current_hp_per_floor":[68,68,68,75,64,64,33,33,33,33,33,33,41,41,41,18,61,58,68,68,68,47,47,40,40,40,48,48,48,48,26,63,64,72,75,75,65,65,65,65,65,42,42,42,52,52,52,52,75,53],"gold":63,"neow_bonus":"RANDOM_COMMON_RELIC","is_prod":false,"is_daily":false,"chose_seed":false,"campfire_upgraded":10,"win_rate":0,"timestamp":1548864191,"path_taken":["M","?","?","M","?","R","E","R","T","?","R","$","M","?","R","BOSS","M","M","$","?","?","R","?","R","T","M","$","R","?","E","R","BOSS","M","?","?","$","?","R","$","E","T","R","?","R","$","M","R","BOSS"],"build_version":"2019-01-23","purchased_purges":1,"victory":true,"max_hp_per_floor":[75,75,75,75,75,75,75,75,75,75,75,75,75,75,75,75,75,75,75,75,75,75,75,75,75,75,75,75,75,75,75,75,75,75,75,75,75,75,75,75,75,75,75,75,75,75,75,75,75,75],"card_choices":[{"not_picked":["Gash","Undo"],"picked":"Self Repair","floor":1},{"not_picked":["Leap","Stack"],"picked":"Sunder","floor":4},{"not_picked":["Redo","Compile Driver"],"picked":"Rebound","floor":7},{"not_picked":["Go for the Eyes","Cold Snap"],"picked":"Streamline","floor":13},{"not_picked":["Chaos","Turbo"],"picked":"Blizzard","floor":14},{"not_picked":["Biased Cognition","Rainbow"],"picked":"Creative AI","floor":16},{"not_picked":["Auto Shields","Beam Cell"],"picked":"Glacier","floor":18},{"not_picked":["Rebound","BootSequence"],"picked":"Fusion+1","floor":19},{"not_picked":["Rebound","Go for the Eyes","Turbo"],"picked":"SKIP","floor":24},{"not_picked":["Loop","BootSequence"],"picked":"Stack","floor":27},{"not_picked":["Streamline","Sweeping Beam"],"picked":"Chaos+1","floor":31},{"not_picked":["Core Surge","Meteor Strike"],"picked":"Electrodynamics","floor":33},{"not_picked":["Fusion+1","Streamline+1"],"picked":"Conserve Battery+1","floor":35},{"not_picked":["HandOfGreed","Sadistic Nature"],"picked":"Blind","floor":37},{"not_picked":["Transmutation","Swift Strike"],"picked":"Finesse","floor":37},{"not_picked":["Discovery","Enlightenment"],"picked":"Panache","floor":37},{"not_picked":["Reinforced Body+1","Steam"],"picked":"Stack","floor":42},{"not_picked":["Aggregate+1","Turbo+1"],"picked":"Redo+1","floor":45},{"not_picked":["Genetic Algorithm+1","Coolheaded"],"picked":"Cold Snap+1","floor":48}],"player_experience":2998912,"relics_obtained":[{"floor":7,"key":"Orichalcum"},{"floor":9,"key":"Shuriken"},{"floor":26,"key":"Mummified Hand"},{"floor":31,"key":"PreservedInsect"},{"floor":42,"key":"Molten Egg 2"},{"floor":43,"key":"Juzu Bracelet"},{"floor":45,"key":"Du-Vu Doll"}],"event_choices":[{"damage_healed":0,"gold_gain":100,"player_choice":"Pray","damage_taken":0,"max_hp_gain":0,"max_hp_loss":0,"event_name":"Golden Shrine","floor":2,"gold_loss":0},{"damage_healed":0,"gold_gain":75,"player_choice":"Gather Gold","damage_taken":11,"max_hp_gain":0,"max_hp_loss":0,"event_name":"World of Goop","floor":5,"gold_loss":0},{"cards_removed":["Strike_B"],"damage_healed":0,"gold_gain":0,"player_choice":"Card Removal","damage_taken":0,"max_hp_gain":0,"max_hp_loss":0,"event_name":"The Cleric","floor":10,"gold_loss":50},{"damage_healed":0,"gold_gain":99,"player_choice":"Stole From Cult","damage_taken":0,"max_hp_gain":0,"max_hp_loss":0,"event_name":"Nest","floor":21,"gold_loss":0},{"damage_healed":0,"gold_gain":180,"player_choice":"GOLD GOLD ","damage_taken":21,"max_hp_gain":0,"max_hp_loss":0,"event_name":"Knowing Skull","floor":22,"potions_obtained":[],"gold_loss":0,"cards_obtained":[]},{"cards_removed":["Streamline"],"damage_healed":0,"gold_gain":0,"player_choice":"Removed Attack","damage_taken":0,"max_hp_gain":0,"max_hp_loss":0,"event_name":"Falling","floor":36,"gold_loss":0},{"damage_healed":0,"gold_gain":0,"player_choice":"Memory 3","damage_taken":10,"max_hp_gain":0,"max_hp_loss":0,"event_name":"SensoryStone","floor":37,"gold_loss":0},{"damage_healed":0,"gold_gain":0,"player_choice":"Ignored","damage_taken":0,"max_hp_gain":0,"max_hp_loss":0,"event_name":"Tomb of Lord Red Mask","floor":39,"gold_loss":0},{"damage_healed":0,"gold_gain":0,"player_choice":"Fight","damage_taken":0,"max_hp_gain":0,"max_hp_loss":0,"event_name":"MindBloom","floor":45,"gold_loss":0}],"is_beta":false,"boss_relics":[{"not_picked":["White Beast Statue","Black Star"],"picked":"Astrolabe"},{"not_picked":["Eternal Feather","Fusion Hammer"],"picked":"Sozu"}],"items_purged_floors":[3],"is_endless":false,"potions_floor_spawned":[1,7,14,16,18,27,31,42,45,48],"ascension_level":11}