{"gold_per_floor":[113,113,127,127,103,130,130,130,185,219,233,252,252,265,265,365,365,379,391,402,317,331,364,378,437,437,462,480,37,37,56,56,157,157,176,190,10,10,29,57,57,57,57,57,75,75,101,119,119,119,119,119,59,94,94],"floor_reached":55,"playtime":3539,"items_purged":["Gash"],"score":934,"play_id":"734893a8-a624-4e05-87b2-68414221e2d2","local_time":"20190718225714","is_ascension_mode":true,"campfire_choices":[{"floor":7,"key":"REST"},{"floor":13,"key":"REST"},{"data":"Electrodynamics","floor":15,"key":"SMITH"},{"floor":30,"key":"REST"},{"floor":32,"key":"REST"},{"floor":42,"key":"RECALL"},{"floor":44,"key":"REST"},{"data":"Hologram","floor":46,"key":"SMITH"},{"data":"Consume","floor":49,"key":"SMITH"},{"data":"Coolheaded","floor":52,"key":"SMITH"}],"neow_cost":"NONE","seed_source_timestamp":12034858068254,"circlet_count":0,"master_deck":["Zap+1","Dualcast+1","Auto Shields","Rebound","Hologram","Electrodynamics+1","Undo","Steam","White Noise","Hologram","Lockon","Seek","Fission","FTL+1","Streamline+1","Self Repair","Reinforced Body","Reinforced Body","Recycle+1","Capacitor","Capacitor+1","Skim","Rebound+1","Conserve Battery","Static Discharge","Hologram+1","Defragment+1","Static Discharge+1","Storm+1","Capacitor+1","Consume+1","Conserve Battery+1","Echo Form+1","Storm+1","Capacitor+1","Static Discharge+1","Heatsinks+1","Panache+1","Discovery","Deep Breath","Undo+1","Steam","Coolheaded+1","Storm+1","Turbo+1","Coolheaded+1"],"relics":["Black Star","Dodecahedron","Matryoshka","Gremlin Horn","The Courier","Bottled Tornado","Pandora\u0027s Box","Potion Belt","PreservedInsect","Oddly Smooth Stone","Lantern","Tiny Chest","Dream Catcher","DataDisk","Vajra","Frozen Egg 2","Runic Pyramid","Juzu Bracelet","Blood Vial","Regal Pillow","Mercury Hourglass","Anchor","Bag of Marbles","Whetstone"],"potions_floor_usage":[22,24,24,25,50,50,55],"damage_taken":[{"damage":1,"enemies":"Cultist","floor":1,"turns":4},{"damage":1,"enemies":"Small Slimes","floor":3,"turns":4},{"damage":46,"enemies":"Gremlin Nob","floor":6,"turns":6},{"damage":16,"enemies":"3 Sentries","floor":10,"turns":3},{"damage":1,"enemies":"Jaw Worm","floor":11,"turns":4},{"damage":3,"enemies":"Looter","floor":12,"turns":4},{"damage":0,"enemies":"Lots of Slimes","floor":14,"turns":1},{"damage":0,"enemies":"Slime Boss","floor":16,"turns":6},{"damage":1,"enemies":"Chosen","floor":18,"turns":4},{"damage":0,"enemies":"3 Byrds","floor":19,"turns":2},{"damage":21,"enemies":"Snecko","floor":20,"turns":5},{"damage":24,"enemies":"Shelled Parasite and Fungi","floor":22,"turns":9},{"damage":35,"enemies":"Book of Stabbing","floor":23,"turns":7},{"damage":14,"enemies":"Chosen and Byrds","floor":24,"turns":5},{"damage":0,"enemies":"Gremlin Leader","floor":25,"turns":5},{"damage":4,"enemies":"Cultist and Chosen","floor":28,"turns":5},{"damage":8,"enemies":"Snake Plant","floor":31,"turns":5},{"damage":14,"enemies":"Collector","floor":33,"turns":5},{"damage":6,"enemies":"3 Darklings","floor":35,"turns":4},{"damage":0,"enemies":"Orb Walker","floor":36,"turns":4},{"damage":10,"enemies":"Writhing Mass","floor":39,"turns":4},{"damage":18,"enemies":"Reptomancer","floor":40,"turns":2},{"damage":0,"enemies":"Transient","floor":45,"turns":5},{"damage":22,"enemies":"Giant Head","floor":47,"turns":5},{"damage":8,"enemies":"Spire Growth","floor":48,"turns":3},{"damage":55,"enemies":"Awakened One","floor":50,"turns":8},{"damage":18,"enemies":"Shield and Spear","floor":54,"turns":2},{"damage":61,"enemies":"The Heart","floor":55,"turns":2}],"seed_played":"1607127253255779135","potions_obtained":[{"floor":1,"key":"Block Potion"},{"floor":6,"key":"Fire Potion"},{"floor":11,"key":"Dexterity Potion"},{"floor":22,"key":"AttackPotion"},{"floor":23,"key":"Weak Potion"},{"floor":25,"key":"LiquidBronze"},{"floor":33,"key":"Regen Potion"},{"floor":35,"key":"AttackPotion"},{"floor":40,"key":"Regen Potion"}],"is_trial":false,"path_per_floor":["M","?","M","?","$","E","R","?","T","E","M","M","R","M","R","B",null,"M","M","M","?","M","E","M","E","T","T","M","$","R","M","R","B",null,"M","M","$","?","M","E","$","R","T","R","M","R","E","M","R","B",null,"R","$","E","B"],"character_chosen":"DEFECT","items_purchased":["Hologram","Frozen Egg 2","Defragment+1","Static Discharge+1","Storm+1","Capacitor+1","Capacitor+1","Static Discharge+1","Heatsinks+1"],"campfire_rested":5,"item_purchase_floors":[5,29,29,29,29,29,37,37,37],"current_hp_per_floor":[74,59,58,58,58,12,34,34,34,18,17,14,36,36,36,36,75,75,75,61,61,44,16,9,9,9,9,12,12,34,33,55,41,75,75,75,75,65,62,44,44,44,44,75,75,75,53,47,47,11,75,75,75,57,0],"gold":94,"neow_bonus":"BOSS_RELIC","is_prod":false,"is_daily":false,"chose_seed":false,"campfire_upgraded":4,"win_rate":0,"timestamp":1563483434,"path_taken":["M","?","M","?","?","E","R","?","T","E","M","M","R","M","R","BOSS","M","?","M","?","M","E","M","E","T","?","M","$","R","M","R","BOSS","M","M","$","?","M","E","$","R","T","R","M","R","E","M","R","BOSS","R","$","E","BOSS"],"build_version":"2019-07-17","purchased_purges":1,"victory":false,"max_hp_per_floor":[75,75,75,75,75,75,75,75,75,75,75,75,75,75,75,75,75,75,75,75,75,75,75,75,75,75,75,75,75,75,75,75,75,75,75,75,75,75,75,75,75,75,75,75,75,75,75,75,75,75,75,75,75,75,75],"card_choices":[{"not_picked":["Rebound","Tempest"],"picked":"Auto Shields","floor":1},{"not_picked":["Steam","Reinforced Body"],"picked":"Rebound","floor":3},{"not_picked":["Go for the Eyes","Heatsinks"],"picked":"Electrodynamics","floor":6},{"not_picked":["Melter","Steam Power"],"picked":"Steam","floor":10},{"not_picked":["Cold Snap","Steam"],"picked":"White Noise","floor":11},{"not_picked":["Coolheaded","Double Energy"],"picked":"Hologram","floor":12},{"not_picked":["Stack","Force Field"],"picked":"Lockon","floor":14},{"not_picked":["Rainbow","Machine Learning"],"picked":"Seek","floor":16},{"not_picked":["Blizzard","Stack"],"picked":"Recycle+1","floor":18},{"not_picked":["Sweeping Beam+1","Streamline"],"picked":"Capacitor","floor":19},{"not_picked":["Glacier","Lockon"],"picked":"Capacitor+1","floor":20},{"not_picked":["Compile Driver","Leap"],"picked":"Skim","floor":22},{"not_picked":["Genetic Algorithm","Hello World"],"picked":"Rebound+1","floor":23},{"not_picked":["Rebound+1","Ball Lightning"],"picked":"Conserve Battery","floor":24},{"not_picked":["Tempest","FTL"],"picked":"Static Discharge","floor":25},{"not_picked":["Steam","Turbo"],"picked":"Hologram","floor":28},{"not_picked":["Beam Cell","Rainbow"],"picked":"Consume","floor":31},{"not_picked":["Redo+1","Reinforced Body"],"picked":"Conserve Battery+1","floor":32},{"not_picked":["All For One","Core Surge"],"picked":"Echo Form+1","floor":33},{"not_picked":["Gash","Beam Cell","Blizzard+1"],"picked":"SKIP","floor":35},{"not_picked":["FTL","Static Discharge+1"],"picked":"Storm+1","floor":36},{"not_picked":["Flash of Steel","Enlightenment"],"picked":"Panache+1","floor":38},{"not_picked":["Metamorphosis","Panacea"],"picked":"Discovery","floor":38},{"not_picked":["Flash of Steel","Trip"],"picked":"Deep Breath","floor":38},{"not_picked":["Rebound+1","Turbo"],"picked":"Undo+1","floor":39},{"not_picked":["FTL","Cold Snap"],"picked":"Steam","floor":40},{"not_picked":["Consume","Compile Driver"],"picked":"Coolheaded","floor":44},{"not_picked":["Sweeping Beam+1","Undo"],"picked":"Storm+1","floor":45},{"not_picked":["Streamline+1","Beam Cell","Ball Lightning"],"picked":"SKIP","floor":47},{"not_picked":["Streamline+1","Gash+1"],"picked":"Turbo+1","floor":48},{"not_picked":["Barrage","Conserve Battery+1"],"picked":"Coolheaded+1","floor":54}],"player_experience":155910,"relics_obtained":[{"floor":6,"key":"Dodecahedron"},{"floor":6,"key":"Matryoshka"},{"floor":9,"key":"Gremlin Horn"},{"floor":10,"key":"The Courier"},{"floor":10,"key":"Bottled Tornado"},{"floor":23,"key":"PreservedInsect"},{"floor":23,"key":"Oddly Smooth Stone"},{"floor":25,"key":"Lantern"},{"floor":25,"key":"Tiny Chest"},{"floor":26,"key":"Dream Catcher"},{"floor":26,"key":"DataDisk"},{"floor":27,"key":"Vajra"},{"floor":40,"key":"Juzu Bracelet"},{"floor":40,"key":"Blood Vial"},{"floor":43,"key":"Regal Pillow"},{"floor":47,"key":"Mercury Hourglass"},{"floor":47,"key":"Anchor"},{"floor":54,"key":"Bag of Marbles"},{"floor":54,"key":"Whetstone"}],"event_choices":[{"damage_healed":0,"gold_gain":0,"player_choice":"Entered Light","damage_taken":15,"max_hp_gain":0,"max_hp_loss":0,"event_name":"Shining Light","floor":2,"gold_loss":0,"cards_upgraded":["Defend_B","Dualcast"]},{"damage_healed":0,"gold_gain":0,"player_choice":"Grow","damage_taken":0,"max_hp_gain":0,"max_hp_loss":0,"event_name":"Living Wall","floor":4,"gold_loss":0,"cards_upgraded":["Zap"]},{"damage_healed":0,"gold_gain":0,"cards_transformed":["Defend_B"],"player_choice":"Transformed","damage_taken":0,"max_hp_gain":0,"max_hp_loss":0,"event_name":"Transmorgrifier","floor":8,"gold_loss":0,"cards_obtained":["Undo"]},{"damage_healed":0,"gold_gain":0,"player_choice":"Obtained Relic","damage_taken":0,"relics_obtained":["Potion Belt"],"max_hp_gain":0,"max_hp_loss":0,"event_name":"Addict","floor":21,"gold_loss":85},{"damage_healed":0,"gold_gain":0,"player_choice":"Memory 3","damage_taken":10,"max_hp_gain":0,"max_hp_loss":0,"event_name":"SensoryStone","floor":38,"gold_loss":0}],"is_beta":false,"boss_relics":[{"not_picked":["Nuclear Battery","Ectoplasm"],"picked":"Pandora\u0027s Box"},{"not_picked":["Tiny House","Runic Dome"],"picked":"Runic Pyramid"}],"items_purged_floors":[53],"is_endless":false,"potions_floor_spawned":[1,6,11,14,22,23,25,33,35,40,48],"killed_by":"The Heart","ascension_level":2}