{"gold_per_floor":[114,129,129,129,144,144,159,174,174,186,213,225,267,294,306,418,430,457,469,481,493,55,85,100,100,125,125,140,170,170,200,200,300,300,315,330,30,30,45,75,75,105,155,185,200,230,230,30,30,30],"floor_reached":51,"playtime":4300,"items_purged":["Writhe","Normality"],"score":848,"play_id":"cd496aca-4461-4609-a28e-944b84bcf0cb","local_time":"20181114023454","daily_mods":["Heirloom","Red Cards","Elite Swarm"],"is_ascension_mode":false,"campfire_choices":[{"data":"Dual Wield","floor":6,"key":"SMITH"},{"data":"Dagger Spray","floor":10,"key":"SMITH"},{"data":"Anger","floor":12,"key":"SMITH"},{"data":"Demon Form","floor":15,"key":"SMITH"},{"floor":25,"key":"REST"},{"data":"Wraith Form v2","floor":27,"key":"SMITH"},{"data":"Bullet Time","floor":30,"key":"SMITH"},{"data":"Envenom","floor":32,"key":"SMITH"},{"floor":41,"key":"DIG"},{"floor":49,"key":"DIG"}],"neow_cost":"","seed_source_timestamp":9710864560977,"circlet_count":0,"master_deck":["Defend_G+1","Defend_G","Defend_G+1","Defend_G","Defend_G","Strike_G","Strike_G+1","Strike_G","Strike_G","Strike_G","Survivor","Neutralize","Backflip+1","PiercingWail","Dual Wield+1","Dagger Spray+1","Anger+1","Demon Form+1","Wraith Form v2+1","PiercingWail","Reaper","PiercingWail+1","Bullet Time+1","Reaper","Envenom+1","Immolate","Wild Strike+1","Spot Weakness","Blur+1","Outmaneuver+1","Double Tap","Regret","Doubt"],"special_seed":17849,"relics":["Ring of the Snake","FossilizedHelix","MawBank","Bronze Scales","Cursed Key","Calipers","Ginger","Prayer Wheel","Omamori","Unceasing Top","War Paint","Eternal Feather","Shovel","Tingsha","Oddly Smooth Stone","Paper Crane","Regal Pillow","Pantograph","Dream Catcher","Kunai"],"potions_floor_usage":[13,16,18,23,31,40,46,50,50,50],"damage_taken":[{"damage":0,"enemies":"2 Louse","floor":1,"turns":4},{"damage":0,"enemies":"Jaw Worm","floor":2,"turns":5},{"damage":0,"enemies":"Cultist","floor":5,"turns":4},{"damage":0,"enemies":"2 Fungi Beasts","floor":7,"turns":5},{"damage":7,"enemies":"Large Slime","floor":8,"turns":10},{"damage":0,"enemies":"Blue Slaver","floor":11,"turns":5},{"damage":4,"enemies":"3 Sentries","floor":13,"turns":6},{"damage":2,"enemies":"Exordium Thugs","floor":14,"turns":4},{"damage":0,"enemies":"Slime Boss","floor":16,"turns":5},{"damage":12,"enemies":"2 Thieves","floor":18,"turns":3},{"damage":26,"enemies":"Gremlin Leader","floor":23,"turns":5},{"damage":21,"enemies":"Shell Parasite","floor":24,"turns":7},{"damage":1,"enemies":"Sentry and Sphere","floor":28,"turns":5},{"damage":12,"enemies":"Book of Stabbing","floor":29,"turns":6},{"damage":0,"enemies":"Slavers","floor":31,"turns":6},{"damage":61,"enemies":"Collector","floor":33,"turns":10},{"damage":25,"enemies":"3 Shapes","floor":35,"turns":7},{"damage":15,"enemies":"Orb Walker","floor":36,"turns":4},{"damage":29,"enemies":"Writhing Mass","floor":39,"turns":8},{"damage":9,"enemies":"Nemesis","floor":40,"turns":9},{"damage":64,"enemies":"Reptomancer","floor":42,"turns":9},{"damage":67,"enemies":"Giant Head","floor":44,"turns":10},{"damage":15,"enemies":"3 Darklings","floor":45,"turns":7},{"damage":44,"enemies":"Nemesis","floor":46,"turns":11},{"damage":43,"enemies":"Time Eater","floor":50,"turns":13}],"seed_played":"3344532573171370413","potions_obtained":[{"floor":1,"key":"Fire Potion"},{"floor":7,"key":"GhostInAJar"},{"floor":11,"key":"SteroidPotion"},{"floor":29,"key":"EssenceOfSteel"},{"floor":39,"key":"GhostInAJar"},{"floor":44,"key":"FearPotion"},{"floor":45,"key":"SkillPotion"},{"floor":46,"key":"EssenceOfSteel"}],"is_trial":false,"path_per_floor":["M","M","?","?","M","R","M","M","T","R","M","R","E","M","R","B",null,"M","?","$","?","$","E","M","R","T","R","M","E","R","E","R","B",null,"M","M","$","?","M","E","R","E","T","E","M","E","?","$","R","B",null],"character_chosen":"THE_SILENT","items_purchased":["Ginger","Regen Potion","Shovel","Poison Potion","Energy Potion"],"campfire_rested":1,"item_purchase_floors":[22,22,37,48,48],"current_hp_per_floor":[70,70,56,61,61,61,61,54,54,54,54,54,50,48,48,48,75,63,49,49,49,49,37,26,50,50,50,49,47,47,68,68,23,80,71,69,69,69,53,80,80,80,80,56,62,36,80,80,80,80],"gold":30,"neow_bonus":"","is_prod":false,"is_daily":true,"chose_seed":false,"campfire_upgraded":7,"win_rate":0,"timestamp":1542180894,"path_taken":["M","M","?","?","M","R","M","?","T","R","M","R","E","?","R","BOSS","M","?","$","?","?","E","?","R","T","R","M","E","R","E","R","BOSS","M","M","$","?","?","E","R","E","T","E","M","E","?","?","R","BOSS"],"build_version":"2018-11-08","purchased_purges":2,"victory":true,"max_hp_per_floor":[70,70,70,75,75,75,75,75,75,75,75,75,75,75,75,75,75,75,80,80,80,80,80,80,80,80,80,80,80,80,80,80,80,80,80,80,80,80,80,80,80,80,80,80,80,80,80,80,80,80],"card_choices":[{"not_picked":["Intimidate","Slice"],"picked":"Backflip","floor":1},{"not_picked":["Catalyst","Skewer"],"picked":"PiercingWail","floor":2},{"not_picked":["Anger","Ghostly Armor"],"picked":"Dual Wield","floor":5},{"not_picked":["Prepared","Corruption","Reckless Charge"],"picked":"SKIP","floor":7},{"not_picked":["Clash","Dodge and Roll"],"picked":"Dagger Spray","floor":8},{"not_picked":["Flex","Clash"],"picked":"Anger","floor":11},{"not_picked":["Glass Knife","Venomology"],"picked":"Demon Form","floor":13},{"not_picked":["Armaments","Flex","Deflect"],"picked":"SKIP","floor":14},{"not_picked":["Night Terror","Offering"],"picked":"Wraith Form v2","floor":16},{"not_picked":["Dodge and Roll","Iron Wave"],"picked":"PiercingWail","floor":18},{"not_picked":["Berserk","Phantasmal Killer"],"picked":"Reaper","floor":23},{"not_picked":["Pommel Strike","Blood for Blood","Clash+1"],"picked":"SKIP","floor":24},{"not_picked":["Prepared+1","Evolve","Skewer"],"picked":"SKIP","floor":24},{"not_picked":["Body Slam","Warcry"],"picked":"PiercingWail+1","floor":28},{"not_picked":["Shockwave","Backflip"],"picked":"Bullet Time","floor":28},{"not_picked":["Grand Finale","Phantasmal Killer"],"picked":"Reaper","floor":29},{"not_picked":["Dark Embrace","Grand Finale"],"picked":"Envenom","floor":31},{"not_picked":["After Image","Demon Form"],"picked":"Immolate","floor":33},{"not_picked":["Dodge and Roll","Slice"],"picked":"Wild Strike+1","floor":35},{"not_picked":["Quick Slash+1","Pommel Strike+1"],"picked":"Spot Weakness","floor":35},{"not_picked":["Twin Strike+1","Dagger Throw+1"],"picked":"Blur+1","floor":36},{"not_picked":["Outmaneuver","Headbutt","Dodge and Roll"],"picked":"SKIP","floor":36},{"not_picked":["Metallicize","Burst"],"picked":"Outmaneuver+1","floor":39},{"not_picked":["Sentinel+1","Slice+1","Sucker Punch+1"],"picked":"SKIP","floor":39},{"not_picked":["Brutality","Envenom"],"picked":"Double Tap","floor":40},{"not_picked":["Doppelganger","Bludgeon","After Image"],"picked":"SKIP","floor":42},{"not_picked":["A Thousand Cuts","Juggernaut","Feed"],"picked":"SKIP","floor":44},{"not_picked":["Warcry","Acrobatics","Catalyst+1"],"picked":"SKIP","floor":45},{"not_picked":["Cleave+1","Finisher+1","Wild Strike"],"picked":"SKIP","floor":45},{"not_picked":["Storm of Steel","Tools of the Trade","Bullet Time"],"picked":"SKIP","floor":46}],"player_experience":2284115,"relics_obtained":[{"floor":9,"key":"MawBank"},{"floor":13,"key":"Bronze Scales"},{"floor":23,"key":"Prayer Wheel"},{"floor":26,"key":"Omamori"},{"floor":29,"key":"Unceasing Top"},{"floor":31,"key":"War Paint"},{"floor":40,"key":"Tingsha"},{"floor":41,"key":"Oddly Smooth Stone"},{"floor":42,"key":"Paper Crane"},{"floor":43,"key":"Regal Pillow"},{"floor":44,"key":"Pantograph"},{"floor":46,"key":"Dream Catcher"},{"floor":49,"key":"Kunai"}],"event_choices":[{"damage_healed":0,"gold_gain":0,"player_choice":"Entered Light","damage_taken":14,"max_hp_gain":0,"max_hp_loss":0,"event_name":"Shining Light","floor":3,"gold_loss":0,"cards_upgraded":["Strike_G","Defend_G"]},{"damage_healed":0,"gold_gain":0,"player_choice":"Donut","damage_taken":0,"max_hp_gain":5,"max_hp_loss":0,"event_name":"Big Fish","floor":4,"gold_loss":0},{"damage_healed":0,"gold_gain":0,"player_choice":"Shed Blood","damage_taken":19,"max_hp_gain":5,"max_hp_loss":0,"event_name":"Forgotten Altar","floor":19,"gold_loss":0},{"damage_healed":0,"gold_gain":0,"player_choice":"Opened","damage_taken":0,"relics_obtained":["Calipers"],"max_hp_gain":0,"max_hp_loss":0,"event_name":"The Mausoleum","floor":21,"gold_loss":0,"cards_obtained":["Writhe"]},{"damage_healed":0,"gold_gain":0,"player_choice":"Cursed","damage_taken":0,"max_hp_gain":0,"max_hp_loss":0,"event_name":"Wheel of Change","floor":38,"gold_loss":0,"cards_obtained":["Decay"]},{"damage_healed":44,"gold_gain":0,"player_choice":"Heal","damage_taken":0,"max_hp_gain":0,"max_hp_loss":0,"event_name":"MindBloom","floor":47,"gold_loss":0,"cards_obtained":["Doubt"]}],"is_beta":false,"boss_relics":[{"not_picked":["Ectoplasm","HoveringKite"],"picked":"Cursed Key"},{"not_picked":["White Beast Statue","Velvet Choker"],"picked":"Eternal Feather"}],"items_purged_floors":[22,48],"is_endless":false,"potions_floor_spawned":[1,7,11,29,39,44,45,46],"ascension_level":0}