{"gold_per_floor":[160,175,175,325,38,38,55,55,55,55,82,82,14,28,28,28],"floor_reached":16,"playtime":812,"items_purged":["Doubt","Strike_R"],"score":196,"play_id":"c8647169-7a8a-4d26-9d94-ebba1011d100","local_time":"20190718144113","is_ascension_mode":true,"campfire_choices":[{"data":"True Grit","floor":6,"key":"SMITH"},{"data":"Defend_R","floor":10,"key":"SMITH"},{"data":"Metallicize","floor":15,"key":"SMITH"}],"neow_cost":"NONE","seed_source_timestamp":2072465505030739,"circlet_count":0,"master_deck":["AscendersBane","Strike_R+1","Strike_R","Strike_R","Defend_R","Defend_R","Defend_R","Defend_R+1","Bash","Body Slam+1","Iron Wave","True Grit+1","Metallicize","Ghostly Armor","Metallicize+1"],"relics":["Tiny House","Membership Card","Thread and Needle","Red Skull","Smiling Mask"],"potions_floor_usage":[11,16],"damage_taken":[{"damage":2,"enemies":"Jaw Worm","floor":1,"turns":3},{"damage":7,"enemies":"Small Slimes","floor":2,"turns":5},{"damage":5,"enemies":"2 Louse","floor":7,"turns":3},{"damage":25,"enemies":"Gremlin Nob","floor":11,"turns":5},{"damage":0,"enemies":"Exordium Wildlife","floor":14,"turns":5},{"damage":29,"enemies":"Hexaghost","floor":16,"turns":11}],"seed_played":"652959174378219682","potions_obtained":[{"floor":0,"key":"Energy Potion"},{"floor":14,"key":"Dexterity Potion"}],"is_trial":false,"path_per_floor":["M","M","?","?","$","R","M","?","T","R","E","?","$","M","R","B"],"character_chosen":"IRONCLAD","items_purchased":["Membership Card","True Grit","Ghostly Armor"],"campfire_rested":0,"item_purchase_floors":[5,5,13],"current_hp_per_floor":[71,64,64,64,64,64,59,52,52,52,27,27,27,27,27,0],"gold":28,"neow_bonus":"BOSS_RELIC","is_prod":false,"is_daily":false,"chose_seed":false,"campfire_upgraded":3,"win_rate":0,"timestamp":1563457273,"path_taken":["M","M","?","?","$","R","M","?","T","R","E","?","$","?","R","BOSS"],"build_version":"2019-07-17","purchased_purges":2,"victory":false,"max_hp_per_floor":[80,80,80,80,80,80,80,80,80,80,80,80,80,80,80,80],"card_choices":[{"not_picked":["True Grit","Warcry"],"picked":"Body Slam","floor":0},{"not_picked":["Clash","Sever Soul","Headbutt"],"picked":"SKIP","floor":1},{"not_picked":["Clash","Feel No Pain"],"picked":"Iron Wave","floor":2},{"not_picked":["Spot Weakness","Cleave"],"picked":"Metallicize","floor":7},{"not_picked":["Clothesline","Feel No Pain","Clash"],"picked":"SKIP","floor":11},{"not_picked":["Rupture","Body Slam"],"picked":"Metallicize","floor":14}],"player_experience":883021,"relics_obtained":[{"floor":9,"key":"Thread and Needle"},{"floor":11,"key":"Red Skull"}],"event_choices":[{"damage_healed":0,"gold_gain":0,"player_choice":"Grow","damage_taken":0,"max_hp_gain":0,"max_hp_loss":0,"event_name":"Living Wall","floor":3,"gold_loss":0,"cards_upgraded":["Body Slam"]},{"damage_healed":0,"gold_gain":150,"player_choice":"AGREE","damage_taken":0,"max_hp_gain":0,"max_hp_loss":0,"event_name":"Liars Game","floor":4,"gold_loss":0,"cards_obtained":["Doubt"]},{"cards_removed":["Strike_R"],"damage_healed":0,"gold_gain":0,"player_choice":"Card Removal","damage_taken":7,"max_hp_gain":0,"max_hp_loss":0,"event_name":"Golden Wing","floor":8,"gold_loss":0},{"damage_healed":0,"gold_gain":0,"player_choice":"Searched \u00272\u0027 times","damage_taken":0,"relics_obtained":["Smiling Mask"],"max_hp_gain":0,"max_hp_loss":0,"event_name":"Dead Adventurer","floor":12,"gold_loss":0}],"is_beta":false,"boss_relics":[],"items_purged_floors":[5,13],"is_endless":false,"potions_floor_spawned":[14],"killed_by":"Hexaghost","ascension_level":20}