{"gold_per_floor":[219,231,241,36,55,82,82,117,117,292,303,329,329,329,329,432,432,452,452,452,452,468,493,493,512,539,539,321,346,357,28,28,28],"floor_reached":33,"playtime":1887,"items_purged":["Strike_R","Doubt"],"score":409,"play_id":"82422727-c941-4eb2-a8fb-266ebea901d4","local_time":"20181206225643","is_ascension_mode":true,"campfire_choices":[{"data":"Whirlwind","floor":13,"key":"SMITH"},{"data":"Evolve","floor":15,"key":"SMITH"},{"floor":24,"key":"REST"},{"data":"Feel No Pain","floor":27,"key":"SMITH"},{"floor":32,"key":"REST"}],"neow_cost":"NONE","seed_source_timestamp":1987839969040922,"circlet_count":0,"master_deck":["Strike_R","Strike_R","Strike_R","Strike_R","Defend_R","Defend_R","Defend_R","Defend_R","Bash","Whirlwind+1","True Grit","Seeing Red","Evolve+1","Impervious","Second Wind","Shrug It Off","Dark Embrace","Feel No Pain+1","Havoc","Havoc","Evolve+1","Juggernaut+1","Corruption+1"],"relics":["Burning Blood","Chemical X","Gremlin Horn","Pen Nib","Bottled Tornado","Dream Catcher","Letter Opener","WarpedTongs","Lizard Tail","Frozen Egg 2","Anchor","Oddly Smooth Stone","The Courier","Ice Cream"],"potions_floor_usage":[8,12,23,23,23,29,33],"damage_taken":[{"damage":6,"enemies":"Cultist","floor":1,"turns":3},{"damage":8,"enemies":"Jaw Worm","floor":2,"turns":5},{"damage":9,"enemies":"2 Louse","floor":3,"turns":3},{"damage":3,"enemies":"Looter","floor":5,"turns":4},{"damage":13,"enemies":"3 Sentries","floor":6,"turns":4},{"damage":15,"enemies":"Gremlin Nob","floor":8,"turns":4},{"damage":4,"enemies":"Exordium Thugs","floor":11,"turns":4},{"damage":12,"enemies":"3 Sentries","floor":12,"turns":4},{"damage":40,"enemies":"The Guardian","floor":16,"turns":13},{"damage":9,"enemies":"Chosen","floor":18,"turns":5},{"damage":0,"enemies":"3 Byrds","floor":22,"turns":3},{"damage":52,"enemies":"Book of Stabbing","floor":23,"turns":7},{"damage":3,"enemies":"Shelled Parasite and Fungi","floor":25,"turns":6},{"damage":60,"enemies":"Slavers","floor":29,"turns":6},{"damage":13,"enemies":"Sentry and Sphere","floor":30,"turns":5},{"damage":44,"enemies":"Collector","floor":33,"turns":6}],"seed_played":"8260249552480136519","potions_obtained":[{"floor":1,"key":"Poison Potion"},{"floor":6,"key":"Block Potion"},{"floor":12,"key":"Explosive Potion"},{"floor":16,"key":"Dexterity Potion"},{"floor":18,"key":"AttackPotion"},{"floor":23,"key":"Ancient Potion"},{"floor":30,"key":"Poison Potion"}],"is_trial":false,"path_per_floor":["M","M","M","$","M","E","?","E","T","?","M","E","R","?","R","B",null,"M","?","?","?","M","E","R","M","T","R","$","E","M","$","R","B"],"character_chosen":"IRONCLAD","items_purchased":["Chemical X","Oddly Smooth Stone","Ice Cream"],"campfire_rested":2,"item_purchase_floors":[4,28,31],"current_hp_per_floor":[72,70,67,67,70,63,60,51,51,51,53,47,47,47,47,13,63,60,60,45,45,51,48,73,76,76,76,76,22,15,15,40,0],"gold":28,"neow_bonus":"HUNDRED_GOLD","is_prod":false,"is_daily":false,"chose_seed":false,"campfire_upgraded":3,"win_rate":0,"timestamp":1544155003,"path_taken":["M","M","M","$","?","E","?","E","T","?","M","E","R","?","R","BOSS","M","?","?","?","M","E","R","M","T","R","$","E","M","$","R","BOSS"],"build_version":"2018-11-15","purchased_purges":2,"victory":false,"max_hp_per_floor":[80,80,80,80,80,80,80,80,80,80,80,80,80,80,80,80,80,80,80,85,85,85,85,85,85,85,85,85,85,85,85,85,85],"card_choices":[{"not_picked":["Warcry","Heavy Blade"],"picked":"Whirlwind","floor":1},{"not_picked":["Wild Strike","Anger"],"picked":"True Grit","floor":2},{"not_picked":["Heavy Blade","Flame Barrier"],"picked":"Seeing Red","floor":3},{"not_picked":["Warcry","Heavy Blade"],"picked":"Evolve","floor":5},{"not_picked":["Sword Boomerang","Flex"],"picked":"Impervious","floor":6},{"not_picked":["Shockwave","Sword Boomerang"],"picked":"Second Wind","floor":8},{"not_picked":["Wild Strike","Headbutt"],"picked":"Shrug It Off","floor":11},{"not_picked":["Rampage","Sever Soul","Pommel Strike"],"picked":"SKIP","floor":12},{"not_picked":["Fiend Fire","Double Tap"],"picked":"Dark Embrace","floor":16},{"not_picked":["Ghostly Armor+1","Perfected Strike"],"picked":"Feel No Pain","floor":18},{"not_picked":["Sword Boomerang+1","Wild Strike"],"picked":"Havoc","floor":22},{"not_picked":["Pommel Strike","Perfected Strike+1"],"picked":"Havoc","floor":23},{"not_picked":["Inflame+1","Perfected Strike+1"],"picked":"Evolve+1","floor":24},{"not_picked":["Iron Wave","Armaments","Perfected Strike+1"],"picked":"SKIP","floor":25},{"not_picked":["Armaments","Power Through"],"picked":"Juggernaut+1","floor":29},{"not_picked":["Blood for Blood","Clash"],"picked":"Corruption+1","floor":30}],"player_experience":2704457,"relics_obtained":[{"floor":6,"key":"Gremlin Horn"},{"floor":8,"key":"Bottled Tornado"},{"floor":9,"key":"Dream Catcher"},{"floor":12,"key":"Letter Opener"},{"floor":23,"key":"Frozen Egg 2"},{"floor":26,"key":"Anchor"},{"floor":29,"key":"The Courier"}],"event_choices":[{"damage_healed":0,"gold_gain":0,"player_choice":"Success","damage_taken":3,"relics_obtained":["Pen Nib"],"max_hp_gain":0,"max_hp_loss":0,"event_name":"Scrap Ooze","floor":7,"gold_loss":0},{"damage_healed":0,"gold_gain":175,"player_choice":"AGREE","damage_taken":0,"max_hp_gain":0,"max_hp_loss":0,"event_name":"Liars Game","floor":10,"gold_loss":0,"cards_obtained":["Doubt"]},{"damage_healed":0,"gold_gain":0,"player_choice":"Rummage","damage_taken":0,"relics_obtained":["WarpedTongs"],"max_hp_gain":0,"max_hp_loss":0,"event_name":"Accursed Blacksmith","floor":14,"gold_loss":0,"cards_obtained":["Pain"]},{"damage_healed":0,"gold_gain":0,"player_choice":"Ignored","damage_taken":0,"max_hp_gain":0,"max_hp_loss":0,"event_name":"Ghosts","floor":19,"gold_loss":0},{"damage_healed":0,"gold_gain":0,"player_choice":"Shed Blood","damage_taken":20,"max_hp_gain":5,"max_hp_loss":0,"event_name":"Forgotten Altar","floor":20,"gold_loss":0},{"cards_removed":["Pain"],"damage_healed":0,"gold_gain":0,"player_choice":"Purged","damage_taken":0,"max_hp_gain":0,"max_hp_loss":0,"event_name":"Purifier","floor":21,"gold_loss":0}],"is_beta":false,"boss_relics":[{"not_picked":["Coffee Dripper","Ectoplasm"],"picked":"Lizard Tail"}],"items_purged_floors":[28,31],"is_endless":false,"potions_floor_spawned":[1,6,12,16,18,23,30],"killed_by":"Collector","ascension_level":7}