{"gold_per_floor":[14,14,27,27,0,34,34,47,47,19,38,38,369,387,387,387],"floor_reached":16,"playtime":764,"items_purged":[],"score":220,"play_id":"f06809b0-89f0-4b2a-93e6-5fd2dc0278a3","local_time":"20181124123244","is_ascension_mode":true,"campfire_choices":[{"floor":7,"key":"REST"},{"floor":12,"key":"REST"},{"floor":15,"key":"REST"}],"neow_cost":"NO_GOLD","seed_source_timestamp":914717704299868,"circlet_count":0,"master_deck":["AscendersBane","Defend_G","Defend_G","Defend_G","Defend_G","Defend_G","Strike_G","Strike_G","Strike_G","Strike_G","Survivor","Neutralize","Night Terror","Finisher","Dagger Throw","Dagger Spray","Glass Knife","Footwork","Dodge and Roll","Calculated Gamble","Riddle With Holes","Backstab"],"relics":["Ring of the Snake","Question Card","Bag of Preparation","Old Coin"],"potions_floor_usage":[6,13,13],"damage_taken":[{"damage":10,"enemies":"Small Slimes","floor":1,"turns":4},{"damage":0,"enemies":"Cultist","floor":3,"turns":2},{"damage":34,"enemies":"3 Sentries","floor":6,"turns":9},{"damage":6,"enemies":"2 Louse","floor":8,"turns":3},{"damage":0,"enemies":"Blue Slaver","floor":11,"turns":4},{"damage":30,"enemies":"Lagavulin","floor":13,"turns":9},{"damage":0,"enemies":"Exordium Wildlife","floor":14,"turns":3},{"damage":43,"enemies":"The Guardian","floor":16,"turns":11}],"seed_played":"5862449287112478509","potions_obtained":[{"floor":1,"key":"SpeedPotion"},{"floor":2,"key":"AttackPotion"},{"floor":8,"key":"FairyPotion"},{"floor":11,"key":"AttackPotion"}],"is_trial":false,"path_per_floor":["M","?","M","?","?","E","R","M","T","$","M","R","E","M","R","B"],"character_chosen":"THE_SILENT","items_purchased":["Dodge and Roll"],"campfire_rested":3,"item_purchase_floors":[10],"current_hp_per_floor":[49,49,49,49,49,15,34,28,28,28,28,47,17,17,36,0],"gold":387,"neow_bonus":"THREE_RARE_CARDS","is_prod":false,"is_daily":false,"chose_seed":false,"campfire_upgraded":0,"win_rate":0,"timestamp":1543080764,"path_taken":["M","?","?","?","?","E","R","M","T","$","M","R","E","M","R","BOSS"],"build_version":"2018-11-15","purchased_purges":0,"victory":false,"max_hp_per_floor":[66,66,66,66,66,66,66,66,66,66,66,66,66,66,66,66],"card_choices":[{"not_picked":["Doppelganger","Wraith Form v2"],"picked":"Night Terror","floor":0},{"not_picked":["Tactician","Prepared"],"picked":"Finisher","floor":1},{"not_picked":["Catalyst","Acrobatics"],"picked":"Dagger Throw","floor":3},{"not_picked":["Heel Hook","Masterful Stab"],"picked":"Glass Knife","floor":6},{"not_picked":["Deadly Poison","PiercingWail","Terror"],"picked":"Footwork","floor":8},{"not_picked":["Flying Knee","Choke","Concentrate"],"picked":"Calculated Gamble","floor":11},{"not_picked":["Eviscerate","Underhanded Strike","Flechettes"],"picked":"Riddle With Holes","floor":13},{"not_picked":["Storm of Steel","Acrobatics","Calculated Gamble"],"picked":"Backstab","floor":14}],"player_experience":2483900,"relics_obtained":[{"floor":6,"key":"Question Card"},{"floor":9,"key":"Bag of Preparation"},{"floor":13,"key":"Old Coin"}],"event_choices":[{"damage_healed":0,"gold_gain":0,"player_choice":"Got Potions","damage_taken":0,"max_hp_gain":0,"max_hp_loss":0,"event_name":"Lab","floor":2,"gold_loss":0},{"damage_healed":0,"gold_gain":0,"cards_transformed":["Strike_G"],"player_choice":"Change","damage_taken":0,"max_hp_gain":0,"max_hp_loss":0,"event_name":"Living Wall","floor":4,"gold_loss":0,"cards_obtained":["Dagger Spray"]},{"damage_healed":0,"gold_gain":0,"player_choice":"Left Gold","damage_taken":0,"max_hp_gain":0,"max_hp_loss":0,"event_name":"World of Goop","floor":5,"gold_loss":27}],"is_beta":false,"boss_relics":[],"items_purged_floors":[],"is_endless":false,"potions_floor_spawned":[1,8,11],"killed_by":"The Guardian","ascension_level":20}