{"gold_per_floor":[111,71,88,163,175,175,206,206,206,239,261,273,302,332,344,460,472,501,513,450,450,450,450,450,466,519,533,544,544,394,405,405,405],"floor_reached":33,"playtime":2168,"items_purged":["Doubt","Pain"],"score":321,"play_id":"504016ca-3b84-42f1-bbf1-8533e8c3b977","local_time":"20190721123003","is_ascension_mode":true,"campfire_choices":[{"data":"Inflame","floor":6,"key":"SMITH"},{"data":"Body Slam","floor":8,"key":"SMITH"},{"floor":12,"key":"REST"},{"data":"Whirlwind","floor":15,"key":"SMITH"},{"data":"Ghostly Armor","floor":23,"key":"SMITH"},{"floor":29,"key":"REST"},{"floor":32,"key":"REST"}],"neow_cost":"NONE","seed_source_timestamp":317718496417103,"circlet_count":0,"master_deck":["Strike_R","Strike_R","Strike_R","Strike_R","Strike_R","Defend_R","Defend_R","Defend_R","Defend_R","Bash","Body Slam+1","Inflame+1","Ghostly Armor+1","Disarm","Pommel Strike","Whirlwind+1","Offering","Decay","Iron Wave+1","Headbutt","Demon Form","Flex+1"],"relics":["Burning Blood","NeowsBlessing","Dodecahedron","Potion Belt","MawBank","Calling Bell","Juzu Bracelet","Ornamental Fan","Ice Cream","Enchiridion","Bag of Marbles"],"potions_floor_usage":[16,16,16,18,18,25,25,28,28,33,33,33,33],"damage_taken":[{"damage":0,"enemies":"2 Louse","floor":1,"turns":1},{"damage":0,"enemies":"Cultist","floor":3,"turns":1},{"damage":0,"enemies":"Jaw Worm","floor":5,"turns":1},{"damage":32,"enemies":"Gremlin Nob","floor":7,"turns":4},{"damage":35,"enemies":"3 Sentries","floor":10,"turns":10},{"damage":2,"enemies":"3 Louse","floor":11,"turns":5},{"damage":8,"enemies":"Large Slime","floor":13,"turns":6},{"damage":7,"enemies":"Blue Slaver","floor":14,"turns":4},{"damage":10,"enemies":"Slime Boss","floor":16,"turns":8},{"damage":15,"enemies":"Chosen","floor":18,"turns":4},{"damage":4,"enemies":"3 Byrds","floor":25,"turns":4},{"damage":26,"enemies":"Cultist and Chosen","floor":27,"turns":6},{"damage":63,"enemies":"Sentry and Sphere","floor":28,"turns":10},{"damage":2,"enemies":"Snecko","floor":31,"turns":3},{"damage":91,"enemies":"Automaton","floor":33,"turns":6}],"seed_played":"7842673567260894340","potions_obtained":[{"floor":2,"key":"SneckoOil"},{"floor":2,"key":"EntropicBrew"},{"floor":2,"key":"SpeedPotion"},{"floor":10,"key":"Weak Potion"},{"floor":11,"key":"FearPotion"},{"floor":16,"key":"Explosive Potion"},{"floor":18,"key":"SkillPotion"},{"floor":28,"key":"PowerPotion"},{"floor":31,"key":"Fire Potion"}],"is_trial":false,"path_per_floor":["M","?","M","?","M","R","E","R","T","E","M","R","M","M","R","B",null,"M","?","$","?","?","R","?","M","T","M","M","R","$","M","R","B"],"character_chosen":"IRONCLAD","items_purchased":["SteroidPotion"],"campfire_rested":3,"item_purchase_floors":[30],"current_hp_per_floor":[80,80,80,69,75,75,49,49,49,20,24,48,46,45,45,41,70,61,45,45,71,71,71,71,73,73,53,11,35,35,39,63,0],"gold":405,"neow_bonus":"THREE_ENEMY_KILL","is_prod":false,"is_daily":false,"chose_seed":false,"campfire_upgraded":4,"win_rate":0,"timestamp":1563737403,"path_taken":["M","?","?","?","M","R","E","R","T","E","M","R","M","M","R","BOSS","M","?","$","?","?","R","?","M","T","M","M","R","$","M","R","BOSS"],"build_version":"2019-07-05","purchased_purges":2,"victory":false,"max_hp_per_floor":[80,80,80,80,80,80,80,80,80,80,80,80,80,80,80,80,80,80,80,80,80,80,80,80,80,80,80,80,80,80,80,80,80],"card_choices":[{"not_picked":["Warcry","Dual Wield"],"picked":"Body Slam","floor":1},{"not_picked":["Thunderclap","Power Through"],"picked":"Inflame","floor":3},{"not_picked":["Warcry","Sentinel","Inflame"],"picked":"SKIP","floor":5},{"not_picked":["Clothesline","Dark Embrace"],"picked":"Ghostly Armor","floor":7},{"not_picked":["Second Wind","Sever Soul"],"picked":"Disarm","floor":10},{"not_picked":["Rage","Intimidate"],"picked":"Pommel Strike","floor":11},{"not_picked":["True Grit","Entrench"],"picked":"Whirlwind","floor":13},{"not_picked":["Sword Boomerang","Exhume","Thunderclap"],"picked":"SKIP","floor":14},{"not_picked":["Bludgeon","Fiend Fire"],"picked":"Offering","floor":16},{"not_picked":["Clothesline","Body Slam"],"picked":"Iron Wave+1","floor":18},{"not_picked":["Inflame","Reckless Charge"],"picked":"Headbutt","floor":25},{"not_picked":["Cleave","Armaments+1"],"picked":"Demon Form","floor":27},{"not_picked":["Clash+1","Thunderclap+1"],"picked":"Flex+1","floor":28},{"not_picked":["Carnage","Disarm","Clash"],"picked":"SKIP","floor":31}],"player_experience":71722,"relics_obtained":[{"floor":7,"key":"Dodecahedron"},{"floor":9,"key":"Potion Belt"},{"floor":10,"key":"MawBank"},{"floor":17,"key":"Juzu Bracelet"},{"floor":17,"key":"Ornamental Fan"},{"floor":17,"key":"Ice Cream"},{"floor":19,"key":"Enchiridion"},{"floor":26,"key":"Bag of Marbles"}],"event_choices":[{"damage_healed":0,"gold_gain":0,"player_choice":"Bought 3 Potions","damage_taken":0,"max_hp_gain":0,"max_hp_loss":0,"event_name":"The Woman in Blue","floor":2,"gold_loss":0},{"damage_healed":0,"gold_gain":75,"player_choice":"Gather Gold","damage_taken":11,"max_hp_gain":0,"max_hp_loss":0,"event_name":"World of Goop","floor":4,"gold_loss":0},{"damage_healed":0,"gold_gain":0,"player_choice":"Obtained Book","damage_taken":16,"max_hp_gain":0,"max_hp_loss":0,"event_name":"Cursed Tome","floor":19,"gold_loss":0},{"damage_healed":26,"gold_gain":0,"player_choice":"Heal","damage_taken":0,"max_hp_gain":0,"max_hp_loss":0,"event_name":"The Library","floor":21,"gold_loss":0},{"damage_healed":0,"gold_gain":0,"player_choice":"Ignored","damage_taken":0,"max_hp_gain":0,"max_hp_loss":0,"event_name":"The Mausoleum","floor":22,"gold_loss":0},{"damage_healed":0,"gold_gain":0,"player_choice":"Ignored","damage_taken":0,"max_hp_gain":0,"max_hp_loss":0,"event_name":"Vampires","floor":24,"gold_loss":0}],"is_beta":false,"boss_relics":[{"not_picked":["Astrolabe","Lizard Tail"],"picked":"Calling Bell"}],"items_purged_floors":[20,30],"is_endless":false,"potions_floor_spawned":[3,10,11,16,18,28,31],"killed_by":"Automaton","ascension_level":5}