{"gold_per_floor":[113,126,142,162,181,181,193,193,220,234,234,234],"floor_reached":12,"playtime":753,"items_purged":[],"score":74,"play_id":"fb953e9a-a99f-4f05-a98a-625ced18b892","local_time":"20190706171558","is_ascension_mode":false,"campfire_choices":[{"data":"Capacitor","floor":6.0,"key":"SMITH"},{"data":"Rainbow","floor":8.0,"key":"SMITH"}],"neow_cost":"NONE","seed_source_timestamp":0,"circlet_count":0,"master_deck":["Strike_B","Strike_B","Strike_B","Strike_B","Defend_B","Defend_B","Defend_B","Defend_B","Zap","Dualcast","Cold Snap","Melter","Capacitor+1","Rainbow+1"],"special_seed":0,"relics":["Cracked Core","Juzu Bracelet"],"potions_floor_usage":[],"damage_taken":[{"damage":0.0,"enemies":"Cultist","floor":1.0,"turns":3.0},{"damage":0.0,"enemies":"2 Louse","floor":2.0,"turns":4.0},{"damage":1.0,"enemies":"Jaw Worm","floor":3.0,"turns":4.0},{"damage":8.0,"enemies":"Exordium Thugs","floor":4.0,"turns":6.0},{"damage":3.0,"enemies":"Looter","floor":5.0,"turns":3.0},{"damage":0.0,"enemies":"Large Slime","floor":7.0,"turns":5.0},{"damage":23.0,"enemies":"3 Louse","floor":10.0,"turns":3.0}],"seed_played":"-810918248687649963","potions_obtained":[{"floor":2.0,"key":"AttackPotion"},{"floor":4.0,"key":"Fire Potion"},{"floor":7.0,"key":"PowerPotion"}],"is_trial":false,"path_per_floor":["M","M","M","M","M","R","M","R","T","M","?","?"],"character_chosen":"DEFECT","items_purchased":[],"campfire_rested":0,"item_purchase_floors":[],"current_hp_per_floor":[82,82,81,73,70,70,70,70,70,47,47,47],"gold":234,"neow_bonus":"TEN_PERCENT_HP_BONUS","is_prod":false,"is_daily":false,"chose_seed":false,"campfire_upgraded":2,"win_rate":0.0,"timestamp":1562454958,"path_taken":["M","M","M","M","M","R","M","R","T","M","?","?"],"build_version":"2019-07-05","purchased_purges":0,"victory":false,"max_hp_per_floor":[82,82,82,82,82,82,82,82,82,82,82,82],"card_choices":[{"not_picked":["Chaos","Barrage"],"picked":"Cold Snap","floor":1.0},{"not_picked":["Streamline","Consume","Gash"],"picked":"SKIP","floor":2.0},{"not_picked":["Rip and Tear","Glacier"],"picked":"Melter","floor":3.0},{"not_picked":["Hologram","Beam Cell","Aggregate"],"picked":"SKIP","floor":4.0},{"not_picked":["BootSequence","Go for the Eyes"],"picked":"Capacitor","floor":5.0},{"not_picked":["Stack","Cold Snap"],"picked":"Rainbow","floor":7.0},{"not_picked":["Beam Cell","Sweeping Beam","Consume"],"picked":"SKIP","floor":10.0}],"player_experience":25130,"relics_obtained":[{"floor":9.0,"key":"Juzu Bracelet"}],"event_choices":[{"damage_healed":0.0,"max_hp_gain":0.0,"max_hp_loss":0.0,"gold_gain":0.0,"event_name":"Liars Game","player_choice":"Ignored","floor":11.0,"gold_loss":0.0,"damage_taken":0.0},{"damage_healed":0,"gold_gain":0,"player_choice":"Leave","damage_taken":0,"max_hp_gain":0,"max_hp_loss":0,"event_name":"The Cleric","floor":12,"gold_loss":0}],"is_beta":false,"boss_relics":[],"items_purged_floors":[],"is_endless":false,"potions_floor_spawned":[2,4,7],"ascension_level":0}