{"gold_per_floor":[111,111,111,127,150,191,191,82,107,146,159,159,159,159,159,249,249,273,273,294,294,117,117,133,168,168,168,168],"floor_reached":28,"playtime":1471,"items_purged":[],"score":451,"play_id":"29ed6313-0b84-436a-8bc8-d028beeba606","local_time":"20190503013113","is_ascension_mode":true,"campfire_choices":[{"floor":7.0,"key":"REST"},{"data":"Calculated Gamble","floor":12.0,"key":"SMITH"},{"data":"A Thousand Cuts","floor":15.0,"key":"SMITH"},{"data":"Infinite Blades","floor":23,"key":"SMITH"}],"neow_cost":"TEN_PERCENT_HP_LOSS","seed_source_timestamp":0,"circlet_count":0,"master_deck":["AscendersBane","Defend_G+1","Defend_G+1","Defend_G+1","Defend_G+1","Strike_G+1","Strike_G+1","Strike_G+1","Strike_G+1","Survivor","Neutralize+1","Footwork","Dagger Spray","Slice","Cloak And Dagger","Backflip+1","A Thousand Cuts+1","Calculated Gamble+1","Night Terror","Dagger Throw","Dagger Spray","Infinite Blades+1","Cloak And Dagger+1","Well Laid Plans","Writhe"],"special_seed":0,"relics":["Ring of the Snake","Golden Idol","Boot","Dream Catcher","War Paint","Philosopher\u0027s Stone","Tiny Chest","PreservedInsect","Paper Crane","Calipers"],"potions_floor_usage":[25],"damage_taken":[{"damage":1.0,"enemies":"Jaw Worm","floor":1.0,"turns":4.0},{"damage":1.0,"enemies":"Cultist","floor":4.0,"turns":5.0},{"damage":5.0,"enemies":"Small Slimes","floor":5.0,"turns":4.0},{"damage":49.0,"enemies":"Lagavulin","floor":6.0,"turns":13.0},{"damage":17.0,"enemies":"3 Sentries","floor":10.0,"turns":10.0},{"damage":0.0,"enemies":"2 Fungi Beasts","floor":11.0,"turns":3.0},{"damage":22.0,"enemies":"Hexaghost","floor":16.0,"turns":15.0},{"damage":20.0,"enemies":"Spheric Guardian","floor":18.0,"turns":8.0},{"damage":0,"enemies":"Chosen","floor":20,"turns":4},{"damage":0,"enemies":"3 Cultists","floor":24,"turns":4},{"damage":20,"enemies":"Gremlin Leader","floor":25,"turns":6},{"damage":27,"enemies":"Snake Plant","floor":28,"turns":2}],"seed_played":"5600329771471604731","potions_obtained":[{"floor":4.0,"key":"Block Potion"},{"floor":5.0,"key":"Regen Potion"},{"floor":10.0,"key":"SpeedPotion"},{"floor":16.0,"key":"FearPotion"},{"floor":25,"key":"Strength Potion"}],"is_trial":false,"path_per_floor":["M","?","?","M","M","E","R","$","T","E","M","R","?","?","R","B",null,"M","?","M","?","$","R","M","E","T","?","M"],"character_chosen":"THE_SILENT","items_purchased":["Backflip","Regen Potion","Infinite Blades","Tiny Chest"],"campfire_rested":1,"item_purchase_floors":[8,8,22,22],"current_hp_per_floor":[58,58,58,57,52,3,21,21,21,58,58,58,58,63,63,41,59,39,39,39,39,39,39,39,19,19,19,0],"gold":168,"neow_bonus":"REMOVE_TWO","is_prod":false,"is_daily":false,"chose_seed":false,"campfire_upgraded":3,"win_rate":0,"timestamp":1556868673,"path_taken":["M","?","?","?","M","E","R","$","T","E","M","R","?","?","R","BOSS","M","?","M","?","$","R","M","E","T","?","M"],"build_version":"2019-04-23","purchased_purges":0,"victory":false,"max_hp_per_floor":[60,60,60,60,60,60,60,60,60,60,60,60,60,65,65,65,65,65,65,65,65,65,65,65,65,65,65,65],"card_choices":[{"not_picked":["Flying Knee","Quick Slash"],"picked":"Footwork","floor":1.0},{"not_picked":["Flying Knee","Quick Slash"],"picked":"Dagger Spray","floor":4.0},{"not_picked":["Bane","Setup"],"picked":"Slice","floor":5.0},{"not_picked":["Dodge and Roll","Slice"],"picked":"Cloak And Dagger","floor":6.0},{"not_picked":["Quick Slash","PiercingWail"],"picked":"A Thousand Cuts","floor":10.0},{"not_picked":["Blade Dance","Deadly Poison"],"picked":"Calculated Gamble","floor":11.0},{"not_picked":["Phantasmal Killer","Unload"],"picked":"Night Terror","floor":16.0},{"not_picked":["Accuracy","Slice"],"picked":"Dagger Throw","floor":18.0},{"not_picked":["Endless Agony","Bane"],"picked":"Dagger Spray","floor":20},{"not_picked":["Dodge and Roll","Dagger Spray"],"picked":"Cloak And Dagger+1","floor":24},{"not_picked":["Prepared","Blade Dance"],"picked":"Well Laid Plans","floor":25}],"player_experience":969546,"relics_obtained":[{"floor":6.0,"key":"Boot"},{"floor":9.0,"key":"Dream Catcher"},{"floor":10.0,"key":"War Paint"},{"floor":25,"key":"PreservedInsect"},{"floor":26,"key":"Paper Crane"}],"event_choices":[{"damage_healed":0.0,"max_hp_gain":0.0,"max_hp_loss":0.0,"gold_gain":0.0,"event_name":"Golden Idol","player_choice":"Take Wound","floor":2.0,"gold_loss":0.0,"damage_taken":0.0,"relics_obtained":["Golden Idol"],"cards_obtained":["Injury"]},{"cards_removed":["Injury"],"damage_healed":0.0,"max_hp_gain":0.0,"max_hp_loss":0.0,"gold_gain":0.0,"event_name":"Purifier","player_choice":"Purged","floor":3.0,"gold_loss":0.0,"damage_taken":0.0},{"damage_healed":0.0,"max_hp_gain":0.0,"max_hp_loss":0.0,"gold_gain":0.0,"event_name":"Living Wall","player_choice":"Grow","floor":13.0,"gold_loss":0.0,"damage_taken":0.0,"cards_upgraded":["Neutralize"]},{"damage_healed":0.0,"max_hp_gain":5.0,"max_hp_loss":0.0,"gold_gain":0.0,"event_name":"Big Fish","player_choice":"Donut","floor":14.0,"gold_loss":0.0,"damage_taken":0.0},{"damage_healed":0,"gold_gain":0,"player_choice":"Ignored","damage_taken":0,"max_hp_gain":0,"max_hp_loss":0,"event_name":"Cursed Tome","floor":19,"gold_loss":0},{"damage_healed":0,"gold_gain":0,"player_choice":"Simplicity","damage_taken":0,"max_hp_gain":0,"max_hp_loss":0,"event_name":"Back to Basics","floor":21,"gold_loss":0,"cards_upgraded":["Defend_G","Defend_G","Defend_G","Strike_G","Strike_G","Strike_G","Strike_G"]},{"damage_healed":0,"gold_gain":0,"player_choice":"Opened","damage_taken":0,"relics_obtained":["Calipers"],"max_hp_gain":0,"max_hp_loss":0,"event_name":"The Mausoleum","floor":27,"gold_loss":0,"cards_obtained":["Writhe"]}],"is_beta":true,"boss_relics":[{"not_picked":["Fusion Hammer","Ectoplasm"],"picked":"Philosopher\u0027s Stone"}],"items_purged_floors":[],"is_endless":false,"potions_floor_spawned":[4,5,10,16,24,25],"killed_by":"Snake Plant","ascension_level":17}