{"path_per_floor":["M","M","M","?","M","E","M","R","T","E","M","M","R","$","R","B",null,"M","$","M","M","M","E","?","M","T","R","?","M","R","E","R","B",null,"M","$","M","M","M","R","E","M","T","?","?","E","M","E","R","B"],"character_chosen":"IRONCLAD","items_purchased":["War Paint","Metallicize","Bag of Marbles","Mind Blast","Whirlwind"],"gold_per_floor":[114,129,144,144,159,189,204,204,229,259,274,289,289,62,62,162,162,177,27,42,57,72,132,132,147,197,197,120,135,135,165,165,265,265,280,105,120,135,150,150,180,195,195,195,0,30,45,75,75,75],"floor_reached":51,"campfire_rested":0,"playtime":4554,"current_hp_per_floor":[80,83,81,74,84,96,104,104,104,106,109,115,115,115,115,120,120,100,100,88,86,120,120,120,120,120,120,120,122,122,113,113,110,132,135,135,116,139,141,141,138,138,138,120,120,108,113,119,119,121],"items_purged":[],"gold":75,"score":1193,"play_id":"6b99fba7-cebc-41ed-8dcd-df72de1f3442","local_time":"20180517181840","daily_mods":["Shiny","Time Dilation","Hoarder"],"is_prod":false,"is_daily":true,"chose_seed":false,"is_ascension_mode":false,"campfire_upgraded":8,"timestamp":1526595520,"path_taken":["M","M","M","?","M","E","M","R","T","E","M","M","R","$","R","BOSS","M","$","M","M","M","E","?","M","T","R","?","?","R","E","R","BOSS","M","$","M","M","?","R","E","?","T","?","?","E","M","E","R","BOSS"],"build_version":"2018-05-10","seed_source_timestamp":0,"purchased_purges":0,"victory":true,"master_deck":["Double Tap+1","Double Tap+1","Double Tap+1","Demon Form","Demon Form","Demon Form","Bludgeon","Bludgeon","Bludgeon","Feed","Feed","Feed","Limit Break+1","Limit Break+1","Limit Break","Barricade+1","Barricade","Barricade","Fiend Fire","Fiend Fire","Fiend Fire","Dark Embrace","Dark Embrace","Dark Embrace","Berserk+1","Berserk","Berserk","Impervious","Impervious","Impervious","Juggernaut","Juggernaut","Juggernaut","Brutality","Brutality","Brutality","Reaper","Reaper","Reaper","Exhume","Exhume","Exhume","Offering","Offering","Offering","Immolate","Immolate","Immolate","Battle Trance+1","Battle Trance","Battle Trance+1","Shrug It Off","Shrug It Off","Shrug It Off","Shrug It Off","Shrug It Off","Shrug It Off","Metallicize","Metallicize","Metallicize","Reaper","Reaper","Reaper","Shrug It Off+1","Shrug It Off+1","Shrug It Off+1","Havoc+1","Havoc+1","Havoc+1","Ghostly Armor","Ghostly Armor","Ghostly Armor","J.A.X.","J.A.X.","J.A.X.","Seeing Red+1","Seeing Red+1","Seeing Red+1","Mind Blast","Mind Blast","Mind Blast","Whirlwind+1","Whirlwind","Whirlwind","Madness","Madness","Madness","Madness","Madness","Madness","Metallicize+1","Metallicize+1","Metallicize+1","Spot Weakness+1","Spot Weakness+1","Spot Weakness+1"],"max_hp_per_floor":[80,83,86,86,86,100,112,112,112,112,117,117,117,117,117,120,120,120,120,120,120,120,120,120,120,120,120,120,122,122,130,130,132,132,135,135,137,139,141,141,143,145,145,145,145,145,147,150,150,150],"relics":["Burning Blood","Self Forming Clay","Mango","Happy Flower","Art of War","War Paint","Philosopher\u0027s Stone","Bag of Marbles","Tiny Chest","Singing Bowl","Dream Catcher","Mark of Pain","Bottled Tornado","Gremlin Horn","Red Mask","Red Skull","Charon\u0027s Ashes"],"card_choices":[{"not_picked":["Flame Barrier","Clash"],"picked":"Battle Trance","floor":6},{"not_picked":["Limit Break","Wild Strike"],"picked":"Shrug It Off","floor":11},{"not_picked":["Armaments","Warcry"],"picked":"Shrug It Off","floor":12},{"not_picked":["Barricade","Limit Break"],"picked":"Reaper","floor":16},{"not_picked":["Clothesline","Warcry"],"picked":"Shrug It Off","floor":20},{"not_picked":["True Grit","Pommel Strike"],"picked":"Havoc","floor":23},{"not_picked":["Heavy Blade","Spot Weakness"],"picked":"Ghostly Armor","floor":25},{"not_picked":["Anger","Power Through"],"picked":"Seeing Red","floor":35},{"not_picked":["Sword Boomerang","Shrug It Off"],"picked":"Metallicize","floor":46},{"not_picked":["Twin Strike","Carnage"],"picked":"Spot Weakness","floor":48}],"player_experience":1208456,"potions_floor_usage":[11,12,16,18,21,22,23,33,47,47],"damage_taken":[{"damage":0,"enemies":"Jaw Worm","floor":1,"turns":1},{"damage":10,"enemies":"2 Louse","floor":2,"turns":2},{"damage":21,"enemies":"Small Slimes","floor":3,"turns":4},{"damage":4,"enemies":"Exordium Wildlife","floor":5,"turns":3},{"damage":8,"enemies":"3 Sentries","floor":6,"turns":2},{"damage":22,"enemies":"Lots of Slimes","floor":7,"turns":6},{"damage":4,"enemies":"Gremlin Nob","floor":10,"turns":1},{"damage":8,"enemies":"3 Louse","floor":11,"turns":1},{"damage":0,"enemies":"2 Fungi Beasts","floor":12,"turns":2},{"damage":12,"enemies":"Slime Boss","floor":16,"turns":5},{"damage":56,"enemies":"3 Byrds","floor":18,"turns":4},{"damage":18,"enemies":"Spheric Guardian","floor":20,"turns":3},{"damage":59,"enemies":"3 Cultists","floor":21,"turns":5},{"damage":24,"enemies":"Snake Plant","floor":22,"turns":8},{"damage":8,"enemies":"Gremlin Leader","floor":23,"turns":3},{"damage":4,"enemies":"Snecko","floor":25,"turns":4},{"damage":0,"enemies":"3 Cultists","floor":29,"turns":1},{"damage":23,"enemies":"Slavers","floor":31,"turns":5},{"damage":54,"enemies":"Automaton","floor":33,"turns":10},{"damage":0,"enemies":"Orb Walker","floor":35,"turns":1},{"damage":27,"enemies":"3 Shapes","floor":37,"turns":2},{"damage":24,"enemies":"Maw","floor":38,"turns":6},{"damage":3,"enemies":"3 Darklings","floor":39,"turns":1},{"damage":11,"enemies":"2 Orb Walkers","floor":41,"turns":1},{"damage":26,"enemies":"4 Shapes","floor":42,"turns":3},{"damage":38,"enemies":"Giant Head","floor":46,"turns":7},{"damage":3,"enemies":"Maw","floor":47,"turns":2},{"damage":3,"enemies":"2 Orb Walkers","floor":48,"turns":3},{"damage":4,"enemies":"Time Eater","floor":50,"turns":1}],"event_choices":[{"event_name":"Scrap Ooze","player_choice":"success","floor":4,"damage_taken":7},{"event_name":"Ghosts","player_choice":"Ignored","floor":24,"damage_taken":0},{"event_name":"Drug Dealer","player_choice":"Got JAXXED","floor":28,"damage_taken":0},{"event_name":"Winding Halls","player_choice":"Embrace Madness","floor":44,"damage_taken":0},{"event_name":"Tomb of Lord Red Mask","player_choice":"Paid","floor":45,"damage_taken":0}],"boss_relics":[{"not_picked":["Ectoplasm","Astrolabe"],"picked":"Philosopher\u0027s Stone"},{"not_picked":["Black Star","Tiny House"],"picked":"Mark of Pain"}],"potions_floor_spawned":[1,7,10,11,16,20,21,22,31,33,35,38,42,46],"seed_played":"-8851493181465648625","ascension_level":0,"is_trial":false}