{"path_per_floor":["M","?","M","M","M","R","?","R","T","$","M","R","?","M","R","B",null,"M","?","M","$","M","R","M","R","T","R","M","R","E","M","R","B",null,"M","?","?","M","$","E","R","M","T","R","M","R","M","T","R","B"],"character_chosen":"THE_SILENT","items_purchased":["Bottled Flame","Master of Strategy","Acrobatics","Deflect"],"gold_per_floor":[218,218,233,249,269,269,291,291,291,38,51,51,51,70,70,171,171,189,104,122,47,57,57,69,69,117,117,128,128,155,171,171,272,272,286,286,286,297,19,54,54,66,90,90,106,106,119,119,119,119],"floor_reached":51,"campfire_rested":4,"playtime":55655,"current_hp_per_floor":[70,75,75,75,75,75,75,75,75,75,75,75,75,75,75,66,75,65,65,59,59,61,61,54,54,54,54,56,56,41,43,65,41,75,75,75,75,55,55,15,37,29,29,51,51,51,53,53,75,19],"items_purged":["Strike_G"],"gold":119,"score":639,"play_id":"76136bf4-ef83-43ad-a4b6-9931e365cb53","local_time":"20180329085742","is_prod":false,"is_daily":false,"is_ascension_mode":false,"campfire_upgraded":9,"timestamp":1522328262,"path_taken":["M","?","M","M","M","R","?","R","T","?","M","R","?","M","R","BOSS","M","?","M","?","M","R","M","R","T","R","M","R","E","M","R","BOSS","M","?","?","M","$","E","R","M","T","R","M","R","M","?","R","BOSS"],"build_version":"2018-03-22v2","purchased_purges":1,"victory":true,"master_deck":["Defend_G","Defend_G","Defend_G","Defend_G+1","Defend_G+1","Survivor","Neutralize+1","Dagger Throw","Quick Slash","Dash+1","Backstab+1","Terror+1","Infinite Blades+1","Quick Slash","Venomology+1","Riddle With Holes+1","Deadly Poison+1","Doppelganger+1","Backstab+1","Dagger Spray+1","Endless Agony+1","Deadly Poison+1","Noxious Fumes+1","After Image","Flying Knee+1","Choke+1","Master of Strategy","Acrobatics","Deflect","Acrobatics+1","Dodge and Roll+1"],"max_hp_per_floor":[70,75,75,75,75,75,75,75,75,75,75,75,75,75,75,75,75,75,75,75,75,75,75,75,75,75,75,75,75,75,75,75,75,75,75,75,75,75,75,75,75,75,75,75,75,75,75,75,75,75],"relics":["Ring of the Snake","Odd Mushroom","Juzu Bracelet","Bottled Flame","Astrolabe","Blood Vial","Vajra","Anchor","Lizard Tail","Ornamental Fan","Pen Nib","War Paint"],"card_choices":[{"not_picked":["Escape Plan","Endless Agony"],"picked":"Dagger Throw","floor":1},{"not_picked":["Backflip","Cloak And Dagger"],"picked":"Quick Slash","floor":3},{"not_picked":["Skewer","PiercingWail"],"picked":"Dash","floor":4},{"not_picked":["Expertise","Outmaneuver"],"picked":"Backstab","floor":5},{"not_picked":["Deflect","Outmaneuver"],"picked":"Terror","floor":7},{"not_picked":["Concentrate","Dagger Throw"],"picked":"Infinite Blades","floor":11},{"not_picked":["Storm of Steel","Doppelganger"],"picked":"Venomology","floor":16},{"not_picked":["Deadly Poison","Cloak And Dagger"],"picked":"Backstab","floor":18},{"not_picked":["Deadly Poison","Terror"],"picked":"Dagger Spray","floor":22},{"not_picked":["PiercingWail","Outmaneuver"],"picked":"Backstab","floor":24},{"not_picked":["Accuracy","Quick Slash"],"picked":"Endless Agony","floor":28},{"not_picked":["Outmaneuver","Die Die Die"],"picked":"Deadly Poison","floor":30},{"not_picked":["Bane","Deflect"],"picked":"Noxious Fumes","floor":31},{"not_picked":["Tools of the Trade","Storm of Steel"],"picked":"After Image","floor":33},{"not_picked":["Dagger Spray","Finisher"],"picked":"Flying Knee","floor":35},{"not_picked":["Terror","Bane"],"picked":"Choke","floor":38},{"not_picked":["Concentrate","Eviscerate"],"picked":"Acrobatics","floor":45},{"not_picked":["Quick Slash","Phantasmal Killer"],"picked":"Dodge and Roll","floor":47}],"player_experience":1010504,"potions_floor_usage":[7,16,16,16,18,24,24,30,30,33,38,38,40,40,42,50,50,50,50],"damage_taken":[{"damage":0,"enemies":"2 Louse","floor":1,"turns":3},{"damage":0,"enemies":"Jaw Worm","floor":3,"turns":4},{"damage":0,"enemies":"Small Slimes","floor":4,"turns":4},{"damage":0,"enemies":"3 Louse","floor":5,"turns":4},{"damage":0,"enemies":"The Mushroom Lair","floor":7,"turns":4},{"damage":0,"enemies":"2 Fungi Beasts","floor":11,"turns":2},{"damage":0,"enemies":"Blue Slaver","floor":14,"turns":3},{"damage":9,"enemies":"Slime Boss","floor":16,"turns":12},{"damage":10,"enemies":"Spheric Guardian","floor":18,"turns":5},{"damage":8,"enemies":"3 Byrds","floor":20,"turns":4},{"damage":0,"enemies":"Snecko","floor":22,"turns":3},{"damage":9,"enemies":"Centurion and Healer","floor":24,"turns":5},{"damage":0,"enemies":"Snake Plant","floor":28,"turns":3},{"damage":17,"enemies":"Gremlin Leader","floor":30,"turns":6},{"damage":0,"enemies":"Cultist and Chosen","floor":31,"turns":4},{"damage":26,"enemies":"Champ","floor":33,"turns":10},{"damage":0,"enemies":"Orb Walker","floor":35,"turns":3},{"damage":26,"enemies":"3 Darklings","floor":38,"turns":5},{"damage":42,"enemies":"Nemesis","floor":40,"turns":7},{"damage":10,"enemies":"Sphere and 2 Shapes","floor":42,"turns":5},{"damage":2,"enemies":"4 Shapes","floor":45,"turns":6},{"damage":0,"enemies":"3 Darklings","floor":47,"turns":2},{"damage":94,"enemies":"Time Eater","floor":50,"turns":14}],"event_choices":[{"event_name":"Big Fish","player_choice":"Donut","floor":2,"damage_taken":0},{"event_name":"Mushrooms","player_choice":"Fought Mushrooms","floor":7,"damage_taken":0},{"event_name":"Living Wall","player_choice":"Change","floor":13,"damage_taken":0},{"event_name":"Addict","player_choice":"Obtained Relic","floor":19,"damage_taken":0},{"event_name":"Tomb of Lord Red Mask","player_choice":"Ignored","floor":37,"damage_taken":0}],"boss_relics":[{"not_picked":["Orrery","Calling Bell"],"picked":"Astrolabe"},{"not_picked":["Black Star","Pandora\u0027s Box"],"picked":"Lizard Tail"}],"potions_floor_spawned":[1,4,7,14,16,20,28,30,35,42,45],"seed_played":"-5326260744076619897","ascension_level":0,"is_trial":false}