{"gold_per_floor":[215,225,225,238,263,263,279,279,351,351,364,364,402,477,477,601,601,614,200,214,232,132,132,150,150],"floor_reached":25,"playtime":1221,"items_purged":["Uppercut","Uppercut"],"score":205,"play_id":"d579777e-1f05-44e2-828f-c526a044894d","local_time":"20190710230245","is_ascension_mode":false,"campfire_choices":[{"data":"Bash","floor":6,"key":"SMITH"},{"data":"Rampage","floor":8,"key":"SMITH"},{"data":"Clothesline","floor":10,"key":"SMITH"},{"floor":12,"key":"REST"},{"floor":15,"key":"REST"},{"data":"Barricade","floor":23,"key":"SMITH"}],"neow_cost":"NONE","seed_source_timestamp":2414223960447369,"circlet_count":0,"master_deck":["Bash+1","Clothesline+1","Cleave","Rampage+1","Shrug It Off","Barricade+1","Power Through","Anger","Bludgeon","Berserk","Sword Boomerang","Battle Trance","Iron Wave","Body Slam+1","Entrench","Burning Pact+1","Whirlwind"],"relics":["Burning Blood","Golden Idol","Sundial","Magic Flower","Pandora\u0027s Box","Shovel"],"potions_floor_usage":[13,16,21],"damage_taken":[{"damage":6,"enemies":"Jaw Worm","floor":1,"turns":6},{"damage":1,"enemies":"2 Louse","floor":2,"turns":3},{"damage":9,"enemies":"Small Slimes","floor":4,"turns":3},{"damage":42,"enemies":"Exordium Thugs","floor":5,"turns":6},{"damage":5,"enemies":"Lots of Slimes","floor":7,"turns":2},{"damage":9,"enemies":"Looter","floor":11,"turns":4},{"damage":14,"enemies":"Gremlin Nob","floor":13,"turns":4},{"damage":39,"enemies":"Slime Boss","floor":16,"turns":12},{"damage":2,"enemies":"3 Byrds","floor":18,"turns":4},{"damage":9,"enemies":"Spheric Guardian","floor":20,"turns":4},{"damage":18,"enemies":"3 Cultists","floor":21,"turns":6},{"damage":43,"enemies":"Sentry and Sphere","floor":24,"turns":6},{"damage":38,"enemies":"Shelled Parasite and Fungi","floor":25,"turns":3}],"seed_played":"266599262299877586","potions_obtained":[{"floor":5,"key":"SpeedPotion"},{"floor":13,"key":"Fruit Juice"}],"is_trial":false,"path_per_floor":["M","M","?","M","M","R","M","R","T","R","M","R","E","?","R","B",null,"M","$","M","M","$","R","M","M"],"character_chosen":"IRONCLAD","items_purchased":["Shovel","Weak Potion"],"campfire_rested":2,"item_purchase_floors":[19,19],"current_hp_per_floor":[80,80,74,71,35,35,36,36,36,36,33,55,52,41,64,34,79,79,79,79,70,70,70,36,0],"gold":150,"neow_bonus":"HUNDRED_GOLD","is_prod":false,"is_daily":false,"chose_seed":false,"campfire_upgraded":4,"win_rate":0,"timestamp":1562814165,"path_taken":["M","M","?","M","M","R","M","R","T","R","M","R","E","?","R","BOSS","M","$","M","M","$","R","M","M"],"build_version":"2019-07-05","purchased_purges":2,"victory":false,"max_hp_per_floor":[80,80,74,74,74,74,74,74,74,74,74,74,79,79,79,79,79,79,79,79,79,79,79,79,79],"card_choices":[{"not_picked":["Havoc","Warcry"],"picked":"Clothesline","floor":1},{"not_picked":["Sword Boomerang","Uppercut"],"picked":"Cleave","floor":2},{"not_picked":["Blood for Blood","Headbutt"],"picked":"Rampage","floor":4},{"not_picked":["Anger","Havoc","Cleave"],"picked":"SKIP","floor":5},{"not_picked":["Warcry","True Grit"],"picked":"Shrug It Off","floor":7},{"not_picked":["Metallicize","Body Slam","Cleave"],"picked":"SKIP","floor":11},{"not_picked":["Anger","Sentinel","Dark Embrace"],"picked":"SKIP","floor":13},{"not_picked":["Feed","Juggernaut"],"picked":"Barricade","floor":16},{"not_picked":["Havoc+1","Anger"],"picked":"Body Slam+1","floor":18},{"not_picked":["Warcry","Twin Strike"],"picked":"Entrench","floor":20},{"not_picked":["Anger","Wild Strike"],"picked":"Burning Pact+1","floor":21},{"not_picked":["Havoc+1","Hemokinesis"],"picked":"Whirlwind","floor":24}],"player_experience":3927684,"relics_obtained":[{"floor":9,"key":"Sundial"},{"floor":13,"key":"Magic Flower"}],"event_choices":[{"damage_healed":0,"gold_gain":0,"player_choice":"Lose Max HP","damage_taken":0,"relics_obtained":["Golden Idol"],"max_hp_gain":0,"max_hp_loss":6,"event_name":"Golden Idol","floor":3,"gold_loss":0},{"damage_healed":0,"gold_gain":75,"player_choice":"Gather Gold","damage_taken":11,"max_hp_gain":0,"max_hp_loss":0,"event_name":"World of Goop","floor":14,"gold_loss":0}],"is_beta":false,"boss_relics":[{"not_picked":["Orrery","White Beast Statue"],"picked":"Pandora\u0027s Box"}],"items_purged_floors":[19,22],"is_endless":false,"potions_floor_spawned":[5,13],"killed_by":"Shelled Parasite and Fungi","ascension_level":0}