{"gold_per_floor":[112,127,52,67,67,67,77,92,92,12,12,12,27,39,39,39],"floor_reached":16,"playtime":674,"items_purged":[],"score":183,"play_id":"e701b36c-9fe2-449c-8e5a-34b81ba88d49","local_time":"20181112111457","is_ascension_mode":true,"campfire_choices":[{"data":"1","floor":6,"key":"LIFT"},{"data":"2","floor":12,"key":"LIFT"},{"floor":15,"key":"REST"}],"neow_cost":"CURSE","seed_source_timestamp":666783971105391,"circlet_count":0,"master_deck":["AscendersBane","Defend_G","Defend_G","Defend_G","Defend_G","Defend_G","Strike_G","Strike_G","Strike_G","Survivor","Neutralize","PiercingWail","Dagger Throw","Flying Knee","Poisoned Stab","Crippling Poison","Prepared","Calculated Gamble"],"relics":["Ring of the Snake","Girya","Darkstone Periapt"],"potions_floor_usage":[4,16],"damage_taken":[{"damage":16,"enemies":"Jaw Worm","floor":1,"turns":8},{"damage":0,"enemies":"Small Slimes","floor":2,"turns":4},{"damage":0,"enemies":"Cultist","floor":4,"turns":4},{"damage":2,"enemies":"Red Slaver","floor":7,"turns":5},{"damage":6,"enemies":"2 Fungi Beasts","floor":8,"turns":5},{"damage":6,"enemies":"Looter","floor":13,"turns":3},{"damage":2,"enemies":"3 Louse","floor":14,"turns":3},{"damage":44,"enemies":"Slime Boss","floor":16,"turns":8}],"seed_played":"5077524836031568446","potions_obtained":[{"floor":2,"key":"Poison Potion"},{"floor":13,"key":"LiquidBronze"}],"is_trial":false,"path_per_floor":["M","M","?","M","?","R","M","M","T","$","?","R","M","M","R","B"],"character_chosen":"THE_SILENT","items_purchased":["Crippling Poison"],"campfire_rested":1,"item_purchase_floors":[10],"current_hp_per_floor":[43,43,43,43,36,36,34,28,28,28,28,28,22,20,39,0],"gold":39,"neow_bonus":"ONE_RARE_RELIC","is_prod":false,"is_daily":false,"chose_seed":false,"campfire_upgraded":0,"win_rate":0,"timestamp":1542039297,"path_taken":["M","M","?","M","?","R","M","M","T","$","?","R","?","M","R","BOSS"],"build_version":"2018-11-08","purchased_purges":0,"victory":false,"max_hp_per_floor":[66,66,66,66,66,66,66,66,66,66,66,66,66,66,66,66],"card_choices":[{"not_picked":["Terror","Cloak And Dagger"],"picked":"PiercingWail","floor":1},{"not_picked":["Bane","Finisher","Heel Hook"],"picked":"SKIP","floor":2},{"not_picked":["Choke","Prepared"],"picked":"Dagger Throw","floor":4},{"not_picked":["Deflect","Burst"],"picked":"Flying Knee","floor":7},{"not_picked":["Terror","Quick Slash"],"picked":"Poisoned Stab","floor":8},{"not_picked":["Blade Dance","Flying Knee"],"picked":"Prepared","floor":13},{"not_picked":["Bane","Underhanded Strike"],"picked":"Calculated Gamble","floor":14}],"player_experience":2228076,"relics_obtained":[{"floor":9,"key":"Darkstone Periapt"}],"event_choices":[{"cards_removed":["Doubt"],"damage_healed":0,"gold_gain":0,"player_choice":"Card Removal","damage_taken":0,"max_hp_gain":0,"max_hp_loss":0,"event_name":"The Cleric","floor":3,"gold_loss":75},{"cards_removed":["Strike_G"],"damage_healed":0,"gold_gain":0,"player_choice":"Card Removal","damage_taken":7,"max_hp_gain":0,"max_hp_loss":0,"event_name":"Golden Wing","floor":5,"gold_loss":0},{"cards_removed":["Strike_G"],"damage_healed":0,"gold_gain":0,"player_choice":"Card Removal","damage_taken":0,"max_hp_gain":0,"max_hp_loss":0,"event_name":"Wheel of Change","floor":11,"gold_loss":0}],"is_beta":false,"boss_relics":[],"items_purged_floors":[],"is_endless":false,"potions_floor_spawned":[2,13],"killed_by":"Slime Boss","ascension_level":19}