{"gold_per_floor":[119,16,16,29,29,29,54,18,74,86,86,100,100,115,115,217,217,230,9,22,42,55,55,68,68,68,99,99,118,144,144,144,248,248,263,88,0,18,33,33,33,33,33,33,50,50,70,70,70,70],"floor_reached":51,"playtime":2765,"items_purged":["Strike_G","Strike_G"],"score":712,"play_id":"e5188a70-dc5f-41c6-8140-1c6d9c1479a6","local_time":"20190705092944","is_ascension_mode":false,"campfire_choices":[{"data":"PiercingWail","floor":6,"key":"SMITH"},{"data":"Survivor","floor":11,"key":"SMITH"},{"data":"Defend_G","floor":13,"key":"SMITH"},{"data":"PiercingWail","floor":15,"key":"SMITH"},{"data":"Backflip","floor":23,"key":"SMITH"},{"data":"Terror","floor":25,"key":"SMITH"},{"data":"Backflip","floor":28,"key":"SMITH"},{"data":"Corpse Explosion","floor":32,"key":"SMITH"},{"data":"Noxious Fumes","floor":40,"key":"SMITH"},{"data":"Footwork","floor":46,"key":"SMITH"},{"floor":49,"key":"REST"}],"neow_cost":"NONE","seed_source_timestamp":1931888669561476,"circlet_count":0,"master_deck":["Strike_G","Defend_G+1","Defend_G","Defend_G","Defend_G","Defend_G","Survivor+1","Neutralize+1","PiercingWail+1","Dagger Throw","Dagger Spray+1","Die Die Die+1","Dash+1","Flying Knee+1","PiercingWail+1","Corpse Explosion+1","Sucker Punch+1","Backflip+1","Backflip+1","Terror+1","Dodge and Roll+1","Leg Sweep+1","Prepared+1","Quick Slash+1","Phantasmal Killer+1","Backflip+1","Noxious Fumes+1","Outmaneuver+1","Underhanded Strike+1","Madness+1","Madness+1","Footwork+1","PiercingWail+1"],"relics":["Ring of the Snake","Pen Nib","Molten Egg 2","Pear","Tiny Chest","Sozu","Bag of Preparation","Pocketwatch","Letter Opener","Toxic Egg 2","Runic Pyramid","Red Mask","PreservedInsect","Pantograph"],"potions_floor_usage":[7,7,50],"damage_taken":[{"damage":3,"enemies":"2 Louse","floor":1,"turns":4},{"damage":0,"enemies":"Small Slimes","floor":4,"turns":3},{"damage":3,"enemies":"Lagavulin","floor":7,"turns":6},{"damage":0,"enemies":"Cultist","floor":10,"turns":3},{"damage":0,"enemies":"Gremlin Gang","floor":12,"turns":1},{"damage":11,"enemies":"Lots of Slimes","floor":14,"turns":3},{"damage":28,"enemies":"Hexaghost","floor":16,"turns":12},{"damage":0,"enemies":"Chosen","floor":18,"turns":4},{"damage":0,"enemies":"3 Byrds","floor":20,"turns":3},{"damage":0,"enemies":"Centurion and Healer","floor":21,"turns":5},{"damage":10,"enemies":"Chosen and Byrds","floor":22,"turns":5},{"damage":0,"enemies":"Snake Plant","floor":24,"turns":3},{"damage":0,"enemies":"Gremlin Leader","floor":27,"turns":4},{"damage":2,"enemies":"Cultist and Chosen","floor":29,"turns":4},{"damage":6,"enemies":"Book of Stabbing","floor":30,"turns":7},{"damage":11,"enemies":"Collector","floor":33,"turns":9},{"damage":0,"enemies":"Orb Walker","floor":35,"turns":2},{"damage":0,"enemies":"3 Shapes","floor":38,"turns":3},{"damage":5,"enemies":"Spire Growth","floor":39,"turns":4},{"damage":0,"enemies":"Sphere and 2 Shapes","floor":45,"turns":3},{"damage":0,"enemies":"3 Darklings","floor":47,"turns":2},{"damage":10,"enemies":"Time Eater","floor":50,"turns":11}],"seed_played":"-8736203014246813630","potions_obtained":[{"floor":4,"key":"Strength Potion"},{"floor":10,"key":"Explosive Potion"}],"is_trial":false,"path_per_floor":["M","$","?","M","?","R","E","$","T","M","R","M","R","M","R","B",null,"M","$","M","M","M","R","M","R","T","E","R","M","E","?","R","B",null,"M","$","?","M","M","R","T","?","T","?","M","R","M","$","R","B",null],"character_chosen":"THE_SILENT","items_purchased":["Dagger Throw","Poison Potion","Dash+1","Bag of Preparation","Noxious Fumes"],"campfire_rested":1,"item_purchase_floors":[2,2,8,19,36],"current_hp_per_floor":[67,67,55,55,55,55,62,62,62,62,62,62,62,51,51,23,80,80,80,80,80,70,70,70,70,70,70,70,68,62,62,62,51,80,80,80,80,80,75,75,75,75,75,65,65,65,65,65,80,70],"gold":70,"neow_bonus":"RANDOM_COMMON_RELIC","is_prod":false,"is_daily":false,"chose_seed":false,"campfire_upgraded":10,"win_rate":0,"timestamp":1562333384,"path_taken":["M","$","?","M","?","R","E","$","T","M","R","M","R","?","R","BOSS","M","$","?","?","M","R","M","R","T","E","R","M","E","?","R","BOSS","M","$","?","M","M","R","?","?","T","?","M","R","?","$","R","BOSS"],"build_version":"2019-07-01","purchased_purges":2,"victory":true,"max_hp_per_floor":[70,70,70,70,70,70,80,80,80,80,80,80,80,80,80,80,80,80,80,80,80,80,80,80,80,80,80,80,80,80,80,80,80,80,80,80,80,80,80,80,80,80,80,80,80,80,80,80,80,80],"card_choices":[{"not_picked":["Blade Dance","Tactician"],"picked":"PiercingWail","floor":1},{"not_picked":["Deflect","Underhanded Strike+1"],"picked":"Dagger Spray+1","floor":4},{"not_picked":["Backflip","Dagger Throw+1"],"picked":"Die Die Die+1","floor":7},{"not_picked":["Masterful Stab+1","Slice+1","Blade Dance"],"picked":"SKIP","floor":10},{"not_picked":["Escape Plan","Distraction"],"picked":"Flying Knee+1","floor":12},{"not_picked":["Poisoned Stab+1","Endless Agony+1"],"picked":"PiercingWail","floor":14},{"not_picked":["Venomology","Die Die Die+1"],"picked":"Corpse Explosion","floor":16},{"not_picked":["Flying Knee+1","Expertise"],"picked":"Sucker Punch+1","floor":18},{"not_picked":["Bouncing Flask","Endless Agony+1"],"picked":"Backflip","floor":20},{"not_picked":["Deadly Poison","Underhanded Strike+1"],"picked":"PiercingWail","floor":21},{"not_picked":["Prepared","Well Laid Plans"],"picked":"Backflip","floor":22},{"not_picked":["Blur","Deadly Poison"],"picked":"Terror","floor":24},{"not_picked":["Blade Dance+1","Masterful Stab+1","Terror"],"picked":"SKIP","floor":27},{"not_picked":["Dagger Spray+1","Flying Knee+1"],"picked":"Dodge and Roll+1","floor":29},{"not_picked":["Blade Dance","Predator+1"],"picked":"Leg Sweep+1","floor":30},{"not_picked":["Grand Finale+1","Bullet Time+1"],"picked":"Phantasmal Killer+1","floor":33},{"not_picked":["Dagger Spray+1","Sucker Punch+1"],"picked":"Backflip+1","floor":35},{"not_picked":["Deadly Poison+1","Blur+1"],"picked":"Outmaneuver+1","floor":38},{"not_picked":["Deadly Poison+1","Flying Knee+1"],"picked":"Underhanded Strike+1","floor":39},{"not_picked":["Blade Dance+1","Noxious Fumes+1"],"picked":"Footwork","floor":45},{"not_picked":["Deadly Poison+1","Acrobatics+1"],"picked":"PiercingWail+1","floor":47}],"player_experience":3897638,"relics_obtained":[{"floor":7,"key":"Pear"},{"floor":9,"key":"Tiny Chest"},{"floor":26,"key":"Pocketwatch"},{"floor":27,"key":"Letter Opener"},{"floor":30,"key":"Toxic Egg 2"},{"floor":41,"key":"PreservedInsect"},{"floor":43,"key":"Pantograph"}],"event_choices":[{"damage_healed":0,"gold_gain":0,"player_choice":"Success","damage_taken":12,"relics_obtained":["Molten Egg 2"],"max_hp_gain":0,"max_hp_loss":0,"event_name":"Scrap Ooze","floor":3,"gold_loss":0},{"damage_healed":0,"gold_gain":0,"player_choice":"Upgraded","damage_taken":0,"max_hp_gain":0,"max_hp_loss":0,"event_name":"Upgrade Shrine","floor":5,"gold_loss":0,"cards_upgraded":["Neutralize"]},{"damage_healed":0,"gold_gain":0,"cards_transformed":["Strike_G","Strike_G"],"player_choice":"Became Test Subject","damage_taken":0,"max_hp_gain":0,"max_hp_loss":0,"event_name":"Drug Dealer","floor":31,"gold_loss":0,"cards_obtained":["Prepared","Quick Slash"]},{"damage_healed":0,"gold_gain":0,"player_choice":"Paid","damage_taken":0,"relics_obtained":["Red Mask"],"max_hp_gain":0,"max_hp_loss":0,"event_name":"Tomb of Lord Red Mask","floor":37,"gold_loss":88},{"cards_removed":["PiercingWail"],"damage_healed":0,"gold_gain":0,"player_choice":"Removed Skill","damage_taken":0,"max_hp_gain":0,"max_hp_loss":0,"event_name":"Falling","floor":42,"gold_loss":0},{"damage_healed":0,"gold_gain":0,"player_choice":"Embrace Madness","damage_taken":10,"max_hp_gain":0,"max_hp_loss":0,"event_name":"Winding Halls","floor":44,"gold_loss":0,"cards_obtained":["Madness","Madness"]}],"is_beta":false,"boss_relics":[{"not_picked":["Coffee Dripper","Empty Cage"],"picked":"Sozu"},{"not_picked":["Velvet Choker","Black Star"],"picked":"Runic Pyramid"}],"items_purged_floors":[19,36],"is_endless":false,"potions_floor_spawned":[4,10,20,27,33,35,45],"ascension_level":0}