{"path_per_floor":["M","$","M","?","M","E","R","E","T","M","R","?","M","$","R","B",null,"M","M","$","M","M"],"character_chosen":"IRONCLAD","items_purchased":["Rage","Perfected Strike","Rampage","Bag of Preparation","Sword Boomerang"],"gold_per_floor":[118,33,43,118,128,161,161,190,244,255,255,255,265,74,74,169,169,181,194,168,188,205],"floor_reached":23,"campfire_rested":2,"playtime":3252,"current_hp_per_floor":[73,73,71,60,60,46,72,62,62,60,60,65,65,65,92,55,92,72,44,44,32,6],"items_purged":[],"gold":205,"play_id":"0950e68a-19d7-4e10-9ed1-431ff003780d","is_prod":false,"is_daily":false,"campfire_rituals":0,"campfire_upgraded":1,"is_hardmode":false,"path_taken":["M","$","M","?","M","E","R","E","T","M","R","?","M","$","R","BOSS","M","M","$","M","M","E"],"build_version":"2018-01-11-PROD2","purchased_purges":0,"victory":false,"master_deck":["Strike_R","Strike_R","Strike_R","Strike_R","Strike_R","Defend_R","Defend_R","Defend_R","Defend_R","Bash","Headbutt","Rage","Perfected Strike","Sword Boomerang","Spot Weakness","Double Tap","Shockwave","Thunderclap","Reckless Charge","Rampage","Impervious","Headbutt","Iron Wave","Sword Boomerang","Armaments","Headbutt"],"max_hp_per_floor":[80,80,80,80,80,87,87,87,87,87,87,92,92,92,92,92,92,92,92,92,92,92],"relics":["Velvet Choker","Strawberry","Oddly Smooth Stone","Happy Flower","Bag of Preparation","Philosopher\u0027s Stone"],"campfire_meditates":0,"card_choices":[{"not_picked":["Seeing Red","Pommel Strike"],"picked":"Headbutt"},{"not_picked":["Dual Wield","Pommel Strike"],"picked":"Sword Boomerang"},{"not_picked":["Anger","Reckless Charge"],"picked":"Spot Weakness"},{"not_picked":["Perfected Strike","Hemokinesis"],"picked":"Double Tap"},{"not_picked":["Sword Boomerang","Anger"],"picked":"Shockwave"},{"not_picked":["Armaments","Burning Pact"],"picked":"Thunderclap"},{"not_picked":["Body Slam","Armaments"],"picked":"Reckless Charge"},{"not_picked":["Demon Form","Barricade"],"picked":"Impervious"},{"not_picked":["Sword Boomerang","True Grit"],"picked":"Headbutt"},{"not_picked":["Shockwave","Twin Strike"],"picked":"Iron Wave"},{"not_picked":["Perfected Strike","Pummel"],"picked":"Armaments"},{"not_picked":["Heavy Blade","Inflame"],"picked":"Headbutt"}],"player_experience":11458,"potions_floor_usage":[16,16,19,19],"damage_taken":[{"damage":7,"enemies":"Blue Slaver","floor":1,"turns":4},{"damage":2,"enemies":"2 Louse","floor":3,"turns":2},{"damage":0,"enemies":"Small Slimes","floor":5,"turns":2},{"damage":21,"enemies":"Lagavulin","floor":6,"turns":5},{"damage":10,"enemies":"3 Sentries","floor":8,"turns":6},{"damage":2,"enemies":"3 Louse","floor":10,"turns":3},{"damage":0,"enemies":"Looter","floor":13,"turns":2},{"damage":37,"enemies":"The Guardian","floor":16,"turns":6},{"damage":20,"enemies":"2 Thieves","floor":18,"turns":4},{"damage":37,"enemies":"3 Byrds","floor":19,"turns":4},{"damage":12,"enemies":"3 Cultists","floor":21,"turns":4},{"damage":26,"enemies":"Centurion and Healer","floor":22,"turns":4},{"damage":9,"enemies":"Gremlin Leader","floor":23,"turns":1}],"event_choices":[{"event_name":"World of Goop","player_choice":"Gather Gold","floor":4,"damage_taken":0},{"event_name":"Big Fish","player_choice":"Donut","floor":12,"damage_taken":0}],"boss_relics":[{"not_picked":["Eternal Feather","Lizard Tail"],"picked":"Philosopher\u0027s Stone"}],"potions_floor_spawned":[5,6,10,13,16,18],"seed_played":"3438967837973526372","killed_by":"Gremlin Leader","is_trial":false}