{"path_per_floor":["M","?","$","?","M","R","E","$","T","M","R","M","R","$","R","B",null,"M","$","?","M","M","R"],"character_chosen":"THE_SILENT","items_purchased":["Deadly Poison","Footwork","Madness"],"gold_per_floor":[119,69,23,198,217,217,244,8,8,19,19,32,32,32,32,110,110,127,27,27,31,49,49],"floor_reached":24,"campfire_rested":1,"playtime":1795,"current_hp_per_floor":[63,63,63,63,63,63,63,63,63,65,65,61,61,61,61,35,59,51,51,51,37,11,31],"items_purged":["Doubt","Strike_G"],"gold":49,"score":361,"play_id":"4c18f42d-64fb-44bc-86e8-7cd002e3483c","local_time":"20180307142305","is_prod":false,"is_daily":false,"is_ascension_mode":true,"campfire_upgraded":4,"timestamp":1520450585,"path_taken":["M","?","?","?","M","R","E","$","T","M","R","?","R","$","R","BOSS","M","$","?","?","M","R","E"],"build_version":"2018-03-01-PROD1","purchased_purges":2,"victory":false,"master_deck":["Defend_G","Defend_G","Defend_G","Defend_G","Defend_G","Strike_G","Strike_G","Strike_G","Strike_G","Survivor","Neutralize+1","Backflip","Deadly Poison+1","Prepared","Calculated Gamble","Footwork+1","Madness+1","Backflip","Dagger Spray","Footwork"],"max_hp_per_floor":[70,67,67,67,67,67,67,67,67,67,67,67,67,67,67,67,67,67,67,67,67,67,67],"relics":["Ring of the Snake","NeowsBlessing","Ice Cream","Blood Vial","Lizard Tail"],"card_choices":[{"not_picked":["Reflex","Slice"],"picked":"Backflip"},{"not_picked":["Dash","Riddle With Holes"],"picked":"Prepared"},{"not_picked":["Bane","Masterful Stab"],"picked":"Calculated Gamble"},{"not_picked":["Prepared","PiercingWail"],"picked":"Backflip"},{"not_picked":["Caltrops","Deflect"],"picked":"Dagger Spray"},{"not_picked":["Infinite Blades","Acrobatics"],"picked":"Footwork"}],"player_experience":940895,"potions_floor_usage":[12,21,22],"damage_taken":[{"damage":0,"enemies":"Small Slimes","floor":1,"turns":1},{"damage":0,"enemies":"2 Louse","floor":5,"turns":1},{"damage":0,"enemies":"Lagavulin","floor":7,"turns":1},{"damage":0,"enemies":"Cultist","floor":10,"turns":5},{"damage":18,"enemies":"Exordium Thugs","floor":12,"turns":6},{"damage":28,"enemies":"Hexaghost","floor":16,"turns":12},{"damage":10,"enemies":"Spheric Guardian","floor":18,"turns":6},{"damage":16,"enemies":"2 Thieves","floor":21,"turns":5},{"damage":28,"enemies":"3 Cultists","floor":22,"turns":8},{"damage":74,"enemies":"Gremlin Leader","floor":24,"turns":8}],"event_choices":[{"event_name":"The Cleric","player_choice":"Card Removal","floor":2,"damage_taken":0},{"event_name":"Liars Game","player_choice":"agreed","floor":4,"damage_taken":0},{"event_name":"Drug Dealer","player_choice":"Ignored","floor":20,"damage_taken":0}],"boss_relics":[{"not_picked":["The Specimen","Calling Bell"],"picked":"Lizard Tail"}],"potions_floor_spawned":[1,18,21],"seed_played":"1328078594754711556","killed_by":"Gremlin Leader","ascension_level":13,"is_trial":false}