{"gold_per_floor":[116,116,116,129,149,149,23,43,70,70,95,114,147,167,167,268,268,282,282,312,159,34,34],"floor_reached":23,"playtime":1377,"items_purged":["Strike_R","Strike_R","Strike_R"],"score":322,"play_id":"ba6edf92-1d7e-45f3-824e-2cc60c159e17","local_time":"20181211164314","is_ascension_mode":true,"campfire_choices":[{"data":"Armaments","floor":6,"key":"SMITH"},{"data":"Bash","floor":10,"key":"SMITH"},{"data":"Battle Trance","floor":15,"key":"SMITH"}],"neow_cost":"CURSE","seed_source_timestamp":2397942108648424,"circlet_count":0,"master_deck":["Strike_R","Strike_R","Defend_R","Defend_R","Defend_R","Defend_R","Bash+1","Carnage","Battle Trance+1","Armaments+1","Iron Wave","Whirlwind","Flex","Exhume","Battle Trance+1","Shrug It Off","Havoc"],"relics":["Burning Blood","Incense Burner","Dream Catcher","Vajra","Omamori","Bag of Marbles","Odd Mushroom","Runic Pyramid","Paper Frog","Red Mask"],"potions_floor_usage":[11,11,13,18,23,23],"damage_taken":[{"damage":1,"enemies":"2 Louse","floor":1,"turns":4},{"damage":8,"enemies":"Jaw Worm","floor":4,"turns":3},{"damage":0,"enemies":"Cultist","floor":5,"turns":4},{"damage":2,"enemies":"3 Louse","floor":8,"turns":3},{"damage":0,"enemies":"3 Sentries","floor":11,"turns":8},{"damage":7,"enemies":"2 Fungi Beasts","floor":12,"turns":3},{"damage":7,"enemies":"Gremlin Nob","floor":13,"turns":3},{"damage":0,"enemies":"The Mushroom Lair","floor":14,"turns":2},{"damage":46,"enemies":"The Guardian","floor":16,"turns":10},{"damage":12,"enemies":"3 Byrds","floor":18,"turns":5},{"damage":20,"enemies":"Masked Bandits","floor":20,"turns":5},{"damage":54,"enemies":"Gremlin Leader","floor":23,"turns":6}],"seed_played":"-8714560326195464276","potions_obtained":[{"floor":4,"key":"Poison Potion"},{"floor":8,"key":"AttackPotion"},{"floor":11,"key":"LiquidBronze"},{"floor":16,"key":"Weak Potion"},{"floor":20,"key":"Energy Potion"}],"is_trial":false,"path_per_floor":["M","?","?","M","M","R","$","M","T","R","E","M","E","?","R","B",null,"M","?","?","$","$","E"],"character_chosen":"IRONCLAD","items_purchased":["Energy Potion","Havoc"],"campfire_rested":0,"item_purchase_floors":[7,21],"current_hp_per_floor":[77,70,58,56,62,62,62,66,66,66,72,71,70,76,76,36,69,63,63,49,49,49,0],"gold":34,"neow_bonus":"ONE_RARE_RELIC","is_prod":false,"is_daily":false,"chose_seed":false,"campfire_upgraded":3,"win_rate":0,"timestamp":1544564594,"path_taken":["M","?","?","M","M","R","?","M","T","R","E","?","E","?","R","BOSS","M","?","?","?","$","E"],"build_version":"2018-12-06","purchased_purges":3,"victory":false,"max_hp_per_floor":[80,80,80,80,80,80,80,80,80,80,80,80,80,80,80,80,80,80,80,80,80,80,80],"card_choices":[{"not_picked":["Cleave","Intimidate"],"picked":"Carnage","floor":1},{"not_picked":["Pommel Strike","Inflame"],"picked":"Battle Trance","floor":4},{"not_picked":["Wild Strike","Searing Blow"],"picked":"Armaments","floor":5},{"not_picked":["Bloodletting","Cleave"],"picked":"Iron Wave","floor":8},{"not_picked":["Sword Boomerang","Carnage"],"picked":"Whirlwind","floor":11},{"not_picked":["Intimidate","Cleave"],"picked":"Flex","floor":12},{"not_picked":["Thunderclap","Pommel Strike","Heavy Blade"],"picked":"SKIP","floor":13},{"not_picked":["Thunderclap","Pommel Strike","Heavy Blade"],"picked":"SKIP","floor":13},{"not_picked":["Double Tap","Juggernaut"],"picked":"Exhume","floor":16},{"not_picked":["Wild Strike","Thunderclap"],"picked":"Battle Trance+1","floor":18},{"not_picked":["Thunderclap","Clothesline"],"picked":"Shrug It Off","floor":20}],"player_experience":2836027,"relics_obtained":[{"floor":9,"key":"Vajra"},{"floor":11,"key":"Omamori"},{"floor":13,"key":"Bag of Marbles"},{"floor":14,"key":"Odd Mushroom"},{"floor":20,"key":"Red Mask"}],"event_choices":[{"cards_removed":["Injury"],"damage_healed":0,"gold_gain":0,"player_choice":"Card Removal","damage_taken":7,"max_hp_gain":0,"max_hp_loss":0,"event_name":"Golden Wing","floor":2,"gold_loss":0},{"damage_healed":0,"gold_gain":0,"player_choice":"Success","damage_taken":12,"relics_obtained":["Dream Catcher"],"max_hp_gain":0,"max_hp_loss":0,"event_name":"Scrap Ooze","floor":3,"gold_loss":0},{"damage_healed":0,"gold_gain":0,"player_choice":"Fought Mushrooms","damage_taken":0,"max_hp_gain":0,"max_hp_loss":0,"event_name":"Mushrooms","floor":14,"gold_loss":0},{"damage_healed":0,"gold_gain":0,"player_choice":"Opened","damage_taken":0,"relics_obtained":["Paper Frog"],"max_hp_gain":0,"max_hp_loss":0,"event_name":"The Mausoleum","floor":19,"gold_loss":0},{"damage_healed":0,"gold_gain":0,"player_choice":"Fought Bandits","damage_taken":0,"max_hp_gain":0,"max_hp_loss":0,"event_name":"Masked Bandits","floor":20,"gold_loss":0}],"is_beta":false,"boss_relics":[{"not_picked":["Runic Dome","Philosopher\u0027s Stone"],"picked":"Runic Pyramid"}],"items_purged_floors":[7,21,22],"is_endless":false,"potions_floor_spawned":[4,8,11,16,20],"killed_by":"Gremlin Leader","ascension_level":9}