{"gold_per_floor":[116,136,136,146,42,42,71,71,71,71,71,71,71,115,115,115],"floor_reached":16,"playtime":565,"items_purged":[],"score":212,"play_id":"d80ac11a-74ad-45b0-a722-0992c906c37f","local_time":"20190429162035","is_ascension_mode":true,"campfire_choices":[{"data":"Whirlwind","floor":6,"key":"SMITH"},{"floor":8,"key":"REST"},{"floor":10,"key":"REST"},{"data":"Evolve","floor":13,"key":"SMITH"},{"data":"Disarm","floor":15,"key":"SMITH"}],"neow_cost":"NONE","seed_source_timestamp":1717509315730057,"circlet_count":0,"master_deck":["AscendersBane","Strike_R","Strike_R+1","Strike_R","Strike_R","Strike_R","Defend_R","Defend_R","Defend_R","Defend_R","Bash+1","Cleave","Whirlwind+1","Dropkick","Shrug It Off","Evolve+1","Disarm+1"],"relics":["Burning Blood","Oddly Smooth Stone","Dead Branch","Prayer Wheel","Golden Idol","Omamori"],"potions_floor_usage":[7,16],"damage_taken":[{"damage":8,"enemies":"Small Slimes","floor":1,"turns":4},{"damage":6,"enemies":"Jaw Worm","floor":2,"turns":4},{"damage":0,"enemies":"Cultist","floor":4,"turns":4},{"damage":39,"enemies":"Lagavulin","floor":7,"turns":6},{"damage":26,"enemies":"3 Sentries","floor":14,"turns":6},{"damage":41,"enemies":"Hexaghost","floor":16,"turns":11}],"seed_played":"8264075863020710363","potions_obtained":[{"floor":2,"key":"EssenceOfSteel"},{"floor":14,"key":"FearPotion"}],"is_trial":false,"path_per_floor":["M","M","?","M","$","R","E","R","T","R","$","?","R","E","R","B"],"character_chosen":"IRONCLAD","items_purchased":["Shrug It Off","Evolve"],"campfire_rested":2,"item_purchase_floors":[5,5],"current_hp_per_floor":[66,66,43,49,49,49,16,38,38,60,60,60,60,40,40,0],"gold":115,"neow_bonus":"RANDOM_COMMON_RELIC","is_prod":false,"is_daily":false,"chose_seed":false,"campfire_upgraded":3,"win_rate":0,"timestamp":1556569235,"path_taken":["M","M","?","M","$","R","E","R","T","R","?","?","R","E","R","BOSS"],"build_version":"2019-01-23","purchased_purges":0,"victory":false,"max_hp_per_floor":[75,75,75,75,75,75,75,75,75,75,75,68,68,68,68,68],"card_choices":[{"not_picked":["Wild Strike","Thunderclap"],"picked":"Cleave","floor":1},{"not_picked":["Armaments","Warcry"],"picked":"Whirlwind","floor":2},{"not_picked":["Pommel Strike","Iron Wave"],"picked":"Dropkick","floor":4},{"not_picked":["Sentinel","Combust"],"picked":"Disarm","floor":7},{"not_picked":["Searing Blow","Headbutt","Perfected Strike"],"picked":"SKIP","floor":14}],"player_experience":3520671,"relics_obtained":[{"floor":7,"key":"Dead Branch"},{"floor":9,"key":"Prayer Wheel"},{"floor":14,"key":"Omamori"}],"event_choices":[{"damage_healed":0,"gold_gain":0,"player_choice":"Entered Light","damage_taken":23,"max_hp_gain":0,"max_hp_loss":0,"event_name":"Shining Light","floor":3,"gold_loss":0,"cards_upgraded":["Strike_R","Bash"]},{"damage_healed":0,"gold_gain":0,"player_choice":"Lose Max HP","damage_taken":0,"relics_obtained":["Golden Idol"],"max_hp_gain":0,"max_hp_loss":7,"event_name":"Golden Idol","floor":12,"gold_loss":0}],"is_beta":false,"boss_relics":[],"items_purged_floors":[],"is_endless":false,"potions_floor_spawned":[2,14],"killed_by":"Hexaghost","ascension_level":20}