{"gold_per_floor":[115,115,139,314,35,35,35,73,126,141,141,155,105,125,125,248,248,271,285,323,323,346,364,378,378,378,413,413,33,56,72,72,72],"floor_reached":33,"playtime":2139,"items_purged":["Doubt","Clothesline"],"score":294,"play_id":"62788af5-bbcf-40aa-ab51-9a80c4b8f579","local_time":"20181116154202","is_ascension_mode":false,"campfire_choices":[{"data":"Bash","floor":6,"key":"SMITH"},{"data":"Uppercut","floor":11,"key":"SMITH"},{"data":"Clothesline","floor":15,"key":"SMITH"},{"floor":25,"key":"REST"},{"floor":28,"key":"REST"},{"floor":32,"key":"REST"}],"neow_cost":"NONE","seed_source_timestamp":233497553922239,"circlet_count":0,"master_deck":["Bash+1","Flex","Headbutt","Uppercut+1","Clothesline+1","Thunderclap","Battle Trance","Barricade","Flex","Clash","Uppercut","Clash","Havoc","Armaments","Havoc","Armaments+1","Demon Form","Burning Pact+1","Battle Trance","Entrench","Disarm","Whirlwind","Shockwave+1"],"relics":["Burning Blood","NeowsBlessing","Golden Idol","Strange Spoon","Letter Opener","Orichalcum","Pandora\u0027s Box","Red Mask","Charon\u0027s Ashes","Question Card","Kunai"],"potions_floor_usage":[16,16,16,20,27,30,31,33],"damage_taken":[{"damage":0,"enemies":"Small Slimes","floor":1,"turns":1},{"damage":0,"enemies":"2 Louse","floor":3,"turns":1},{"damage":0,"enemies":"Lagavulin","floor":8,"turns":1},{"damage":0,"enemies":"Cultist","floor":10,"turns":2},{"damage":4,"enemies":"Looter","floor":12,"turns":3},{"damage":4,"enemies":"3 Louse","floor":14,"turns":3},{"damage":26,"enemies":"Hexaghost","floor":16,"turns":9},{"damage":6,"enemies":"Shell Parasite","floor":18,"turns":4},{"damage":5,"enemies":"Spheric Guardian","floor":19,"turns":3},{"damage":5,"enemies":"Masked Bandits","floor":20,"turns":3},{"damage":23,"enemies":"Cultist and Chosen","floor":22,"turns":7},{"damage":18,"enemies":"Snake Plant","floor":23,"turns":5},{"damage":17,"enemies":"Centurion and Healer","floor":24,"turns":4},{"damage":42,"enemies":"Slavers","floor":27,"turns":6},{"damage":4,"enemies":"Snecko","floor":30,"turns":4},{"damage":32,"enemies":"3 Cultists","floor":31,"turns":5},{"damage":56,"enemies":"Automaton","floor":33,"turns":6}],"seed_played":"-6539630269341165165","potions_obtained":[{"floor":3,"key":"AttackPotion"},{"floor":7,"key":"SkillPotion"},{"floor":7,"key":"Energy Potion"},{"floor":7,"key":"SpeedPotion"},{"floor":16,"key":"Strength Potion"},{"floor":22,"key":"SneckoOil"},{"floor":24,"key":"Poison Potion"},{"floor":30,"key":"Poison Potion"},{"floor":31,"key":"Swift Potion"}],"is_trial":false,"path_per_floor":["M","?","M","?","$","R","?","E","T","M","R","M","?","M","R","B",null,"M","M","?","?","M","M","M","R","T","E","R","$","M","M","R","B"],"character_chosen":"IRONCLAD","items_purchased":["Strange Spoon","Kunai","Disarm"],"campfire_rested":3,"item_purchase_floors":[5,29,29],"current_hp_per_floor":[80,74,74,74,74,74,74,74,74,74,74,74,74,74,74,54,74,74,74,74,74,57,45,34,56,56,20,42,42,44,18,40,0],"gold":72,"neow_bonus":"THREE_ENEMY_KILL","is_prod":false,"is_daily":false,"chose_seed":false,"campfire_upgraded":3,"win_rate":0,"timestamp":1542400922,"path_taken":["M","?","M","?","$","R","?","E","T","?","R","M","?","M","R","BOSS","M","M","?","?","M","?","M","R","T","E","R","?","M","M","R","BOSS"],"build_version":"2018-11-15","purchased_purges":2,"victory":false,"max_hp_per_floor":[80,74,74,74,74,74,74,74,74,74,74,74,74,74,74,74,74,74,74,74,74,74,74,74,74,74,74,74,74,74,74,74,74],"card_choices":[{"not_picked":["Spot Weakness","Rupture"],"picked":"Flex","floor":1},{"not_picked":["Shrug It Off","Pommel Strike"],"picked":"Headbutt","floor":3},{"not_picked":["Pommel Strike","Infernal Blade"],"picked":"Uppercut","floor":8},{"not_picked":["Bloodletting","Dual Wield"],"picked":"Clothesline","floor":10},{"not_picked":["Feel No Pain","Fiend Fire"],"picked":"Thunderclap","floor":12},{"not_picked":["Blood for Blood","Wild Strike"],"picked":"Battle Trance","floor":14},{"not_picked":["Limit Break","Offering"],"picked":"Barricade","floor":16},{"not_picked":["Cleave","Iron Wave"],"picked":"Armaments+1","floor":18},{"not_picked":["Flex","Headbutt","Perfected Strike"],"picked":"SKIP","floor":19},{"not_picked":["Blood for Blood","Twin Strike"],"picked":"Demon Form","floor":20},{"not_picked":["Thunderclap","True Grit"],"picked":"Burning Pact+1","floor":22},{"not_picked":["Bloodletting","Iron Wave"],"picked":"Battle Trance","floor":23},{"not_picked":["Sword Boomerang","Heavy Blade","Twin Strike"],"picked":"SKIP","floor":24},{"not_picked":["Corruption","Burning Pact"],"picked":"Entrench","floor":27},{"not_picked":["Anger","Evolve","Blood for Blood"],"picked":"Whirlwind","floor":30},{"not_picked":["Clothesline","Wild Strike+1","Clash"],"picked":"Shockwave+1","floor":31}],"player_experience":2338836,"relics_obtained":[{"floor":8,"key":"Letter Opener"},{"floor":9,"key":"Orichalcum"},{"floor":20,"key":"Red Mask"},{"floor":26,"key":"Charon\u0027s Ashes"},{"floor":27,"key":"Question Card"}],"event_choices":[{"damage_healed":0,"gold_gain":0,"player_choice":"Lose Max HP","damage_taken":0,"relics_obtained":["Golden Idol"],"max_hp_gain":0,"max_hp_loss":6,"event_name":"Golden Idol","floor":2,"gold_loss":0},{"damage_healed":0,"gold_gain":175,"player_choice":"AGREE","damage_taken":0,"max_hp_gain":0,"max_hp_loss":0,"event_name":"Liars Game","floor":4,"gold_loss":0,"cards_obtained":["Doubt"]},{"damage_healed":0,"gold_gain":0,"player_choice":"Got Potions","damage_taken":0,"max_hp_gain":0,"max_hp_loss":0,"event_name":"Lab","floor":7,"gold_loss":0},{"cards_removed":["Strike_R"],"damage_healed":0,"gold_gain":0,"player_choice":"Card Removal","damage_taken":0,"max_hp_gain":0,"max_hp_loss":0,"event_name":"The Cleric","floor":13,"gold_loss":50},{"damage_healed":0,"gold_gain":0,"player_choice":"Fought Bandits","damage_taken":0,"max_hp_gain":0,"max_hp_loss":0,"event_name":"Masked Bandits","floor":20,"gold_loss":0},{"damage_healed":0,"gold_gain":0,"player_choice":"Leave","damage_taken":0,"max_hp_gain":0,"max_hp_loss":0,"event_name":"FaceTrader","floor":21,"gold_loss":0}],"is_beta":false,"boss_relics":[{"not_picked":["Fusion Hammer","Eternal Feather"],"picked":"Pandora\u0027s Box"}],"items_purged_floors":[5,29],"is_endless":false,"potions_floor_spawned":[3,10,14,16,22,24,30,31],"killed_by":"Automaton","ascension_level":0}