{"gold_per_floor":[111,61,61,75,25,53,53,53,78,78],"floor_reached":10,"playtime":548,"items_purged":[],"score":90,"play_id":"b9ab39a8-cc55-4bf2-abe3-fe6bc95b4906","local_time":"20190720200310","is_ascension_mode":true,"campfire_choices":[{"data":"Infinite Blades","floor":8,"key":"SMITH"}],"neow_cost":"CURSE","seed_source_timestamp":596655590339813,"circlet_count":0,"master_deck":["Strike_G","Strike_G","Strike_G","Strike_G+1","Strike_G","Defend_G","Defend_G","Defend_G","Defend_G","Defend_G","Survivor+1","Neutralize+1","Wraith Form v2+1","Infinite Blades+1","Deadly Poison","Flying Knee","Poisoned Stab"],"relics":["Ring of the Snake","Whetstone","Dream Catcher"],"potions_floor_usage":[6,6],"damage_taken":[{"damage":3,"enemies":"2 Louse","floor":1,"turns":3},{"damage":6,"enemies":"Jaw Worm","floor":4,"turns":5},{"damage":30,"enemies":"Lagavulin","floor":6,"turns":6},{"damage":10,"enemies":"3 Sentries","floor":10,"turns":6}],"seed_played":"1528696372534111943","potions_obtained":[{"floor":1,"key":"Fire Potion"},{"floor":4,"key":"SkillPotion"}],"is_trial":false,"path_per_floor":["M","?","?","M","$","E","?","R","T","E"],"character_chosen":"THE_SILENT","items_purchased":["Flying Knee"],"campfire_rested":0,"item_purchase_floors":[5],"current_hp_per_floor":[60,60,46,40,40,10,33,33,33,23],"gold":78,"neow_bonus":"THREE_RARE_CARDS","is_prod":false,"is_daily":false,"chose_seed":false,"campfire_upgraded":1,"win_rate":0,"timestamp":1563674590,"path_taken":["M","?","?","M","?","E","?","R","T","E"],"build_version":"2019-07-18","purchased_purges":0,"victory":false,"max_hp_per_floor":[70,70,70,70,70,70,70,70,70,70],"card_choices":[{"not_picked":["Night Terror","Venomology"],"picked":"Wraith Form v2","floor":0},{"not_picked":["Deadly Poison","Accuracy"],"picked":"Infinite Blades","floor":1},{"not_picked":["Eviscerate","Deflect"],"picked":"Deadly Poison","floor":4},{"not_picked":["Masterful Stab","Acrobatics"],"picked":"Poisoned Stab","floor":6}],"player_experience":1249779,"relics_obtained":[{"floor":6,"key":"Whetstone"},{"floor":9,"key":"Dream Catcher"}],"event_choices":[{"cards_removed":["Decay"],"damage_healed":0,"gold_gain":0,"player_choice":"Card Removal","damage_taken":0,"max_hp_gain":0,"max_hp_loss":0,"event_name":"The Cleric","floor":2,"gold_loss":50},{"damage_healed":0,"gold_gain":0,"player_choice":"Entered Light","damage_taken":14,"max_hp_gain":0,"max_hp_loss":0,"event_name":"Shining Light","floor":3,"gold_loss":0,"cards_upgraded":["Wraith Form v2","Survivor"]},{"damage_healed":23,"gold_gain":0,"player_choice":"Banana","damage_taken":0,"max_hp_gain":0,"max_hp_loss":0,"event_name":"Big Fish","floor":7,"gold_loss":0}],"is_beta":true,"boss_relics":[],"items_purged_floors":[],"is_endless":false,"potions_floor_spawned":[1,4],"killed_by":"3 Sentries","ascension_level":8}