{"gold_per_floor":[114,129,144,159,9,9,39,39,64,79,79,79,109,124,124,224,224,239,256,256,256,105,105,23,23,48,48,148,163,163,178,178,278,278,293,42,142,192,192,192,207,25,25,25,25,25,40,40,40,40],"floor_reached":51,"playtime":10323,"items_purged":["Writhe","Brutality"],"score":699,"play_id":"14963ce7-6d7b-4521-8ea3-43d06a6569d7","local_time":"20181120234802","daily_mods":["Shiny","Flight","Night Terrors"],"is_ascension_mode":false,"campfire_choices":[{"data":"Demon Form","floor":6,"key":"SMITH"},{"data":"Armaments","floor":8,"key":"SMITH"},{"data":"Seeing Red","floor":15,"key":"SMITH"},{"data":"Havoc","floor":23,"key":"SMITH"},{"data":"Feed","floor":25,"key":"SMITH"},{"data":"Heavy Blade","floor":27,"key":"SMITH"},{"data":"True Grit","floor":30,"key":"SMITH"},{"data":"True Grit","floor":32,"key":"SMITH"},{"data":"Barricade","floor":40,"key":"SMITH"},{"data":"Mayhem","floor":45,"key":"SMITH"},{"data":"Sentinel","floor":46,"key":"SMITH"},{"data":"Havoc","floor":49,"key":"SMITH"}],"neow_cost":"","seed_source_timestamp":0,"circlet_count":0,"master_deck":["Double Tap","Demon Form+1","Bludgeon","Feed+1","Limit Break","Barricade+1","Fiend Fire","Dark Embrace","Berserk","Impervious","Juggernaut","Reaper","Exhume","Offering","Immolate","Havoc+1","Ghostly Armor","Shockwave","Armaments+1","Seeing Red+1","Power Through","Shrug It Off","Body Slam+1","Mind Blast+1","True Grit+1","Ghostly Armor","True Grit+1","Seeing Red+1","Thunderclap+1","Feed+1","Havoc+1","Body Slam+1","Havoc","Body Slam+1","Sentinel+1","Mayhem+1","Spot Weakness+1"],"special_seed":17856,"relics":["Burning Blood","Anchor","Gremlin Horn","Bronze Scales","Singing Bowl","Turnip","Lizard Tail","Red Mask","Molten Egg 2","Smiling Mask","Prayer Wheel","Blue Candle","Philosopher\u0027s Stone","Lantern","Mango","FossilizedHelix","Blood Vial"],"potions_floor_usage":[2,16,28,38,50,50],"damage_taken":[{"damage":0,"enemies":"Cultist","floor":1,"turns":2},{"damage":0,"enemies":"Small Slimes","floor":2,"turns":2},{"damage":17,"enemies":"Jaw Worm","floor":3,"turns":3},{"damage":11,"enemies":"Exordium Wildlife","floor":4,"turns":2},{"damage":37,"enemies":"3 Sentries","floor":7,"turns":6},{"damage":0,"enemies":"2 Fungi Beasts","floor":10,"turns":2},{"damage":17,"enemies":"Gremlin Nob","floor":13,"turns":4},{"damage":0,"enemies":"Looter","floor":14,"turns":2},{"damage":14,"enemies":"Slime Boss","floor":16,"turns":8},{"damage":23,"enemies":"Shell Parasite","floor":18,"turns":4},{"damage":6,"enemies":"Masked Bandits","floor":19,"turns":2},{"damage":0,"enemies":"Colosseum Slavers","floor":28,"turns":3},{"damage":21,"enemies":"Colosseum Nobs","floor":28,"turns":3},{"damage":22,"enemies":"3 Byrds","floor":29,"turns":4},{"damage":16,"enemies":"3 Cultists","floor":31,"turns":5},{"damage":40,"enemies":"Automaton","floor":33,"turns":8},{"damage":9,"enemies":"3 Shapes","floor":35,"turns":4},{"damage":6,"enemies":"Mind Bloom Boss Battle","floor":37,"turns":5},{"damage":18,"enemies":"2 Orb Walkers","floor":38,"turns":3},{"damage":0,"enemies":"3 Darklings","floor":41,"turns":2},{"damage":0,"enemies":"Sphere and 2 Shapes","floor":47,"turns":2},{"damage":87,"enemies":"Donu and Deca","floor":50,"turns":8}],"seed_played":"5157453857479764110","potions_obtained":[{"floor":1,"key":"AttackPotion"},{"floor":7,"key":"Fire Potion"},{"floor":13,"key":"Dexterity Potion"},{"floor":16,"key":"Block Potion"},{"floor":29,"key":"Fire Potion"},{"floor":31,"key":"FearPotion"},{"floor":35,"key":"SneckoOil"},{"floor":47,"key":"AttackPotion"}],"is_trial":false,"path_per_floor":["M","M","M","M","$","R","E","R","T","M","?","?","E","M","R","B",null,"M","?","?","?","$","R","$","R","T","R","?","M","R","M","R","B",null,"M","$","?","?","?","R","M","$","T","$","R","R","M","?","R","B",null],"character_chosen":"IRONCLAD","items_purchased":["Anchor","Shrug It Off","Body Slam+1","Mind Blast+1","Lantern","Havoc","Mayhem"],"campfire_rested":0,"item_purchase_floors":[5,22,22,24,36,36,42],"current_hp_per_floor":[83,83,80,78,78,78,63,63,63,69,74,56,64,72,72,92,98,81,86,86,86,86,86,86,86,86,86,77,65,65,71,71,61,111,112,112,128,119,119,119,127,127,127,127,127,127,135,137,137,56],"gold":40,"neow_bonus":"","is_prod":false,"is_daily":true,"chose_seed":false,"campfire_upgraded":12,"win_rate":0,"timestamp":1542775682,"path_taken":["M","?","M","M","$","R","E","R","T","M","?","?","E","M","R","BOSS","M","?","?","?","$","R","$","R","T","R","?","?","R","?","R","BOSS","M","$","?","?","?","R","M","$","T","?","R","R","?","?","R","BOSS"],"build_version":"2018-11-15","purchased_purges":2,"victory":true,"max_hp_per_floor":[83,83,83,86,86,86,89,89,89,89,94,94,94,96,96,98,98,98,103,103,103,103,103,103,103,103,103,103,107,107,111,111,111,111,115,115,131,131,131,131,133,133,133,133,133,133,135,137,137,137],"card_choices":[{"not_picked":["Feel No Pain","Clothesline"],"picked":"Havoc","floor":1},{"not_picked":["Inflame","Iron Wave","Pommel Strike"],"picked":"SKIP","floor":2},{"not_picked":["Corruption","True Grit"],"picked":"Ghostly Armor","floor":3},{"not_picked":["Clothesline","Sword Boomerang"],"picked":"Shockwave","floor":4},{"not_picked":["Juggernaut","Rupture"],"picked":"Armaments","floor":7},{"not_picked":["Sever Soul","Armaments"],"picked":"Heavy Blade","floor":10},{"not_picked":["Metallicize","Clothesline"],"picked":"Seeing Red","floor":13},{"not_picked":["Clothesline","Bloodletting","Anger"],"picked":"Singing Bowl","floor":14},{"not_picked":["Juggernaut","Double Tap","Offering"],"picked":"Singing Bowl","floor":16},{"not_picked":["Sword Boomerang+1","Warcry"],"picked":"Power Through","floor":18},{"not_picked":["Hemokinesis","Sever Soul","Clash"],"picked":"Singing Bowl","floor":19},{"not_picked":["Searing Blow+1","Shrug It Off+1"],"picked":"True Grit","floor":28},{"not_picked":["True Grit","Armaments"],"picked":"Ghostly Armor","floor":29},{"not_picked":["Anger+1","Juggernaut"],"picked":"True Grit","floor":29},{"not_picked":["Evolve","Cleave+1"],"picked":"Seeing Red+1","floor":31},{"not_picked":["Iron Wave+1","Warcry"],"picked":"Thunderclap+1","floor":31},{"not_picked":["Barricade","Demon Form"],"picked":"Feed+1","floor":33},{"not_picked":["Pommel Strike+1","Shockwave"],"picked":"Havoc","floor":35},{"not_picked":["True Grit+1","Thunderclap+1"],"picked":"Body Slam+1","floor":35},{"not_picked":["Rage+1","Twin Strike+1","Burning Pact"],"picked":"Singing Bowl","floor":37},{"not_picked":["Thunderclap+1","Dual Wield"],"picked":"Body Slam+1","floor":38},{"not_picked":["Wild Strike+1","Feel No Pain","Sword Boomerang+1"],"picked":"Singing Bowl","floor":41},{"not_picked":["Sword Boomerang+1","True Grit"],"picked":"Sentinel","floor":41},{"not_picked":["Searing Blow+1","Pommel Strike+1"],"picked":"Spot Weakness+1","floor":47},{"not_picked":["Cleave+1","Clash+1","Sword Boomerang+1"],"picked":"Singing Bowl","floor":47},{"not_picked":["Good Instincts","The Bomb","Jack Of All Trades"],"picked":"Singing Bowl","floor":48}],"player_experience":2416620,"relics_obtained":[{"floor":7,"key":"Gremlin Horn"},{"floor":9,"key":"Bronze Scales"},{"floor":13,"key":"Turnip"},{"floor":19,"key":"Red Mask"},{"floor":26,"key":"Smiling Mask"},{"floor":28,"key":"Prayer Wheel"},{"floor":28,"key":"Blue Candle"},{"floor":37,"key":"Mango"},{"floor":38,"key":"FossilizedHelix"},{"floor":43,"key":"Blood Vial"}],"event_choices":[{"damage_healed":0,"gold_gain":0,"player_choice":"Donut","damage_taken":0,"max_hp_gain":5,"max_hp_loss":0,"event_name":"Big Fish","floor":11,"gold_loss":0},{"damage_healed":0,"gold_gain":0,"player_choice":"Success","damage_taken":18,"relics_obtained":["Singing Bowl"],"max_hp_gain":0,"max_hp_loss":0,"event_name":"Scrap Ooze","floor":12,"gold_loss":0},{"damage_healed":0,"gold_gain":0,"player_choice":"Fought Bandits","damage_taken":0,"max_hp_gain":0,"max_hp_loss":0,"event_name":"Masked Bandits","floor":19,"gold_loss":0},{"damage_healed":0,"gold_gain":0,"player_choice":"Opened","damage_taken":0,"relics_obtained":["Molten Egg 2"],"max_hp_gain":0,"max_hp_loss":0,"event_name":"The Mausoleum","floor":20,"gold_loss":0,"cards_obtained":["Writhe"]},{"damage_healed":0,"gold_gain":0,"player_choice":"Ignored","damage_taken":0,"max_hp_gain":0,"max_hp_loss":0,"event_name":"Vampires","floor":21,"gold_loss":0},{"damage_healed":0,"gold_gain":0,"player_choice":"Fight","damage_taken":0,"max_hp_gain":0,"max_hp_loss":0,"event_name":"Colosseum","floor":28,"gold_loss":0},{"damage_healed":0,"gold_gain":0,"player_choice":"Fought Nobs","damage_taken":0,"max_hp_gain":0,"max_hp_loss":0,"event_name":"Colosseum","floor":28,"gold_loss":0},{"damage_healed":0,"gold_gain":0,"player_choice":"Fight","damage_taken":0,"max_hp_gain":0,"max_hp_loss":0,"event_name":"MindBloom","floor":37,"gold_loss":0},{"damage_healed":0,"gold_gain":0,"player_choice":"Fight","damage_taken":0,"max_hp_gain":0,"max_hp_loss":0,"event_name":"Mysterious Sphere","floor":38,"gold_loss":0},{"cards_removed":["Heavy Blade"],"damage_healed":0,"gold_gain":0,"player_choice":"Removed Attack","damage_taken":0,"max_hp_gain":0,"max_hp_loss":0,"event_name":"Falling","floor":39,"gold_loss":0},{"damage_healed":0,"gold_gain":0,"player_choice":"Memory 1","damage_taken":0,"max_hp_gain":0,"max_hp_loss":0,"event_name":"SensoryStone","floor":48,"gold_loss":0}],"is_beta":false,"boss_relics":[{"not_picked":["Empty Cage","Fusion Hammer"],"picked":"Lizard Tail"},{"not_picked":["Cursed Key","Eternal Feather"],"picked":"Philosopher\u0027s Stone"}],"items_purged_floors":[22,36],"is_endless":false,"potions_floor_spawned":[1,7,13,16,29,31,35,47],"ascension_level":0}