{"gold_per_floor":[211,211,211,24,38,38,72,85,112,132,206,281,281,607,607,686,686,703,41,58,58],"floor_reached":21,"playtime":1056,"items_purged":["Pain","Strike_G"],"score":374,"play_id":"91cd5c94-ffc8-4953-8dd3-9d28a5d510b8","local_time":"20190423152727","is_ascension_mode":true,"campfire_choices":[{"data":"Neutralize","floor":6,"key":"SMITH"},{"floor":13,"key":"REST"},{"data":"Noxious Fumes","floor":15,"key":"SMITH"}],"neow_cost":"NONE","seed_source_timestamp":1195429937677278,"circlet_count":0,"master_deck":["AscendersBane","Defend_G","Defend_G","Defend_G","Defend_G","Defend_G","Strike_G","Strike_G","Strike_G","Strike_G","Survivor","Neutralize+1","PiercingWail","Poisoned Stab","Poisoned Stab","Noxious Fumes+1","Crippling Poison","Night Terror","Calculated Gamble","Noxious Fumes","Mind Blast","PiercingWail"],"relics":["Ring of the Snake","WarpedTongs","Lantern","Juzu Bracelet","Letter Opener","Old Coin","Sozu","Ancient Tea Set","Frozen Eye"],"potions_floor_usage":[7,16,16],"damage_taken":[{"damage":3,"enemies":"Cultist","floor":1,"turns":4},{"damage":1,"enemies":"2 Louse","floor":5,"turns":3},{"damage":21,"enemies":"Lagavulin","floor":7,"turns":5},{"damage":0,"enemies":"Jaw Worm","floor":8,"turns":3},{"damage":0,"enemies":"Large Slime","floor":10,"turns":4},{"damage":17,"enemies":"3 Sentries","floor":14,"turns":6},{"damage":22,"enemies":"Hexaghost","floor":16,"turns":10},{"damage":6,"enemies":"3 Byrds","floor":18,"turns":5},{"damage":19,"enemies":"Spheric Guardian","floor":20,"turns":5},{"damage":35,"enemies":"Masked Bandits","floor":21,"turns":3}],"seed_played":"2603590690213440158","potions_obtained":[{"floor":1,"key":"GamblersBrew"},{"floor":8,"key":"Energy Potion"},{"floor":14,"key":"GhostInAJar"}],"is_trial":false,"path_per_floor":["M","?","?","$","M","R","E","M","T","M","T","?","R","E","R","B",null,"M","$","M","?"],"character_chosen":"THE_SILENT","items_purchased":["Poisoned Stab","SteroidPotion","Ancient Tea Set","Noxious Fumes","Mind Blast","Frozen Eye"],"campfire_rested":1,"item_purchase_floors":[4,4,19,19,19,19],"current_hp_per_floor":[56,56,56,56,55,55,34,34,34,34,34,23,42,25,25,3,50,44,44,25,0],"gold":58,"neow_bonus":"HUNDRED_GOLD","is_prod":false,"is_daily":false,"chose_seed":false,"campfire_upgraded":2,"win_rate":0,"timestamp":1556047647,"path_taken":["M","?","?","$","M","R","E","?","T","M","?","?","R","E","R","BOSS","M","$","M","?"],"build_version":"2019-01-23","purchased_purges":2,"victory":false,"max_hp_per_floor":[66,66,66,66,66,66,66,66,66,66,66,66,66,66,66,66,66,66,66,66,66],"card_choices":[{"not_picked":["Tactician","Prepared"],"picked":"PiercingWail","floor":1},{"not_picked":["Slice","Caltrops"],"picked":"Poisoned Stab","floor":5},{"not_picked":["Unload","Deadly Poison","Poisoned Stab"],"picked":"SKIP","floor":7},{"not_picked":["Underhanded Strike","Acrobatics","Eviscerate"],"picked":"SKIP","floor":8},{"not_picked":["Catalyst","Dagger Throw"],"picked":"Noxious Fumes","floor":10},{"not_picked":["Endless Agony","Slice"],"picked":"Crippling Poison","floor":14},{"not_picked":["Glass Knife","A Thousand Cuts"],"picked":"Night Terror","floor":16},{"not_picked":["Riddle With Holes","Deadly Poison"],"picked":"Calculated Gamble","floor":18},{"not_picked":["Choke+1","Backstab"],"picked":"PiercingWail","floor":20}],"player_experience":3478989,"relics_obtained":[{"floor":7,"key":"Lantern"},{"floor":9,"key":"Juzu Bracelet"},{"floor":11,"key":"Letter Opener"},{"floor":14,"key":"Old Coin"}],"event_choices":[{"damage_healed":0,"gold_gain":0,"player_choice":"Ignored","damage_taken":0,"max_hp_gain":0,"max_hp_loss":0,"event_name":"Shining Light","floor":2,"gold_loss":0},{"damage_healed":0,"gold_gain":0,"player_choice":"Rummage","damage_taken":0,"relics_obtained":["WarpedTongs"],"max_hp_gain":0,"max_hp_loss":0,"event_name":"Accursed Blacksmith","floor":3,"gold_loss":0,"cards_obtained":["Pain"]},{"damage_healed":0,"gold_gain":75,"player_choice":"Gather Gold","damage_taken":11,"max_hp_gain":0,"max_hp_loss":0,"event_name":"World of Goop","floor":12,"gold_loss":0},{"damage_healed":0,"gold_gain":0,"player_choice":"Fought Bandits","damage_taken":0,"max_hp_gain":0,"max_hp_loss":0,"event_name":"Masked Bandits","floor":21,"gold_loss":0}],"is_beta":false,"boss_relics":[{"not_picked":["Runic Pyramid","Busted Crown"],"picked":"Sozu"}],"items_purged_floors":[4,19],"is_endless":false,"potions_floor_spawned":[1,8,14,20],"killed_by":"Masked Bandits","ascension_level":20}