{"gold_per_floor":[209,159,173,173,188,188,158,12,12,22,22,47,61,81,81,179,179,195,195,212,224,243,271,8,38,95,95,95,126,136,61,61,163,163,177,177,117,128,145,145,32,32,56,86,86,36,55,80,80,80],"floor_reached":51,"playtime":3157,"items_purged":["Defend_G+1","Parasite"],"score":956,"play_id":"542b4e8c-ef89-4bbd-83f1-89534b79c180","local_time":"20190718230448","is_ascension_mode":true,"campfire_choices":[{"data":"Distraction","floor":6.0,"key":"SMITH"},{"data":"1","floor":11.0,"key":"LIFT"},{"data":"2","floor":15.0,"key":"LIFT"},{"floor":27.0,"key":"REST"},{"floor":32.0,"key":"REST"},{"data":"After Image","floor":40,"key":"SMITH"},{"data":"Crippling Poison","floor":42,"key":"SMITH"},{"data":"3","floor":45,"key":"LIFT"},{"data":"After Image","floor":49,"key":"SMITH"}],"neow_cost":"NONE","seed_source_timestamp":0,"circlet_count":0,"master_deck":["Defend_G+1","Defend_G+1","Defend_G+1","Defend_G+1","Survivor+1","Neutralize+1","Poisoned Stab+1","Sucker Punch+1","Distraction+1","Dash+1","Doppelganger+1","Backflip+1","Flechettes+1","Venomology+1","Footwork+1","Backflip+1","Footwork+1","Envenom+1","Noxious Fumes+1","Blade Dance+1","Bullet Time+1","Flechettes+1","Bullet Time+1","PiercingWail+1","After Image+1","Crippling Poison+1","PiercingWail+1","After Image+1"],"special_seed":0,"relics":["Ring of the Snake","Potion Belt","Girya","Regal Pillow","Runic Pyramid","Bronze Scales","Membership Card","Red Mask","Tiny Chest","Tough Bandages","Cursed Key","Mark of the Bloom","Snake Skull","Art of War","Oddly Smooth Stone","Bag of Marbles"],"potions_floor_usage":[44,48,48,50],"damage_taken":[{"damage":2.0,"enemies":"Jaw Worm","floor":1.0,"turns":4.0},{"damage":0.0,"enemies":"Cultist","floor":3.0,"turns":3.0},{"damage":6.0,"enemies":"Small Slimes","floor":5.0,"turns":5.0},{"damage":1.0,"enemies":"Red Slaver","floor":10.0,"turns":4.0},{"damage":7.0,"enemies":"3 Sentries","floor":12.0,"turns":8.0},{"damage":0.0,"enemies":"2 Fungi Beasts","floor":13.0,"turns":2.0},{"damage":0.0,"enemies":"Gremlin Gang","floor":14.0,"turns":4.0},{"damage":13.0,"enemies":"Slime Boss","floor":16.0,"turns":5.0},{"damage":0.0,"enemies":"Chosen","floor":18.0,"turns":4.0},{"damage":7.0,"enemies":"2 Thieves","floor":20.0,"turns":3.0},{"damage":2.0,"enemies":"Snake Plant","floor":21.0,"turns":5.0},{"damage":4.0,"enemies":"Cultist and Chosen","floor":22.0,"turns":7.0},{"damage":10.0,"enemies":"Slavers","floor":23.0,"turns":9.0},{"damage":24.0,"enemies":"Masked Bandits","floor":25.0,"turns":5.0},{"damage":20.0,"enemies":"Book of Stabbing","floor":29.0,"turns":5.0},{"damage":4.0,"enemies":"3 Cultists","floor":30.0,"turns":4.0},{"damage":34.0,"enemies":"Automaton","floor":33.0,"turns":9.0},{"damage":7.0,"enemies":"3 Darklings","floor":35.0,"turns":3.0},{"damage":0,"enemies":"3 Shapes","floor":38,"turns":4},{"damage":0,"enemies":"3 Darklings","floor":39,"turns":4},{"damage":0,"enemies":"Giant Head","floor":44,"turns":6},{"damage":0,"enemies":"Jaw Worm Horde","floor":47,"turns":3},{"damage":0,"enemies":"Reptomancer","floor":48,"turns":5},{"damage":2,"enemies":"Time Eater","floor":50,"turns":9}],"seed_played":"5207409099652149516","potions_obtained":[{"floor":3.0,"key":"Strength Potion"},{"floor":7.0,"key":"SkillPotion"},{"floor":7.0,"key":"SteroidPotion"},{"floor":10.0,"key":"Swift Potion"},{"floor":12.0,"key":"Strength Potion"},{"floor":16.0,"key":"Swift Potion"},{"floor":19.0,"key":"Regen Potion"},{"floor":19.0,"key":"Ancient Potion"},{"floor":19.0,"key":"Dexterity Potion"},{"floor":20.0,"key":"LiquidBronze"},{"floor":25.0,"key":"SteroidPotion"},{"floor":30.0,"key":"SmokeBomb"},{"floor":33.0,"key":"GhostInAJar"},{"floor":39,"key":"Fire Potion"},{"floor":48,"key":"Fire Potion"}],"is_trial":false,"path_per_floor":["M","?","M","?","M","R","?","$","T","M","R","E","M","M","R","B",null,"M","?","M","M","M","E","$","?","T","R","?","E","M","?","R","B",null,"M","?","?","M","M","R","$","R","T","E","R","$","M","E","R","B",null],"character_chosen":"THE_SILENT","items_purchased":["Potion Belt","Membership Card","Noxious Fumes","LiquidBronze","Snake Skull"],"campfire_rested":2,"item_purchase_floors":[8,24,24,24,41],"current_hp_per_floor":[68,68,68,68,62,62,62,62,62,61,61,54,54,54,54,41,63,63,63,65,63,59,49,49,25,25,61,61,41,37,37,70,36,62,55,55,55,55,55,55,55,55,55,55,55,55,55,55,55,53],"gold":80,"neow_bonus":"HUNDRED_GOLD","is_prod":false,"is_daily":false,"chose_seed":false,"campfire_upgraded":4,"win_rate":0,"timestamp":1563512688,"path_taken":["M","?","M","?","?","R","?","$","T","M","R","E","?","M","R","BOSS","M","?","?","M","M","E","$","?","T","R","?","E","?","?","R","BOSS","M","?","?","M","?","R","$","R","T","E","R","$","M","E","R","BOSS"],"build_version":"2019-07-10","purchased_purges":2,"victory":true,"max_hp_per_floor":[70,70,70,70,70,70,70,70,70,70,70,70,70,70,70,70,70,70,70,70,70,70,70,70,70,70,70,70,70,70,70,70,70,70,70,70,70,70,70,70,70,70,70,70,70,67,67,67,67,67],"card_choices":[{"not_picked":["Outmaneuver","Underhanded Strike"],"picked":"Poisoned Stab","floor":1.0},{"not_picked":["Reflex","Poisoned Stab"],"picked":"Sucker Punch","floor":3.0},{"not_picked":["Dagger Throw","Blade Dance"],"picked":"Distraction","floor":5.0},{"not_picked":["Sucker Punch","Slice"],"picked":"Dash","floor":10.0},{"not_picked":["Backstab","Backflip"],"picked":"Doppelganger","floor":12.0},{"not_picked":["Prepared","Flying Knee"],"picked":"Backflip","floor":13.0},{"not_picked":["Deflect","Accuracy"],"picked":"Flechettes","floor":14.0},{"not_picked":["Corpse Explosion","Night Terror"],"picked":"Venomology","floor":16.0},{"not_picked":["Blade Dance+1","Skewer"],"picked":"Footwork","floor":18.0},{"not_picked":["Dagger Throw+1","Prepared"],"picked":"Backflip","floor":20.0},{"not_picked":["Underhanded Strike","Prepared","Blade Dance"],"picked":"SKIP","floor":21.0},{"not_picked":["Outmaneuver+1","Blade Dance"],"picked":"Footwork","floor":22.0},{"not_picked":["Caltrops","Dodge and Roll+1"],"picked":"Envenom","floor":23.0},{"not_picked":["Acrobatics","Eviscerate"],"picked":"Blade Dance+1","floor":25.0},{"not_picked":["Dodge and Roll","Outmaneuver"],"picked":"Bullet Time","floor":29.0},{"not_picked":["Dagger Spray","Slice"],"picked":"Flechettes+1","floor":30.0},{"not_picked":["Die Die Die","Envenom"],"picked":"Bullet Time","floor":33.0},{"not_picked":["Backstab","Deflect"],"picked":"PiercingWail+1","floor":35.0},{"not_picked":["Dagger Throw","Heel Hook+1","Deadly Poison"],"picked":"SKIP","floor":38},{"not_picked":["Deflect","Deadly Poison"],"picked":"PiercingWail+1","floor":39},{"not_picked":["Backstab","Leg Sweep","Sucker Punch+1"],"picked":"SKIP","floor":44},{"not_picked":["Distraction+1","Dodge and Roll","Calculated Gamble+1"],"picked":"SKIP","floor":47},{"not_picked":["Predator","Sucker Punch+1"],"picked":"After Image","floor":48}],"player_experience":1205338,"relics_obtained":[{"floor":9.0,"key":"Girya"},{"floor":12.0,"key":"Regal Pillow"},{"floor":23.0,"key":"Bronze Scales"},{"floor":25.0,"key":"Red Mask"},{"floor":26.0,"key":"Tiny Chest"},{"floor":29.0,"key":"Tough Bandages"},{"floor":43,"key":"Art of War"},{"floor":44,"key":"Oddly Smooth Stone"},{"floor":48,"key":"Bag of Marbles"}],"event_choices":[{"cards_removed":["Strike_G"],"damage_healed":0.0,"max_hp_gain":0.0,"max_hp_loss":0.0,"gold_gain":0.0,"event_name":"The Cleric","player_choice":"Card Removal","floor":2.0,"gold_loss":50.0,"damage_taken":0.0},{"damage_healed":0.0,"max_hp_gain":0.0,"max_hp_loss":0.0,"gold_gain":0.0,"event_name":"Accursed Blacksmith","player_choice":"Forge","floor":4.0,"gold_loss":0.0,"damage_taken":0.0,"cards_upgraded":["Neutralize"]},{"damage_healed":0.0,"max_hp_gain":0.0,"max_hp_loss":0.0,"gold_gain":0.0,"event_name":"The Woman in Blue","player_choice":"Bought 2 Potions","floor":7.0,"gold_loss":0.0,"damage_taken":0.0},{"damage_healed":0.0,"max_hp_gain":0.0,"max_hp_loss":0.0,"gold_gain":0.0,"event_name":"Lab","player_choice":"Got Potions","floor":19.0,"gold_loss":0.0,"damage_taken":0.0},{"damage_healed":0.0,"max_hp_gain":0.0,"max_hp_loss":0.0,"gold_gain":0.0,"event_name":"Masked Bandits","player_choice":"Fought Bandits","floor":25.0,"gold_loss":0.0,"damage_taken":0.0},{"cards_removed":["Strike_G"],"damage_healed":0.0,"max_hp_gain":0.0,"max_hp_loss":0.0,"gold_gain":0.0,"event_name":"Purifier","player_choice":"Purged","floor":28.0,"gold_loss":0.0,"damage_taken":0.0},{"cards_removed":["Strike_G"],"damage_healed":0.0,"max_hp_gain":0.0,"max_hp_loss":0.0,"gold_gain":0.0,"event_name":"Beggar","player_choice":"Gave Gold","floor":31.0,"gold_loss":75.0,"damage_taken":0.0},{"damage_healed":0.0,"max_hp_gain":0.0,"max_hp_loss":0.0,"gold_gain":0.0,"event_name":"MindBloom","player_choice":"Upgrade","floor":36.0,"gold_loss":0.0,"damage_taken":0.0,"cards_upgraded":["Strike_G","Strike_G","Defend_G","Defend_G","Defend_G","Defend_G","Defend_G","Survivor","Poisoned Stab","Sucker Punch","Dash","Doppelganger","Backflip","Flechettes","Venomology","Footwork","Backflip","Footwork","Envenom","Noxious Fumes","Bullet Time","Bullet Time"],"relics_obtained":["Mark of the Bloom"]},{"damage_healed":0,"gold_gain":0,"cards_transformed":["Strike_G","Strike_G"],"player_choice":"Transformed Cards","damage_taken":0,"max_hp_gain":0,"max_hp_loss":0,"event_name":"Designer","floor":37,"gold_loss":60,"cards_obtained":["After Image","Crippling Poison"]}],"is_beta":true,"boss_relics":[{"not_picked":["Lizard Tail","Eternal Feather"],"picked":"Runic Pyramid"},{"not_picked":["Ring of the Serpent","Philosopher\u0027s Stone"],"picked":"Cursed Key"}],"items_purged_floors":[41,46],"is_endless":false,"potions_floor_spawned":[3,10,12,16,20,22,25,30,33,39,48],"ascension_level":5}