{"gold_per_floor":[109,39,57,74,74,102,102,102,102,102,135,149,161,196,196,295,295,312,411,66,336,346,346,372,372,399,399,49,66,83,99,99,204,204,223,74,74,5,23,55,75,75,150,150,160,171,0,0,0,0],"floor_reached":51,"playtime":3376,"items_purged":["Strike_G"],"score":790,"play_id":"307f11a7-5c60-4ac8-91d3-efe85e15f6de","local_time":"20190620101839","is_ascension_mode":false,"campfire_choices":[{"data":"Storm of Steel","floor":7,"key":"SMITH"},{"data":"Neutralize","floor":10,"key":"SMITH"},{"data":"Predator","floor":15,"key":"SMITH"},{"data":"Noxious Fumes","floor":23,"key":"SMITH"},{"data":"1","floor":25,"key":"LIFT"},{"data":"2","floor":27,"key":"LIFT"},{"floor":32,"key":"REST"},{"data":"Catalyst","floor":42,"key":"SMITH"},{"data":"After Image","floor":44,"key":"SMITH"},{"data":"Catalyst","floor":49,"key":"SMITH"}],"neow_cost":"NONE","seed_source_timestamp":638206228809911,"circlet_count":0,"master_deck":["Defend_G","Defend_G","Defend_G","Defend_G","Defend_G","Strike_G","Strike_G","Strike_G","Survivor","Neutralize+1","Sucker Punch","Well Laid Plans","Predator+1","Deflect","Bullet Time","Storm of Steel+1","PiercingWail","Heel Hook+1","Backstab+1","After Image+1","Dagger Spray+1","Noxious Fumes+1","Endless Agony+1","PiercingWail","Slice+1","Noxious Fumes","Cloak And Dagger","Malaise","Catalyst+1","Leg Sweep+1","Deadly Poison+1","Caltrops+1","Catalyst+1"],"relics":["Ring of the Snake","Bronze Scales","Shuriken","Molten Egg 2","Letter Opener","Anchor","Sozu","Dead Branch","Girya","Strawberry","Centennial Puzzle","WristBlade","Bag of Marbles","Ancient Tea Set","Kunai","Gremlin Horn","Red Mask"],"potions_floor_usage":[6,14,14,50],"damage_taken":[{"damage":7,"enemies":"Small Slimes","floor":1,"turns":5},{"damage":0,"enemies":"Jaw Worm","floor":3,"turns":3},{"damage":0,"enemies":"2 Louse","floor":4,"turns":2},{"damage":19,"enemies":"Gremlin Nob","floor":6,"turns":4},{"damage":6,"enemies":"3 Sentries","floor":11,"turns":7},{"damage":0,"enemies":"Exordium Thugs","floor":12,"turns":3},{"damage":0,"enemies":"Large Slime","floor":13,"turns":4},{"damage":4,"enemies":"Lagavulin","floor":14,"turns":7},{"damage":12,"enemies":"Hexaghost","floor":16,"turns":6},{"damage":0,"enemies":"Spheric Guardian","floor":18,"turns":2},{"damage":0,"enemies":"3 Byrds","floor":22,"turns":1},{"damage":0,"enemies":"Gremlin Leader","floor":24,"turns":5},{"damage":0,"enemies":"Snake Plant","floor":29,"turns":2},{"damage":1,"enemies":"3 Cultists","floor":30,"turns":3},{"damage":0,"enemies":"Centurion and Healer","floor":31,"turns":2},{"damage":41,"enemies":"Automaton","floor":33,"turns":8},{"damage":0,"enemies":"3 Darklings","floor":35,"turns":3},{"damage":0,"enemies":"Orb Walker","floor":39,"turns":1},{"damage":0,"enemies":"Nemesis","floor":40,"turns":5},{"damage":0,"enemies":"Transient","floor":41,"turns":5},{"damage":0,"enemies":"3 Darklings","floor":45,"turns":3},{"damage":3,"enemies":"Spire Growth","floor":46,"turns":4},{"damage":8,"enemies":"Donu and Deca","floor":50,"turns":6}],"seed_played":"-4640803045857155989","potions_obtained":[{"floor":1,"key":"FearPotion"},{"floor":4,"key":"SpeedPotion"},{"floor":13,"key":"Weak Potion"},{"floor":16,"key":"LiquidBronze"}],"is_trial":false,"path_per_floor":["M","$","M","M","?","E","R","?","T","R","E","M","M","E","R","B",null,"M","?","$","?","M","R","E","R","T","R","$","M","M","M","R","B",null,"M","$","?","?","M","E","M","R","T","R","M","M","?","?","R","B",null],"character_chosen":"THE_SILENT","items_purchased":["Well Laid Plans","Dead Branch","Noxious Fumes","Centennial Puzzle","Slice+1","Noxious Fumes","Bag of Marbles"],"campfire_rested":1,"item_purchase_floors":[2,20,20,28,28,28,36],"current_hp_per_floor":[63,63,63,63,63,44,44,49,49,49,43,43,43,39,39,27,75,75,75,75,47,47,47,47,47,54,54,54,54,53,53,77,36,82,82,82,78,78,78,78,78,78,78,78,78,75,75,75,75,67],"gold":0,"neow_bonus":"RANDOM_COMMON_RELIC","is_prod":false,"is_daily":false,"chose_seed":false,"campfire_upgraded":7,"win_rate":0,"timestamp":1561040319,"path_taken":["M","$","M","M","?","E","R","?","T","R","E","M","M","E","R","BOSS","M","?","$","?","M","R","E","R","T","R","$","M","M","?","R","BOSS","M","$","?","?","M","E","M","R","T","R","M","?","?","?","R","BOSS"],"build_version":"2019-01-23","purchased_purges":1,"victory":true,"max_hp_per_floor":[70,70,70,70,70,70,70,75,75,75,75,75,75,75,75,75,75,75,75,75,75,75,75,75,75,82,82,82,82,82,82,82,82,82,82,82,78,78,78,78,78,78,78,78,78,78,78,78,78,78],"card_choices":[{"not_picked":["Setup","Tactician"],"picked":"Sucker Punch","floor":1},{"not_picked":["Flying Knee","Acrobatics"],"picked":"Predator","floor":3},{"not_picked":["Bane","Riddle With Holes"],"picked":"Deflect","floor":4},{"not_picked":["Bane","Dagger Throw"],"picked":"Storm of Steel","floor":6},{"not_picked":["Infinite Blades","Setup","Prepared"],"picked":"SKIP","floor":11},{"not_picked":["Cloak And Dagger","Outmaneuver"],"picked":"PiercingWail","floor":12},{"not_picked":["Blade Dance","Dagger Throw+1"],"picked":"Heel Hook+1","floor":13},{"not_picked":["Accuracy","Dash+1"],"picked":"Backstab+1","floor":14},{"not_picked":["Phantasmal Killer","Malaise"],"picked":"After Image","floor":16},{"not_picked":["Distraction+1","Expertise+1"],"picked":"Dagger Spray+1","floor":18},{"not_picked":["Outmaneuver","Dagger Spray+1"],"picked":"Endless Agony+1","floor":22},{"not_picked":["Masterful Stab+1","Slice+1"],"picked":"PiercingWail","floor":24},{"not_picked":["Deflect","Tactician+1"],"picked":"Cloak And Dagger","floor":29},{"not_picked":["Bane+1","Flechettes+1","Blade Dance"],"picked":"SKIP","floor":30},{"not_picked":["Dagger Spray+1","Slice+1","All Out Attack+1"],"picked":"SKIP","floor":31},{"not_picked":["Unload+1","Bullet Time"],"picked":"Malaise","floor":33},{"not_picked":["Escape Plan","Slice+1"],"picked":"Catalyst","floor":35},{"not_picked":["Bane+1","Flying Knee+1","Eviscerate+1"],"picked":"SKIP","floor":39},{"not_picked":["Bane+1","Tools of the Trade"],"picked":"Leg Sweep+1","floor":40},{"not_picked":["Slice+1","Caltrops"],"picked":"Deadly Poison+1","floor":41},{"not_picked":["Poisoned Stab+1","Flying Knee+1"],"picked":"Caltrops+1","floor":45},{"not_picked":["Choke+1","Slice+1"],"picked":"Catalyst","floor":46}],"player_experience":3793338,"relics_obtained":[{"floor":6,"key":"Shuriken"},{"floor":9,"key":"Molten Egg 2"},{"floor":11,"key":"Letter Opener"},{"floor":14,"key":"Anchor"},{"floor":24,"key":"Girya"},{"floor":26,"key":"Strawberry"},{"floor":40,"key":"Kunai"},{"floor":43,"key":"Gremlin Horn"}],"event_choices":[{"damage_healed":0,"gold_gain":0,"cards_transformed":["Strike_G"],"player_choice":"Change","damage_taken":0,"max_hp_gain":0,"max_hp_loss":0,"event_name":"Living Wall","floor":5,"gold_loss":0,"cards_obtained":["Bullet Time"]},{"damage_healed":0,"gold_gain":0,"player_choice":"Donut","damage_taken":0,"max_hp_gain":5,"max_hp_loss":0,"event_name":"Big Fish","floor":8,"gold_loss":0},{"damage_healed":0,"gold_gain":99,"player_choice":"Stole From Cult","damage_taken":0,"max_hp_gain":0,"max_hp_loss":0,"event_name":"Nest","floor":19,"gold_loss":0},{"damage_healed":0,"gold_gain":270,"player_choice":"GOLD GOLD GOLD ","damage_taken":28,"max_hp_gain":0,"max_hp_loss":0,"event_name":"Knowing Skull","floor":21,"potions_obtained":[],"gold_loss":0,"cards_obtained":[]},{"damage_healed":0,"gold_gain":0,"player_choice":"Max HP","damage_taken":0,"max_hp_gain":0,"max_hp_loss":4,"event_name":"Winding Halls","floor":37,"gold_loss":0},{"damage_healed":0,"gold_gain":0,"player_choice":"Paid Gold","damage_taken":0,"relics_obtained":["Ancient Tea Set"],"max_hp_gain":0,"max_hp_loss":0,"event_name":"WeMeetAgain","floor":38,"gold_loss":69},{"damage_healed":0,"gold_gain":0,"player_choice":"Paid","damage_taken":0,"relics_obtained":["Red Mask"],"max_hp_gain":0,"max_hp_loss":0,"event_name":"Tomb of Lord Red Mask","floor":47,"gold_loss":171},{"damage_healed":0,"gold_gain":0,"player_choice":"Ignored","damage_taken":0,"max_hp_gain":0,"max_hp_loss":0,"event_name":"Mysterious Sphere","floor":48,"gold_loss":0}],"is_beta":false,"boss_relics":[{"not_picked":["Coffee Dripper","Empty Cage"],"picked":"Sozu"},{"not_picked":["HoveringKite","Philosopher\u0027s Stone"],"picked":"WristBlade"}],"items_purged_floors":[28],"is_endless":false,"potions_floor_spawned":[1,4,13,16,29,31,39,41],"ascension_level":0}