{"gold_per_floor":[117,133,133,146,32,32,64,83,83,110,110,129,129,279,279,356,356,374,387,387,401,44,44,63,63,88,120,45,45,373,263,263,336,336,350,350,350,34,34,34,51,76,130,148,159,178,178,197,197,197,197],"floor_reached":51,"playtime":4087,"items_purged":["Strike_R","Strike_R"],"score":1375,"play_id":"7f7a2ca4-23fb-41f7-874b-f7369076b5dd","local_time":"20190507003325","is_ascension_mode":true,"campfire_choices":[{"data":"Bash","floor":6,"key":"SMITH"},{"floor":11,"key":"REST"},{"data":"Rampage","floor":13,"key":"SMITH"},{"data":"Inflame","floor":15,"key":"SMITH"},{"floor":23,"key":"REST"},{"data":"Double Tap","floor":25,"key":"SMITH"},{"floor":29,"key":"REST"},{"data":"Uppercut","floor":32,"key":"SMITH"},{"floor":40,"key":"REST"},{"floor":47,"key":"REST"},{"floor":49,"key":"REST"}],"neow_cost":"NONE","seed_source_timestamp":2348356692802381,"circlet_count":0,"master_deck":["AscendersBane","Strike_R","Strike_R","Strike_R","Defend_R","Defend_R","Defend_R","Defend_R","Bash+1","Rampage+1","Combust","Inflame+1","Power Through","Double Tap+1","Clothesline","Metallicize","Impervious","Disarm","Shrug It Off","Disarm","Armaments+1","Uppercut+1","Offering","Barricade","Body Slam","Shrug It Off","Clothesline+1","Shrug It Off+1","Ghostly Armor+1"],"relics":["Burning Blood","NeowsBlessing","Mercury Hourglass","Strawberry","Blue Candle","Centennial Puzzle","Velvet Choker","StoneCalendar","Lantern","Bronze Scales","Old Coin","Runic Pyramid","Bag of Preparation","Shovel","Omamori"],"potions_floor_usage":[10,16,18,24,27,30,30,42,50,51],"damage_taken":[{"damage":0,"enemies":"Cultist","floor":1,"turns":1},{"damage":0,"enemies":"2 Louse","floor":2,"turns":1},{"damage":0,"enemies":"Jaw Worm","floor":4,"turns":1},{"damage":24,"enemies":"Gremlin Nob","floor":7,"turns":4},{"damage":14,"enemies":"Red Slaver","floor":8,"turns":2},{"damage":23,"enemies":"Lagavulin","floor":10,"turns":5},{"damage":11,"enemies":"3 Louse","floor":12,"turns":3},{"damage":11,"enemies":"Slime Boss","floor":16,"turns":8},{"damage":7,"enemies":"3 Byrds","floor":18,"turns":2},{"damage":21,"enemies":"Spheric Guardian","floor":19,"turns":4},{"damage":27,"enemies":"Colosseum Slavers","floor":20,"turns":5},{"damage":8,"enemies":"3 Cultists","floor":21,"turns":4},{"damage":5,"enemies":"Chosen and Byrds","floor":24,"turns":6},{"damage":28,"enemies":"Book of Stabbing","floor":27,"turns":6},{"damage":22,"enemies":"Gremlin Leader","floor":30,"turns":7},{"damage":43,"enemies":"Automaton","floor":33,"turns":9},{"damage":13,"enemies":"3 Shapes","floor":35,"turns":3},{"damage":11,"enemies":"Orb Walker","floor":41,"turns":4},{"damage":21,"enemies":"Nemesis","floor":42,"turns":7},{"damage":8,"enemies":"Writhing Mass","floor":44,"turns":7},{"damage":7,"enemies":"Maw","floor":45,"turns":9},{"damage":44,"enemies":"3 Darklings","floor":46,"turns":6},{"damage":27,"enemies":"Writhing Mass","floor":48,"turns":6},{"damage":34,"enemies":"Time Eater","floor":50,"turns":13},{"damage":58,"enemies":"Donu and Deca","floor":51,"turns":5}],"seed_played":"7612186997619160791","potions_obtained":[{"floor":1,"key":"Strength Potion"},{"floor":8,"key":"Block Potion"},{"floor":10,"key":"LiquidBronze"},{"floor":12,"key":"Fire Potion"},{"floor":19,"key":"LiquidBronze"},{"floor":21,"key":"BloodPotion"},{"floor":27,"key":"LiquidBronze"},{"floor":30,"key":"Fruit Juice"},{"floor":33,"key":"Regen Potion"},{"floor":35,"key":"LiquidBronze"},{"floor":42,"key":"Swift Potion"},{"floor":44,"key":"Strength Potion"},{"floor":46,"key":"PowerPotion"}],"is_trial":false,"path_per_floor":["M","M","?","M","$","R","E","M","T","E","R","M","R","?","R","B",null,"M","M","?","M","$","R","M","R","T","E","$","R","E","?","R","B",null,"M","?","?","$","$","R","M","E","T","M","M","M","R","M","R","B","B"],"character_chosen":"IRONCLAD","items_purchased":["Power Through","StoneCalendar","Disarm","Offering","Bag of Preparation","Shrug It Off"],"campfire_rested":6,"item_purchase_floors":[5,22,22,28,38,38],"current_hp_per_floor":[74,75,75,75,75,75,64,56,56,39,63,58,58,58,58,53,75,74,59,38,36,36,60,69,69,69,47,47,71,60,60,60,23,71,64,64,64,64,64,87,82,82,82,80,79,41,67,46,72,44,0],"gold":197,"neow_bonus":"THREE_ENEMY_KILL","is_prod":false,"is_daily":false,"chose_seed":false,"campfire_upgraded":5,"win_rate":0,"timestamp":1557203605,"path_taken":["M","?","?","M","$","R","E","M","T","E","R","?","R","?","R","BOSS","M","M","?","M","$","R","M","R","T","E","$","R","E","?","R","BOSS","M","?","?","?","$","R","M","E","T","?","M","M","R","M","R","BOSS","BOSS"],"build_version":"2019-01-23","purchased_purges":2,"victory":false,"max_hp_per_floor":[75,75,75,75,75,75,82,82,82,82,82,82,82,82,82,82,82,82,82,82,82,82,82,82,82,82,82,82,82,87,87,87,87,87,87,87,87,87,87,87,87,87,87,87,87,87,87,87,87,87,87],"card_choices":[{"not_picked":["Armaments","Pommel Strike"],"picked":"Rampage","floor":1},{"not_picked":["Body Slam","Sever Soul"],"picked":"Combust","floor":2},{"not_picked":["Power Through","Rage"],"picked":"Inflame","floor":4},{"not_picked":["Flex","Perfected Strike"],"picked":"Double Tap","floor":7},{"not_picked":["Armaments","Seeing Red"],"picked":"Clothesline","floor":8},{"not_picked":["Heavy Blade","Clash"],"picked":"Metallicize","floor":10},{"not_picked":["Wild Strike","Anger"],"picked":"Impervious","floor":12},{"not_picked":["Brutality","Impervious"],"picked":"Immolate","floor":16},{"not_picked":["Rage","Pommel Strike"],"picked":"Disarm","floor":18},{"not_picked":["Wild Strike","Havoc"],"picked":"Shrug It Off","floor":19},{"not_picked":["Anger","Clothesline","Warcry"],"picked":"SKIP","floor":21},{"not_picked":["Sword Boomerang","Warcry"],"picked":"Armaments+1","floor":24},{"not_picked":["Pummel","Second Wind"],"picked":"Uppercut","floor":27},{"not_picked":["Clothesline","Dropkick","True Grit"],"picked":"SKIP","floor":30},{"not_picked":["Exhume","Fiend Fire"],"picked":"Barricade","floor":33},{"not_picked":["Twin Strike","Clothesline+1"],"picked":"Body Slam","floor":35},{"not_picked":["Pommel Strike","Dropkick","Clash"],"picked":"SKIP","floor":41},{"not_picked":["Shrug It Off","Twin Strike"],"picked":"Clothesline+1","floor":42},{"not_picked":["Perfected Strike+1","Clothesline","Dark Embrace"],"picked":"SKIP","floor":44},{"not_picked":["Ghostly Armor","Wild Strike"],"picked":"Shrug It Off+1","floor":45},{"not_picked":["Flex+1","Sever Soul","Anger"],"picked":"SKIP","floor":46},{"not_picked":["Twin Strike","Wild Strike+1"],"picked":"Ghostly Armor+1","floor":48}],"player_experience":3608916,"relics_obtained":[{"floor":7,"key":"Strawberry"},{"floor":9,"key":"Blue Candle"},{"floor":10,"key":"Centennial Puzzle"},{"floor":26,"key":"Lantern"},{"floor":27,"key":"Bronze Scales"},{"floor":30,"key":"Old Coin"},{"floor":42,"key":"Shovel"},{"floor":43,"key":"Omamori"}],"event_choices":[{"damage_healed":0,"gold_gain":0,"player_choice":"Gave Potion","damage_taken":0,"relics_obtained":["Mercury Hourglass"],"max_hp_gain":0,"max_hp_loss":0,"event_name":"WeMeetAgain","floor":3,"gold_loss":0},{"damage_healed":0,"gold_gain":150,"player_choice":"AGREE","damage_taken":0,"max_hp_gain":0,"max_hp_loss":0,"event_name":"Liars Game","floor":14,"gold_loss":0,"cards_obtained":["Doubt"]},{"damage_healed":0,"gold_gain":0,"player_choice":"Fight","damage_taken":0,"max_hp_gain":0,"max_hp_loss":0,"event_name":"Colosseum","floor":20,"gold_loss":0},{"damage_healed":0,"gold_gain":0,"player_choice":"Fled From Nobs","damage_taken":0,"max_hp_gain":0,"max_hp_loss":0,"event_name":"Colosseum","floor":20,"gold_loss":0},{"cards_removed":["Doubt"],"damage_healed":0,"gold_gain":0,"player_choice":"Upgrade and Remove","damage_taken":0,"max_hp_gain":0,"max_hp_loss":0,"event_name":"Designer","floor":31,"gold_loss":110,"cards_upgraded":["Immolate"]},{"damage_healed":0,"gold_gain":0,"player_choice":"Ignored","damage_taken":0,"max_hp_gain":0,"max_hp_loss":0,"event_name":"Tomb of Lord Red Mask","floor":36,"gold_loss":0},{"cards_removed":["Immolate"],"damage_healed":0,"gold_gain":0,"player_choice":"Removed Attack","damage_taken":0,"max_hp_gain":0,"max_hp_loss":0,"event_name":"Falling","floor":37,"gold_loss":0}],"is_beta":false,"boss_relics":[{"not_picked":["Mark of Pain","Sozu"],"picked":"Velvet Choker"},{"not_picked":["Runic Cube","Coffee Dripper"],"picked":"Runic Pyramid"}],"items_purged_floors":[5,38],"is_endless":false,"potions_floor_spawned":[1,8,10,12,19,21,27,30,33,35,42,44,46],"killed_by":"Donu and Deca","ascension_level":20}