{"path_per_floor":["M","M","?","?","M","?","R","M","T","M","E","$","M","M","R"],"character_chosen":"THE_SILENT","items_purchased":["Tough Bandages","Footwork"],"gold_per_floor":[110,123,73,248,264,264,264,279,279,294,333,12,26,42,42],"floor_reached":16,"campfire_rested":0,"playtime":1812,"current_hp_per_floor":[70,70,70,70,70,53,53,42,42,37,7,7,7,7,7],"items_purged":[],"gold":42,"play_id":"d6253e0e-dc86-4baf-a414-fd3ded48367e","is_prod":false,"is_daily":false,"campfire_rituals":0,"campfire_upgraded":2,"is_hardmode":false,"path_taken":["M","M","?","?","M","?","R","M","T","M","E","$","?","M","R","BOSS"],"build_version":"2018-01-18-PROD4","purchased_purges":0,"victory":false,"master_deck":["Defend_G","Defend_G","Defend_G","Defend_G","Defend_G","Strike_G","Strike_G","Strike_G","Strike_G","Survivor","Neutralize","Backflip","Accuracy","Doubt","Infinite Blades","Prepared","Deflect","Acrobatics","Footwork","Escape Plan"],"max_hp_per_floor":[70,70,70,70,70,70,70,70,70,70,70,70,70,70,70],"relics":["Ring of the Snake","Golden Idol","Whetstone","Bag of Preparation","Tough Bandages"],"campfire_meditates":0,"card_choices":[{"not_picked":["Blade Dance","Quick Slash"],"picked":"Backflip"},{"not_picked":["Eviscerate","PiercingWail"],"picked":"Accuracy"},{"not_picked":["Malaise","Eviscerate"],"picked":"Infinite Blades"},{"not_picked":["Crippling Poison","Dagger Throw"],"picked":"Prepared"},{"not_picked":["Underhanded Strike","Flechettes"],"picked":"Deflect"},{"not_picked":["Malaise","Poisoned Stab"],"picked":"Acrobatics"},{"not_picked":["Acrobatics","Quick Slash"],"picked":"Escape Plan"}],"player_experience":175124,"potions_floor_usage":[8,8,10,16],"damage_taken":[{"damage":0,"enemies":"Cultist","floor":1,"turns":4},{"damage":0,"enemies":"2 Louse","floor":2,"turns":3},{"damage":0,"enemies":"Jaw Worm","floor":5,"turns":6},{"damage":11,"enemies":"Gremlin Gang","floor":8,"turns":8},{"damage":5,"enemies":"Looter","floor":10,"turns":3},{"damage":30,"enemies":"Lagavulin","floor":11,"turns":9},{"damage":0,"enemies":"Large Slime","floor":13,"turns":5},{"damage":0,"enemies":"2 Fungi Beasts","floor":14,"turns":5},{"damage":8,"enemies":"Hexaghost","floor":16,"turns":9}],"event_choices":[{"event_name":"The Cleric","player_choice":"Card Removal","floor":3,"damage_taken":0},{"event_name":"Liars Game","player_choice":"agreed","floor":4,"damage_taken":0},{"event_name":"Golden Idol","player_choice":"Take Damage","floor":6,"damage_taken":0}],"boss_relics":[],"potions_floor_spawned":[1,5,8,13],"seed_played":"1184664969599016580","killed_by":"Hexaghost","is_trial":false}