{"gold_per_floor":[110,128,139,139,149,149,149,161,461,461,480,480,480,187,187,282,282,301,312,326,326,326],"floor_reached":22,"playtime":1778,"items_purged":[],"score":178,"play_id":"f427f345-4e89-4973-87c5-2f6f16ffdbe2","local_time":"20190704224607","is_ascension_mode":false,"campfire_choices":[{"data":"Zap","floor":6.0,"key":"SMITH"},{"floor":10.0,"key":"REST"},{"data":"Rainbow","floor":12.0,"key":"SMITH"},{"data":"Capacitor","floor":15.0,"key":"SMITH"}],"neow_cost":"NONE","seed_source_timestamp":0,"circlet_count":0,"master_deck":["Strike_B","Strike_B","Strike_B","Strike_B","Defend_B","Defend_B","Defend_B","Defend_B","Zap+1","Dualcast","Ball Lightning","Cold Snap","Streamline","Static Discharge","Self Repair","Rainbow+1","Capacitor+1","Seek","Chaos+1","Conserve Battery","Genetic Algorithm"],"special_seed":0,"relics":["Cracked Core","Old Coin","Ornamental Fan"],"potions_floor_usage":[],"damage_taken":[{"damage":0.0,"enemies":"Cultist","floor":1.0,"turns":3.0},{"damage":6.0,"enemies":"Jaw Worm","floor":2.0,"turns":2.0},{"damage":0.0,"enemies":"2 Louse","floor":3.0,"turns":3.0},{"damage":5.0,"enemies":"Looter","floor":5.0,"turns":3.0},{"damage":21.0,"enemies":"Lots of Slimes","floor":8.0,"turns":3.0},{"damage":2.0,"enemies":"Blue Slaver","floor":11.0,"turns":3.0},{"damage":34.0,"enemies":"Slime Boss","floor":16.0,"turns":10.0},{"damage":14,"enemies":"Spheric Guardian","floor":18,"turns":4},{"damage":35,"enemies":"Shell Parasite","floor":19,"turns":5},{"damage":36,"enemies":"Snecko","floor":20,"turns":7},{"damage":21,"enemies":"3 Cultists","floor":22,"turns":3}],"seed_played":"5665642585686337056","potions_obtained":[{"floor":2.0,"key":"SpeedPotion"},{"floor":3.0,"key":"GamblersBrew"},{"floor":11.0,"key":"FocusPotion"}],"is_trial":false,"path_per_floor":["M","M","M","?","M","R","?","M","T","R","M","R","?","$","R","B",null,"M","M","M","?","M"],"character_chosen":"DEFECT","items_purchased":["Capacitor","Ornamental Fan"],"campfire_rested":1,"item_purchase_floors":[14,14],"current_hp_per_floor":[82,76,76,76,71,71,71,50,50,74,79,79,79,79,79,52,82,75,47,18,18,0],"gold":326,"neow_bonus":"TEN_PERCENT_HP_BONUS","is_prod":false,"is_daily":false,"chose_seed":false,"campfire_upgraded":3,"win_rate":0.0,"timestamp":1562301967,"path_taken":["M","M","M","?","M","R","?","M","T","R","M","R","?","$","R","BOSS","M","M","M","?","M"],"build_version":"2019-07-01","purchased_purges":0,"victory":false,"max_hp_per_floor":[82,82,82,82,82,82,82,82,82,82,82,82,82,82,82,82,82,82,82,82,82,82],"card_choices":[{"not_picked":["Double Energy","Aggregate"],"picked":"Ball Lightning","floor":1.0},{"not_picked":["Hologram","Gash"],"picked":"Cold Snap","floor":2.0},{"not_picked":["Blizzard","Hologram"],"picked":"Streamline","floor":3.0},{"not_picked":["Rip and Tear","Stack"],"picked":"Static Discharge","floor":5.0},{"not_picked":["Stack","Redo"],"picked":"Self Repair","floor":8.0},{"not_picked":["Hologram","Barrage"],"picked":"Rainbow","floor":11.0},{"not_picked":["Biased Cognition","Fission"],"picked":"Seek","floor":16.0},{"not_picked":["Streamline+1","Leap"],"picked":"Chaos+1","floor":18},{"not_picked":["Heatsinks+1","Chaos+1"],"picked":"Conserve Battery","floor":19},{"not_picked":["Auto Shields","Static Discharge"],"picked":"Genetic Algorithm","floor":20}],"player_experience":10773,"relics_obtained":[{"floor":9.0,"key":"Old Coin"}],"event_choices":[{"damage_healed":0.0,"max_hp_gain":0.0,"max_hp_loss":0.0,"gold_gain":0.0,"event_name":"The Cleric","player_choice":"Leave","floor":4.0,"gold_loss":0.0,"damage_taken":0.0},{"damage_healed":0.0,"max_hp_gain":0.0,"max_hp_loss":0.0,"gold_gain":0.0,"event_name":"Liars Game","player_choice":"Ignored","floor":7.0,"gold_loss":0.0,"damage_taken":0.0},{"damage_healed":0.0,"max_hp_gain":0.0,"max_hp_loss":0.0,"gold_gain":0.0,"event_name":"Golden Idol","player_choice":"Ignored","floor":13.0,"gold_loss":0.0,"damage_taken":0.0},{"damage_healed":0,"gold_gain":0,"player_choice":"Bought 0 Potions","damage_taken":0,"max_hp_gain":0,"max_hp_loss":0,"event_name":"The Woman in Blue","floor":21,"gold_loss":0}],"is_beta":false,"boss_relics":[{"not_picked":["Empty Cage","Fusion Hammer","Busted Crown"]}],"items_purged_floors":[],"is_endless":false,"potions_floor_spawned":[2,3,11,16,19],"killed_by":"3 Cultists","ascension_level":0}