{"path_per_floor":["M","M","M","?","M","R","E","M","T","R","$","M","?","$","R","B",null,"M","?","T","?","$","E","?","R","T","E","?","M","$","E","R","B",null,"M","?","?","?","M","E","R","?","T","T","E","$","?","M","R","B"],"character_chosen":"THE_SILENT","items_purchased":["War Paint","Flying Knee","Juzu Bracelet","Accuracy","Finesse","Caltrops","Blade Dance","Oddly Smooth Stone"],"gold_per_floor":[109,123,141,141,153,153,182,197,249,249,27,46,221,97,97,198,198,217,142,442,342,61,87,87,87,87,121,121,132,20,55,55,160,160,180,226,226,0,10,41,41,41,92,137,169,19,19,29,29,29],"floor_reached":51,"campfire_rested":1,"playtime":6145,"current_hp_per_floor":[68,66,68,54,48,48,44,44,51,51,51,53,53,53,53,53,77,77,77,77,77,77,72,72,72,72,70,70,69,69,68,68,53,77,74,73,63,63,62,58,58,58,58,58,57,57,57,53,76,74],"items_purged":["Strike_G","Doubt"],"gold":29,"play_id":"4b375551-c412-4b3a-a3be-f83f721e6b9e","is_prod":false,"is_daily":false,"campfire_rituals":0,"campfire_upgraded":6,"is_hardmode":false,"path_taken":["M","M","?","?","M","R","E","M","T","R","$","M","?","?","R","BOSS","M","?","?","?","$","E","?","R","T","E","?","M","?","E","R","BOSS","M","?","?","?","M","E","R","?","T","?","E","?","?","M","R","BOSS"],"build_version":"2018-01-18-PROD4","purchased_purges":2,"victory":true,"master_deck":["Defend_G","Defend_G","Defend_G","Defend_G","Strike_G","Survivor","Neutralize","Outmaneuver","Poisoned Stab","Cloak And Dagger","After Image","Flying Knee","Adrenaline","Cloak And Dagger","J.A.X.","Accuracy","Finesse","Acrobatics","Caltrops","Blade Dance","Tools of the Trade","Reflex","Cloak And Dagger","Madness","Madness","Terror","Prepared","Prepared"],"max_hp_per_floor":[70,70,70,70,70,70,70,70,77,77,77,77,77,77,77,77,77,77,77,77,77,77,77,77,77,77,77,77,77,77,77,77,77,77,77,77,77,77,77,77,77,77,77,77,77,77,77,77,77,77],"relics":["Ring of the Snake","Blood Vial","Centennial Puzzle","Strawberry","War Paint","Sozu","Old Coin","Juzu Bracelet","Paper Crane","Gambling Chip","Bronze Scales","Tough Bandages","Vajra","Black Star","Frozen Eye","Red Mask","Bag of Marbles","Snake Skull","Lantern","Whetstone","Tingsha","Unceasing Top","Oddly Smooth Stone"],"campfire_meditates":0,"card_choices":[{"not_picked":["Choke","Cloak And Dagger"],"picked":"Outmaneuver"},{"not_picked":["Eviscerate","Deflect"],"picked":"Poisoned Stab"},{"not_picked":["Slice","Leg Sweep"],"picked":"Cloak And Dagger"},{"not_picked":["Footwork","PiercingWail"],"picked":"After Image"},{"not_picked":["Die Die Die","A Thousand Cuts"],"picked":"Adrenaline"},{"not_picked":["Leg Sweep","Finisher"],"picked":"Cloak And Dagger"},{"not_picked":["Sucker Punch","Well Laid Plans"],"picked":"Acrobatics"},{"not_picked":["Unload","Corpse Explosion"],"picked":"Tools of the Trade"},{"not_picked":["Underhanded Strike","Dagger Throw"],"picked":"Reflex"},{"not_picked":["Dagger Throw","Dash"],"picked":"Cloak And Dagger"},{"not_picked":["Deadly Poison","Deflect"],"picked":"Terror"},{"not_picked":["A Thousand Cuts","Infinite Blades"],"picked":"Prepared"},{"not_picked":["Backstab","Dagger Throw"],"picked":"Prepared"}],"player_experience":165896,"potions_floor_usage":[7,7,12,16],"damage_taken":[{"damage":2,"enemies":"Blue Slaver","floor":1,"turns":7},{"damage":4,"enemies":"Jaw Worm","floor":2,"turns":5},{"damage":0,"enemies":"2 Louse","floor":3,"turns":3},{"damage":8,"enemies":"Looter","floor":5,"turns":4},{"damage":21,"enemies":"3 Sentries","floor":7,"turns":8},{"damage":2,"enemies":"Large Slime","floor":8,"turns":7},{"damage":0,"enemies":"Exordium Thugs","floor":12,"turns":4},{"damage":2,"enemies":"The Guardian","floor":16,"turns":12},{"damage":0,"enemies":"3 Byrds","floor":18,"turns":7},{"damage":5,"enemies":"Book of Stabbing","floor":23,"turns":6},{"damage":4,"enemies":"Slavers","floor":27,"turns":7},{"damage":3,"enemies":"Spheric Guardian","floor":29,"turns":2},{"damage":3,"enemies":"Book of Stabbing","floor":31,"turns":4},{"damage":17,"enemies":"Automaton","floor":33,"turns":8},{"damage":3,"enemies":"3 Shapes","floor":35,"turns":3},{"damage":3,"enemies":"Mysterious Sphere","floor":36,"turns":4},{"damage":3,"enemies":"3 Darklings","floor":39,"turns":3},{"damage":6,"enemies":"2 Orb Walkers","floor":40,"turns":5},{"damage":3,"enemies":"Giant Head","floor":45,"turns":5},{"damage":6,"enemies":"Maw","floor":48,"turns":4},{"damage":3,"enemies":"Awakened One","floor":50,"turns":7}],"event_choices":[{"event_name":"Shining Light","player_choice":"Entered Light","floor":4,"damage_taken":0},{"event_name":"Liars Game","player_choice":"agreed","floor":13,"damage_taken":0},{"event_name":"Beggar","player_choice":"Gave Gold","floor":19,"damage_taken":0},{"event_name":"Drug Dealer","player_choice":"Got JAXXED","floor":21,"damage_taken":0},{"event_name":"Back to Basics","player_choice":"Elegance","floor":24,"damage_taken":0},{"event_name":"The Mausoleum","player_choice":"Yes","floor":28,"damage_taken":0},{"event_name":"Mysterious Sphere","player_choice":"Fight","floor":36,"damage_taken":0},{"event_name":"Winding Halls","player_choice":"Embrace Madness","floor":37,"damage_taken":0},{"event_name":"Tomb of Lord Red Mask","player_choice":"Paid","floor":38,"damage_taken":0},{"event_name":"Purifier","player_choice":"One Purge","floor":42,"damage_taken":0}],"boss_relics":[{"not_picked":["Cursed Key","Philosopher\u0027s Stone"],"picked":"Sozu"},{"not_picked":["Snecko Eye","Eternal Feather"],"picked":"Black Star"}],"potions_floor_spawned":[2,5,8,12,18,27,31,39,45],"seed_played":"8739271209027010278","is_trial":false}