{"path_per_floor":["M","?","$","?","?","?","R","M","T","M","R","?","E","?","R","B",null,"M","$","?","T","M","E","?","R","T","?","R","E","R","$","R","B",null,"M","?","?","$","M","R","M","?","T","M","E","R","E","M","R","B"],"character_chosen":"THE_SILENT","items_purchased":["Bronze Scales","Bag of Marbles","Noxious Fumes","Footwork","Medical Kit"],"gold_per_floor":[109,109,34,109,109,109,109,119,145,158,158,158,199,273,273,398,398,414,36,36,36,61,99,99,99,99,99,99,128,128,55,55,155,155,169,169,214,21,36,36,46,46,46,64,95,95,123,139,139,139],"floor_reached":51,"campfire_rested":2,"playtime":16673,"current_hp_per_floor":[70,70,70,59,56,56,56,55,55,55,55,55,26,22,43,42,65,64,64,64,64,63,54,38,59,59,59,59,62,62,62,62,67,71,72,62,49,49,54,54,59,59,59,64,69,69,72,72,72,45],"items_purged":["Defend_G"],"gold":139,"play_id":"abf5dfce-873e-4fe5-96d9-7edbe74cfb1f","is_prod":false,"is_daily":false,"is_ascension_mode":true,"campfire_upgraded":6,"path_taken":["M","?","$","?","?","?","R","M","T","M","R","?","E","?","R","BOSS","M","$","?","?","M","E","?","R","T","?","R","E","R","?","R","BOSS","M","?","?","$","M","R","M","?","T","M","E","R","E","M","R","BOSS"],"build_version":"2018-02-01-PROD3","purchased_purges":1,"victory":true,"master_deck":["Defend_G+1","Defend_G+1","Defend_G+1","Defend_G+1","Strike_G+1","Strike_G+1","Strike_G+1","Survivor","Neutralize+1","Backflip+1","Blur","Infinite Blades","Escape Plan","Cloak And Dagger","Adrenaline+1","Dagger Throw+1","Noxious Fumes+1","Cloak And Dagger+1","Backstab+1","Footwork+1","Terror","Calculated Gamble+1","Prepared+1","Madness+1","Madness","Blur","Cloak And Dagger+1","Outmaneuver+1","Heel Hook+1"],"max_hp_per_floor":[70,70,70,70,70,70,70,70,70,70,70,65,72,72,72,72,72,72,72,72,72,72,72,72,72,72,72,72,72,72,72,72,72,72,72,72,72,72,72,72,72,72,72,72,72,72,72,72,72,72],"relics":["Ring of the Snake","Juzu Bracelet","Peace Pipe","Meat on the Bone","Pen Nib","Bloody Idol","Strawberry","Happy Flower","Sozu","Bronze Scales","Bag of Marbles","Thread and Needle","Bottled Tornado","Enchiridion","Ginger","Whetstone","Orrery","Calipers","Medical Kit","Smiling Mask","Bag of Preparation","Dream Catcher"],"card_choices":[{"not_picked":["Malaise","Deadly Poison"],"picked":"Backflip"},{"not_picked":["Poisoned Stab","Distraction"],"picked":"Infinite Blades"},{"not_picked":["Flying Knee","Acrobatics"],"picked":"Escape Plan"},{"not_picked":["Wraith Form","Deadly Poison"],"picked":"Cloak And Dagger"},{"not_picked":["Grand Finale","Bullet Time"],"picked":"Adrenaline"},{"not_picked":["Underhanded Strike","Predator"],"picked":"Dagger Throw"},{"not_picked":["Poisoned Stab","Grand Finale"],"picked":"Cloak And Dagger"},{"not_picked":["Flechettes","PiercingWail"],"picked":"Backstab"},{"not_picked":["Catalyst","Flechettes"],"picked":"Terror"},{"not_picked":["A Thousand Cuts","Quick Slash"],"picked":"Well Laid Plans"},{"not_picked":["Deflect","PiercingWail"],"picked":"Calculated Gamble"},{"not_picked":["Poisoned Stab","Deadly Poison"],"picked":"Prepared"},{"not_picked":["Masterful Stab","Unload"],"picked":"Blur"},{"not_picked":["Calculated Gamble","Eviscerate"],"picked":"Cloak And Dagger"},{"not_picked":["Underhanded Strike","Distraction"],"picked":"Outmaneuver"},{"not_picked":["Distraction","Deadly Poison"],"picked":"Heel Hook"}],"player_experience":485515,"potions_floor_usage":[13,14,16],"damage_taken":[{"damage":0,"enemies":"Cultist","floor":1,"turns":6},{"damage":1,"enemies":"Jaw Worm","floor":8,"turns":6},{"damage":0,"enemies":"2 Louse","floor":10,"turns":3},{"damage":48,"enemies":"Lagavulin","floor":13,"turns":12},{"damage":16,"enemies":"Gremlin Nob","floor":14,"turns":4},{"damage":13,"enemies":"The Guardian","floor":16,"turns":17},{"damage":1,"enemies":"Shell Parasite","floor":18,"turns":10},{"damage":1,"enemies":"2 Thieves","floor":22,"turns":4},{"damage":9,"enemies":"Slavers","floor":23,"turns":5},{"damage":2,"enemies":"Gremlin Leader","floor":29,"turns":6},{"damage":0,"enemies":"Collector","floor":33,"turns":8},{"damage":4,"enemies":"3 Shapes","floor":35,"turns":4},{"damage":18,"enemies":"Mysterious Sphere","floor":37,"turns":6},{"damage":0,"enemies":"Orb Walker","floor":39,"turns":2},{"damage":0,"enemies":"Maw","floor":41,"turns":6},{"damage":0,"enemies":"4 Shapes","floor":44,"turns":6},{"damage":0,"enemies":"Giant Head","floor":45,"turns":8},{"damage":0,"enemies":"Nemesis","floor":47,"turns":9},{"damage":0,"enemies":"Sphere and 2 Shapes","floor":48,"turns":4},{"damage":27,"enemies":"Awakened One","floor":50,"turns":20}],"event_choices":[{"event_name":"Living Wall","player_choice":"Change","floor":2,"damage_taken":0},{"event_name":"World of Goop","player_choice":"Gather Gold","floor":4,"damage_taken":0},{"event_name":"Scrap Ooze","player_choice":"success","floor":5,"damage_taken":3},{"event_name":"Big Fish","player_choice":"Box","floor":6,"damage_taken":0},{"event_name":"Golden Idol","player_choice":"Lose Max HP","floor":12,"damage_taken":0},{"event_name":"Dead Adventurer","player_choice":"Searched \u00272\u0027 times","floor":14,"damage_taken":0},{"event_name":"Back to Basics","player_choice":"Simplicity","floor":20,"damage_taken":0},{"event_name":"Cursed Tome","player_choice":"Obtained Book","floor":24,"damage_taken":0},{"event_name":"Forgotten Altar","player_choice":"Gave Idol","floor":27,"damage_taken":0},{"event_name":"Winding Halls","player_choice":"Embrace Madness","floor":36,"damage_taken":0},{"event_name":"Mysterious Sphere","player_choice":"Fight","floor":37,"damage_taken":0}],"boss_relics":[{"not_picked":["Pandora\u0027s Box","White Beast Statue"],"picked":"Sozu"},{"not_picked":["Snecko Eye","Velvet Choker"],"picked":"Orrery"}],"potions_floor_spawned":[1,13,14,16,18,23,29,39,41,44,45,47],"seed_played":"-5546921646556657119","ascension_level":5,"is_trial":false}