{"gold_per_floor":[109,124,28,0,0,34,51,62,62,92,107,107,121,189,189,263,263,274,196,196,172,3,3,21,21,21,82,82,82,99,99,99,178,178,196,196,212,212],"floor_reached":38,"playtime":2569,"items_purged":[],"score":842,"play_id":"ee12d69f-7686-4b02-8a9d-a32e83034567","local_time":"20181112121644","is_ascension_mode":true,"campfire_choices":[{"floor":12,"key":"REST"},{"data":"Catalyst","floor":15,"key":"SMITH"},{"floor":23,"key":"REST"},{"floor":25,"key":"REST"},{"floor":28,"key":"REST"},{"floor":32,"key":"REST"}],"neow_cost":"NONE","seed_source_timestamp":668594441230620,"circlet_count":0,"master_deck":["AscendersBane","Defend_G","Defend_G","Defend_G","Defend_G","Defend_G","Strike_G","Strike_G","Strike_G","Strike_G","Survivor","Neutralize","Corpse Explosion","PiercingWail","Slice","Noxious Fumes+1","Backflip","Cloak And Dagger","Catalyst+1","Night Terror","Bouncing Flask","Slice+1","Well Laid Plans","Catalyst","Heel Hook","Regret","Dagger Spray","Burst","Finisher+1"],"relics":["Ring of the Snake","Kunai","Shuriken","Cursed Key","Happy Flower","Strawberry","Tiny Chest","Nloth\u0027s Gift","Philosopher\u0027s Stone","Ninja Scroll"],"potions_floor_usage":[6,6,8,11,16,27,31,31],"damage_taken":[{"damage":2,"enemies":"Small Slimes","floor":1,"turns":3},{"damage":1,"enemies":"2 Louse","floor":2,"turns":3},{"damage":6,"enemies":"3 Sentries","floor":6,"turns":4},{"damage":0,"enemies":"Jaw Worm","floor":7,"turns":5},{"damage":17,"enemies":"Large Slime","floor":8,"turns":7},{"damage":12,"enemies":"Exordium Thugs","floor":11,"turns":4},{"damage":7,"enemies":"3 Louse","floor":13,"turns":2},{"damage":35,"enemies":"The Guardian","floor":16,"turns":5},{"damage":19,"enemies":"Spheric Guardian","floor":18,"turns":5},{"damage":11,"enemies":"2 Thieves","floor":21,"turns":4},{"damage":0,"enemies":"Centurion and Healer","floor":24,"turns":3},{"damage":25,"enemies":"Gremlin Leader","floor":27,"turns":7},{"damage":9,"enemies":"Snake Plant","floor":30,"turns":3},{"damage":23,"enemies":"Colosseum Slavers","floor":31,"turns":3},{"damage":46,"enemies":"Champ","floor":33,"turns":9},{"damage":19,"enemies":"3 Shapes","floor":35,"turns":5},{"damage":13,"enemies":"Orb Walker","floor":37,"turns":3},{"damage":39,"enemies":"Transient","floor":38,"turns":2}],"seed_played":"-5043161975870964402","potions_obtained":[{"floor":2,"key":"EssenceOfSteel"},{"floor":6,"key":"SkillPotion"},{"floor":8,"key":"Energy Potion"},{"floor":13,"key":"SkillPotion"},{"floor":24,"key":"SteroidPotion"},{"floor":27,"key":"Strength Potion"},{"floor":30,"key":"FearPotion"},{"floor":35,"key":"Fire Potion"}],"is_trial":false,"path_per_floor":["M","M","$","?","?","E","M","M","T","?","M","R","M","T","R","B",null,"M","$","?","M","$","R","M","R","T","E","R","?","M","?","R","B",null,"M","?","M","M"],"character_chosen":"THE_SILENT","items_purchased":["Noxious Fumes","Dexterity Potion","Well Laid Plans","Happy Flower"],"campfire_rested":5,"item_purchase_floors":[3,3,19,22],"current_hp_per_floor":[57,56,56,56,56,50,50,33,33,33,21,40,33,43,43,8,59,40,40,18,7,7,31,31,55,62,37,63,63,54,31,57,11,69,50,50,37,0],"gold":212,"neow_bonus":"TRANSFORM_CARD","is_prod":false,"is_daily":false,"chose_seed":false,"campfire_upgraded":1,"win_rate":0,"timestamp":1542043004,"path_taken":["M","M","$","?","?","E","M","M","T","?","M","R","M","?","R","BOSS","M","$","?","M","$","R","M","R","T","E","R","?","?","?","R","BOSS","M","?","M","?"],"build_version":"2018-11-08","purchased_purges":0,"victory":false,"max_hp_per_floor":[66,66,66,66,66,66,66,66,66,66,66,66,66,76,76,76,76,76,76,81,81,81,81,81,81,88,88,88,88,88,88,88,88,88,88,88,88,88],"card_choices":[{"not_picked":["Deadly Poison","Outmaneuver"],"picked":"PiercingWail","floor":1},{"not_picked":["Dagger Throw","Distraction"],"picked":"Slice","floor":2},{"not_picked":["Crippling Poison","Setup"],"picked":"Backflip","floor":6},{"not_picked":["Riddle With Holes","Terror"],"picked":"Cloak And Dagger","floor":7},{"not_picked":["Acrobatics","Riddle With Holes"],"picked":"Catalyst","floor":8},{"not_picked":["Backflip","Blade Dance"],"picked":"Night Terror","floor":11},{"not_picked":["Deflect","Slice"],"picked":"Bouncing Flask","floor":13},{"not_picked":["Setup","Deadly Poison"],"picked":"Slice+1","floor":18},{"not_picked":["Expertise","PiercingWail"],"picked":"Catalyst","floor":21},{"not_picked":["Caltrops","PiercingWail"],"picked":"Heel Hook","floor":24},{"not_picked":["Terror","Noxious Fumes","Storm of Steel"],"picked":"SKIP","floor":27},{"not_picked":["Infinite Blades","Sucker Punch"],"picked":"Dagger Spray","floor":30},{"not_picked":["Corpse Explosion","Adrenaline"],"picked":"Burst","floor":33},{"not_picked":["Acrobatics","Infinite Blades"],"picked":"Finisher+1","floor":35},{"not_picked":["Heel Hook","Predator","Caltrops"],"picked":"SKIP","floor":37}],"player_experience":2229860,"relics_obtained":[{"floor":6,"key":"Kunai"},{"floor":9,"key":"Shuriken"},{"floor":14,"key":"Pear"},{"floor":26,"key":"Strawberry"},{"floor":27,"key":"Tiny Chest"}],"event_choices":[{"damage_healed":0,"gold_gain":0,"player_choice":"Left Gold","damage_taken":0,"max_hp_gain":0,"max_hp_loss":0,"event_name":"World of Goop","floor":4,"gold_loss":28},{"damage_healed":0,"gold_gain":0,"player_choice":"Grow","damage_taken":0,"max_hp_gain":0,"max_hp_loss":0,"event_name":"Living Wall","floor":5,"gold_loss":0,"cards_upgraded":["Noxious Fumes"]},{"damage_healed":0,"gold_gain":30,"player_choice":"Searched \u00271\u0027 times","damage_taken":0,"max_hp_gain":0,"max_hp_loss":0,"event_name":"Dead Adventurer","floor":10,"gold_loss":0},{"damage_healed":0,"gold_gain":0,"player_choice":"Shed Blood","damage_taken":27,"max_hp_gain":5,"max_hp_loss":0,"event_name":"Forgotten Altar","floor":20,"gold_loss":0},{"damage_healed":0,"gold_gain":0,"player_choice":"Traded Relic","damage_taken":0,"relics_obtained":["Nloth\u0027s Gift"],"max_hp_gain":0,"max_hp_loss":0,"event_name":"N\u0027loth","floor":29,"relics_lost":["Pear"],"gold_loss":0},{"damage_healed":0,"gold_gain":0,"player_choice":"Fight","damage_taken":0,"max_hp_gain":0,"max_hp_loss":0,"event_name":"Colosseum","floor":31,"gold_loss":0},{"damage_healed":0,"gold_gain":0,"player_choice":"Fled From Nobs","damage_taken":0,"max_hp_gain":0,"max_hp_loss":0,"event_name":"Colosseum","floor":31,"gold_loss":0},{"damage_healed":0,"gold_gain":0,"player_choice":"Gave Potion","damage_taken":0,"relics_obtained":["Ninja Scroll"],"max_hp_gain":0,"max_hp_loss":0,"event_name":"WeMeetAgain","floor":36,"gold_loss":0}],"is_beta":false,"boss_relics":[{"not_picked":["Ring of the Serpent","Empty Cage"],"picked":"Cursed Key"},{"not_picked":["Velvet Choker","Black Star"],"picked":"Philosopher\u0027s Stone"}],"items_purged_floors":[],"is_endless":false,"potions_floor_spawned":[2,6,8,13,24,27,30,35],"killed_by":"Transient","ascension_level":19}