{"path_per_floor":["M","?","?","T","M","R","E","R","T","M","$","$","?","M","R","B",null,"M","M","?","?","$","R","E","R","T","R","M","R","?","E","R","B",null,"M","M","?","?","M","R","M","M","T","R","$","?","R","?","R","B"],"character_chosen":"THE_SILENT","items_purchased":["Oddly Smooth Stone","Dagger Spray","Lantern","Letter Opener","Pen Nib","After Image","Blur","Dexterity Potion"],"gold_per_floor":[117,117,117,117,138,138,171,171,171,187,14,14,47,71,71,201,201,214,235,235,235,6,6,37,37,37,37,53,53,53,94,94,215,215,228,252,352,685,703,703,723,739,739,739,47,47,47,47,47,47],"floor_reached":51,"campfire_rested":1,"playtime":4202,"current_hp_per_floor":[70,65,58,58,58,58,58,58,58,57,57,57,53,46,46,41,65,65,64,64,48,48,65,60,60,60,60,60,60,60,56,56,57,65,65,65,65,65,58,58,60,62,62,62,62,62,62,62,62,64],"items_purged":["Strike_G"],"gold":47,"score":579,"play_id":"74840689-b263-4f36-97a5-cd6f8c3329a4","is_prod":false,"is_daily":false,"is_ascension_mode":false,"campfire_upgraded":8,"path_taken":["M","?","?","?","M","R","E","R","T","M","?","$","?","M","R","BOSS","M","M","?","?","$","R","E","R","T","R","M","R","?","E","R","BOSS","M","M","?","?","M","R","M","M","T","R","$","?","R","?","R","BOSS"],"build_version":"2018-02-15-PROD1","purchased_purges":1,"victory":true,"master_deck":["Defend_G+1","Defend_G+1","Defend_G+1","Defend_G+1","Defend_G+1","Strike_G+1","Strike_G+1","Survivor","Neutralize+1","Acrobatics","Leg Sweep+1","Deadly Poison+1","Escape Plan","Dagger Spray+1","Adrenaline+1","Envenom+1","Outmaneuver+1","Blur","Noxious Fumes+1","Dagger Throw+1","Adrenaline","PiercingWail+1","Tactician+1","Blur+1","After Image","Blur"],"max_hp_per_floor":[70,65,65,65,65,65,65,65,65,65,65,65,65,65,65,65,65,65,65,65,65,65,65,65,65,65,65,65,65,65,65,65,65,65,65,65,65,65,65,65,65,65,65,65,65,65,65,65,65,65],"relics":["Ring of the Snake","NeowsBlessing","Calipers","Matryoshka","Juzu Bracelet","Whetstone","Oddly Smooth Stone","Odd Mushroom","Question Card","Toolbox","Nilry\u0027s Codex","Lantern","Meat on the Bone","Dream Catcher","Thread and Needle","Blood Vial","The Specimen","Shovel","Vajra","Letter Opener","Pen Nib","Bottled Tornado","Art of War"],"card_choices":[{"not_picked":["All Out Attack","Deflect"],"picked":"Acrobatics"},{"not_picked":["Quick Slash","Bane"],"picked":"Leg Sweep"},{"not_picked":["Quick Slash","Cloak And Dagger"],"picked":"Deadly Poison"},{"not_picked":["Deflect","Cloak And Dagger"],"picked":"Escape Plan"},{"not_picked":["Underhanded Strike","Slice"],"picked":"Adrenaline"},{"not_picked":["Night Terror","Burst"],"picked":"Envenom"},{"not_picked":["Dodge and Roll","Acrobatics","Slice"],"picked":"Outmaneuver"},{"not_picked":["Underhanded Strike","PiercingWail","Setup"],"picked":"Blur"},{"not_picked":["Phantasmal Killer","Leg Sweep","Slice"],"picked":"Noxious Fumes"},{"not_picked":["Dagger Spray","Poisoned Stab","Quick Slash"],"picked":"Dagger Throw"},{"not_picked":["A Thousand Cuts","Glass Knife","Wraith Form"],"picked":"Adrenaline"},{"not_picked":["Leg Sweep","Deflect","Acrobatics"],"picked":"PiercingWail"},{"not_picked":["Acrobatics","Bane","Poisoned Stab"],"picked":"Tactician"},{"not_picked":["Deflect","Poisoned Stab","Die Die Die"],"picked":"Blur"}],"player_experience":744947,"potions_floor_usage":[13,24,24,33,39,50,50,50],"damage_taken":[{"damage":0,"enemies":"2 Louse","floor":1,"turns":1},{"damage":0,"enemies":"Cultist","floor":5,"turns":1},{"damage":0,"enemies":"Lagavulin","floor":7,"turns":1},{"damage":1,"enemies":"Small Slimes","floor":10,"turns":3},{"damage":4,"enemies":"The Mushroom Lair","floor":13,"turns":3},{"damage":7,"enemies":"Exordium Thugs","floor":14,"turns":5},{"damage":5,"enemies":"The Guardian","floor":16,"turns":15},{"damage":0,"enemies":"Shell Parasite","floor":18,"turns":9},{"damage":1,"enemies":"3 Byrds","floor":19,"turns":6},{"damage":5,"enemies":"Gremlin Leader","floor":24,"turns":11},{"damage":0,"enemies":"Sentry and Sphere","floor":28,"turns":6},{"damage":4,"enemies":"Book of Stabbing","floor":31,"turns":6},{"damage":1,"enemies":"Champ","floor":33,"turns":14},{"damage":0,"enemies":"Orb Walker","floor":35,"turns":5},{"damage":0,"enemies":"3 Darklings","floor":36,"turns":6},{"damage":7,"enemies":"Sphere and 2 Shapes","floor":39,"turns":6},{"damage":0,"enemies":"4 Shapes","floor":41,"turns":6},{"damage":0,"enemies":"Maw","floor":42,"turns":8},{"damage":0,"enemies":"Donu and Deca","floor":50,"turns":10}],"event_choices":[{"event_name":"Golden Idol","player_choice":"Lose Max HP","floor":2,"damage_taken":0},{"event_name":"Golden Wing","player_choice":"Card Removal","floor":3,"damage_taken":0},{"event_name":"Mushrooms","player_choice":"Fought Mushrooms","floor":13,"damage_taken":0},{"event_name":"The Mausoleum","player_choice":"Yes","floor":20,"damage_taken":0},{"event_name":"Cursed Tome","player_choice":"Obtained Book","floor":21,"damage_taken":0},{"event_name":"Back to Basics","player_choice":"Simplicity","floor":30,"damage_taken":0},{"event_name":"Golden Shrine","player_choice":"Pray","floor":37,"damage_taken":0},{"event_name":"The Moai Head","player_choice":"Gave Idol","floor":38,"damage_taken":0},{"event_name":"Accursed Blacksmith","player_choice":"Ignore","floor":46,"damage_taken":0}],"boss_relics":[{"not_picked":["Runic Pyramid","Eternal Feather"],"picked":"Question Card"},{"not_picked":["Tiny House","Runic Dome"],"picked":"The Specimen"}],"potions_floor_spawned":[1,5,16,19,31,41],"seed_played":"-4902381219745783257","ascension_level":0,"is_trial":false}