{"path_per_floor":["M","?","?","$","M","R","E","?","T","$","M","E","M","M","R","B",null,"M","M","?","M","M","R","E","?","T","M","E","?","$","M","R","B",null,"M","?","M","?","M","R"],"character_chosen":"THE_SILENT","items_purchased":["Letter Opener","Deep Breath","Cloak And Dagger","Oddly Smooth Stone","Shuriken","Bandage Up","Noxious Fumes"],"gold_per_floor":[369,444,444,65,81,81,109,109,163,18,31,64,79,91,91,190,190,206,222,422,435,446,446,475,475,499,518,550,475,64,78,78,182,182,192,0,16,16,30,30],"floor_reached":41,"campfire_rested":3,"playtime":21872,"current_hp_per_floor":[68,57,43,43,43,43,34,57,57,57,57,55,55,54,54,34,77,45,35,35,42,39,62,62,62,62,41,38,38,38,32,55,14,77,75,75,59,59,32,55],"items_purged":[],"gold":30,"play_id":"5a0a8421-1a0f-48d0-ac7b-65d5a2f84408","is_prod":false,"is_daily":false,"is_ascension_mode":true,"campfire_upgraded":2,"path_taken":["M","?","?","$","M","R","E","?","T","?","M","E","M","M","R","BOSS","M","M","?","M","?","R","E","?","T","?","E","?","$","M","R","BOSS","M","?","M","?","?","R","M"],"build_version":"2018-01-25-PROD3","purchased_purges":0,"victory":false,"master_deck":["Defend_G","Defend_G+1","Defend_G+1","Strike_G","Strike_G","Survivor","Neutralize+1","Parasite","Noxious Fumes+1","Deep Breath","Cloak And Dagger","Prepared","Outmaneuver","Burst+1","Dagger Throw+1","Venomology+1","Bullet Time+1","Blur+1","Escape Plan","Terror","Outmaneuver+1","After Image","Bandage Up","Noxious Fumes","PiercingWail+1","Envenom","Footwork","Acrobatics","Dash+1"],"max_hp_per_floor":[70,70,70,70,70,70,70,70,70,70,70,77,77,77,77,77,77,77,77,77,77,77,77,77,77,77,77,77,77,77,77,77,77,77,77,77,77,77,77,77],"relics":["Ring of the Snake","Letter Opener","Bottled Lightning","Tiny Chest","Oddly Smooth Stone","Strawberry","Astrolabe","Matryoshka","Snake Skull","Art of War","Toxic Egg","Shuriken","White Beast Statue","Red Mask"],"card_choices":[{"not_picked":["Setup","Escape Plan"],"picked":"Noxious Fumes"},{"not_picked":["Cloak And Dagger","Bane"],"picked":"Prepared"},{"not_picked":["Dagger Throw","Accuracy"],"picked":"Outmaneuver"},{"not_picked":["Night Terror","Corpse Explosion"],"picked":"Burst"},{"not_picked":["Flying Knee","Accuracy"],"picked":"Blur"},{"not_picked":["Sucker Punch","Cloak And Dagger"],"picked":"Escape Plan"},{"not_picked":["Masterful Stab","Cloak And Dagger"],"picked":"Terror"},{"not_picked":["Endless Agony","PiercingWail"],"picked":"Outmaneuver"},{"not_picked":["Catalyst","Accuracy"],"picked":"After Image"},{"not_picked":["Reflex","Backflip"],"picked":"PiercingWail"},{"not_picked":["Corpse Explosion","Bullet Time"],"picked":"Envenom"},{"not_picked":["Terror","Deadly Poison"],"picked":"Footwork"},{"not_picked":["Deflect","Outmaneuver"],"picked":"Acrobatics"},{"not_picked":["Outmaneuver","Underhanded Strike"],"picked":"Dash"}],"player_experience":255476,"potions_floor_usage":[7,12,12,16,18,21,21,21,22,24,24,27,28,28,28,28,33,35,37,37,37,39,39,41],"damage_taken":[{"damage":2,"enemies":"Small Slimes","floor":1,"turns":5},{"damage":0,"enemies":"2 Louse","floor":5,"turns":3},{"damage":9,"enemies":"3 Sentries","floor":7,"turns":6},{"damage":0,"enemies":"Blue Slaver","floor":11,"turns":4},{"damage":9,"enemies":"Gremlin Nob","floor":12,"turns":4},{"damage":0,"enemies":"Large Slime","floor":13,"turns":6},{"damage":1,"enemies":"2 Fungi Beasts","floor":14,"turns":5},{"damage":20,"enemies":"The Guardian","floor":16,"turns":12},{"damage":32,"enemies":"3 Byrds","floor":18,"turns":4},{"damage":10,"enemies":"Spheric Guardian","floor":19,"turns":7},{"damage":5,"enemies":"Snake Plant","floor":21,"turns":4},{"damage":3,"enemies":"Centurion and Healer","floor":22,"turns":9},{"damage":0,"enemies":"Book of Stabbing","floor":24,"turns":7},{"damage":21,"enemies":"Chosen and Byrds","floor":27,"turns":6},{"damage":3,"enemies":"Gremlin Leader","floor":28,"turns":7},{"damage":14,"enemies":"3 Cultists","floor":31,"turns":4},{"damage":45,"enemies":"Automaton","floor":33,"turns":13},{"damage":2,"enemies":"3 Shapes","floor":35,"turns":5},{"damage":20,"enemies":"3 Darklings","floor":37,"turns":9},{"damage":31,"enemies":"Sphere and 2 Shapes","floor":39,"turns":5},{"damage":61,"enemies":"Maw","floor":41,"turns":9}],"event_choices":[{"event_name":"World of Goop","player_choice":"Gather Gold","floor":2,"damage_taken":0},{"event_name":"Shining Light","player_choice":"Entered Light","floor":3,"damage_taken":0},{"event_name":"Big Fish","player_choice":"Banana","floor":8,"damage_taken":0},{"event_name":"The Joust","player_choice":"Bet on Owner","floor":20,"damage_taken":0},{"event_name":"The Lab","player_choice":"Got Potions","floor":25,"damage_taken":0},{"event_name":"Beggar","player_choice":"Gave Gold","floor":29,"damage_taken":0},{"event_name":"Tomb of Lord Red Mask","player_choice":"Paid","floor":36,"damage_taken":0}],"boss_relics":[{"not_picked":["Ectoplasm","Velvet Choker"],"picked":"Astrolabe"},{"not_picked":["Runic Pyramid","Eternal Feather"],"picked":"White Beast Statue"}],"potions_floor_spawned":[1,7,11,12,19,22,24,27,35,37,39],"seed_played":"-5740012999572928457","killed_by":"Maw","ascension_level":1,"is_trial":false}