{"gold_per_floor":[114,129,29,44,59,89,89,119,169,180,210,225,225,240,240,340,340,355,1,17,32,32,62,62,92,92,92,92,122,122,24,24,124,124,139,154,188,188,188,188,218,233,233,563,578,608,623,653,653,653],"floor_reached":51,"playtime":524650,"items_purged":["Regret"],"score":1041,"play_id":"387987ec-f2d1-4fa4-a70d-85eb05b1593e","local_time":"20180709233510","daily_mods":["Heirloom","Cursed Run","Terminal"],"is_ascension_mode":false,"campfire_choices":[{"data":"Coolheaded","floor":7,"key":"SMITH"},{"data":"Stack","floor":13,"key":"SMITH"},{"data":"Creative AI","floor":15,"key":"SMITH"},{"floor":28,"key":"REST"},{"floor":32,"key":"REST"},{"data":"Capacitor","floor":40,"key":"SMITH"},{"data":"Normality","floor":49,"key":"PURGE"}],"neow_cost":"","seed_source_timestamp":0,"circlet_count":0,"master_deck":["Strike_B","Strike_B","Strike_B","Strike_B","Defend_B","Defend_B","Defend_B","Defend_B","Zap","Dualcast","Coolheaded+1","Conserve Battery","Compile Driver","Reinforced Body","Auto Shields","Rebound","Glacier","Redo","Stack+1","Stack","Creative AI+1","Machine Learning","Capacitor+1","Skim+1","Core Surge","Stack","Dramatic Entrance","Sweeping Beam+1","Writhe","Injury","Hologram+1","Reinforced Body","Self Repair","Stack","Decay","Amplify","Aggregate","Redo+1","Darkness","Finesse","Flash of Steel","Secret Technique","Static Discharge+1","Stack+1","Loop+1","Double Energy","Defragment","Pain"],"special_seed":17712,"relics":["Cursed Key","Darkstone Periapt","Du-Vu Doll","Torii","Emotion Chip","Dream Catcher","Vajra","Odd Mushroom","Oddly Smooth Stone","Sozu","Lee\u0027s Waffle","Red Mask","Ice Cream","Toolbox","Dead Branch","Mummified Hand","Enchiridion","Nuclear Battery","Unceasing Top","Turnip","Peace Pipe","The Courier","Old Coin","Pantograph","Ginger"],"potions_floor_usage":[5,11,14,16,16,25],"damage_taken":[{"damage":0,"enemies":"Cultist","floor":1,"turns":4},{"damage":0,"enemies":"2 Louse","floor":2,"turns":3},{"damage":1,"enemies":"Jaw Worm","floor":4,"turns":2},{"damage":0,"enemies":"Lots of Slimes","floor":5,"turns":4},{"damage":0,"enemies":"3 Sentries","floor":6,"turns":9},{"damage":2,"enemies":"Gremlin Nob","floor":8,"turns":5},{"damage":5,"floor":10,"turns":4},{"damage":5,"enemies":"3 Sentries","floor":11,"turns":10},{"damage":2,"enemies":"Red Slaver","floor":12,"turns":5},{"damage":3,"enemies":"Gremlin Gang","floor":14,"turns":6},{"damage":17,"enemies":"The Guardian","floor":16,"turns":12},{"damage":25,"enemies":"3 Byrds","floor":18,"turns":8},{"damage":22,"floor":20,"turns":8},{"damage":2,"enemies":"Shell Parasite","floor":21,"turns":9},{"damage":7,"enemies":"Book of Stabbing","floor":23,"turns":7},{"damage":6,"enemies":"Gremlin Leader","floor":25,"turns":10},{"damage":1,"enemies":"Book of Stabbing","floor":29,"turns":10},{"damage":1,"enemies":"Collector","floor":33,"turns":8},{"damage":0,"enemies":"3 Shapes","floor":35,"turns":5},{"damage":0,"enemies":"Orb Walker","floor":36,"turns":4},{"damage":0,"floor":37,"turns":4},{"damage":0,"floor":39,"turns":4},{"damage":0,"enemies":"Nemesis","floor":41,"turns":8},{"damage":1,"enemies":"4 Shapes","floor":42,"turns":4},{"damage":12,"enemies":"2 Orb Walkers","floor":44,"turns":5},{"damage":0,"enemies":"Maw","floor":45,"turns":9},{"damage":8,"enemies":"Nemesis","floor":46,"turns":5},{"damage":0,"enemies":"3 Darklings","floor":47,"turns":6},{"damage":8,"enemies":"Giant Head","floor":48,"turns":7},{"damage":59,"enemies":"Awakened One","floor":50,"turns":12}],"seed_played":"-1755974802296634168","potions_obtained":[{"floor":2,"key":"GamblersBrew"},{"floor":10,"key":"Poison Potion"},{"floor":11,"key":"SpeedPotion"},{"floor":12,"key":"FocusPotion"},{"floor":14,"key":"SkillPotion"}],"is_trial":false,"path_per_floor":["M","M","$","M","M","E","R","E","T","?","E","M","R","M","R","B",null,"M","$","?","M","?","E","?","E","T","?","R","E","?","$","R","B",null,"M","M","?","?","?","R","E","M","T","E","M","E","M","E","R","B"],"character_chosen":"DEFECT","items_purchased":["Compile Driver","AttackPotion","Lee\u0027s Waffle","Capacitor","Self Repair","Stack"],"campfire_rested":2,"item_purchase_floors":[3,3,19,19,31,31],"current_hp_per_floor":[73,72,71,70,69,68,67,65,71,66,61,59,59,56,56,45,69,44,74,52,50,50,43,43,37,43,49,72,71,55,55,73,78,77,76,75,74,64,72,71,70,69,74,72,72,71,70,69,68,22],"gold":653,"neow_bonus":"","is_prod":false,"is_daily":true,"chose_seed":false,"campfire_upgraded":4,"win_rate":0.0,"timestamp":1531193710,"path_taken":["M","M","$","M","M","E","R","E","T","?","E","?","R","?","R","BOSS","M","$","?","M","?","E","?","E","T","?","R","E","?","$","R","BOSS","M","M","?","?","?","R","E","?","T","E","?","E","M","E","R","BOSS"],"build_version":"2018-06-28","purchased_purges":1,"victory":true,"max_hp_per_floor":[73,72,71,70,69,68,67,66,71,70,69,68,67,66,65,70,69,68,74,73,72,71,70,69,68,73,78,77,76,75,74,73,78,77,76,75,74,73,72,71,70,69,74,73,72,71,70,69,68,73],"card_choices":[{"not_picked":["Turbo","Darkness"],"picked":"Coolheaded","floor":1},{"not_picked":["Go for the Eyes","Streamline"],"picked":"Conserve Battery","floor":2},{"not_picked":["Streamline","Rip and Tear"],"picked":"Reinforced Body","floor":4},{"not_picked":["Amplify","Lockon"],"picked":"Auto Shields","floor":5},{"not_picked":["Gash","White Noise"],"picked":"Rebound","floor":6},{"not_picked":["Defragment","Capacitor"],"picked":"Glacier","floor":8},{"not_picked":["Recycle","Rebound"],"picked":"Redo","floor":10},{"not_picked":["Turbo","Coolheaded"],"picked":"Stack","floor":11},{"not_picked":["Streamline","Auto Shields"],"picked":"Stack","floor":12},{"not_picked":["Undo","Fusion"],"picked":"Creative AI","floor":14},{"not_picked":["Core Surge","Creative AI"],"picked":"Machine Learning","floor":16},{"not_picked":["Static Discharge","Cold Snap","Hello World"],"picked":"SKIP","floor":18},{"not_picked":["Ball Lightning","Chill"],"picked":"Skim+1","floor":20},{"not_picked":["Cold Snap","Streamline","Rebound"],"picked":"SKIP","floor":21},{"not_picked":["Barrage","Coolheaded"],"picked":"Core Surge","floor":23},{"not_picked":["Stack+1","Leap+1"],"picked":"Sweeping Beam+1","floor":25},{"not_picked":["Storm+1","Ball Lightning+1"],"picked":"Hologram+1","floor":28},{"not_picked":["Coolheaded+1","Steam"],"picked":"Reinforced Body","floor":29},{"not_picked":["Electrodynamics","Fission"],"picked":"Amplify","floor":33},{"not_picked":["Leap","Lockon"],"picked":"Aggregate","floor":35},{"not_picked":["Cold Snap+1","Streamline"],"picked":"Redo+1","floor":36},{"not_picked":["Ball Lightning+1","Steam+1"],"picked":"Darkness","floor":37},{"not_picked":["Good Instincts","Jack Of All Trades"],"picked":"Finesse","floor":38},{"not_picked":["Magnetism","Dark Shackles"],"picked":"Flash of Steel","floor":38},{"not_picked":["Bandage Up","Secret Weapon"],"picked":"Secret Technique","floor":38},{"not_picked":["Rip and Tear","Streamline"],"picked":"Static Discharge+1","floor":39},{"not_picked":["Rebound+1","Leap"],"picked":"Stack+1","floor":41},{"not_picked":["Reprogram","Coolheaded"],"picked":"Loop+1","floor":42},{"not_picked":["Compile Driver+1","Skim+1"],"picked":"Double Energy","floor":44},{"not_picked":["Steam Power+1","Sunder","Static Discharge"],"picked":"SKIP","floor":45},{"not_picked":["Turbo","Consume+1","Gash+1"],"picked":"SKIP","floor":46},{"not_picked":["Streamline","Sweeping Beam","Rebound"],"picked":"SKIP","floor":47},{"not_picked":["Compile Driver+1","Self Repair+1"],"picked":"Defragment","floor":48}],"player_experience":1442717,"relics_obtained":[{"floor":6,"key":"Emotion Chip"},{"floor":8,"key":"Dream Catcher"},{"floor":9,"key":"Vajra"},{"floor":10,"key":"Odd Mushroom"},{"floor":11,"key":"Oddly Smooth Stone"},{"floor":20,"key":"Red Mask"},{"floor":23,"key":"Ice Cream"},{"floor":25,"key":"Toolbox"},{"floor":26,"key":"Dead Branch"},{"floor":29,"key":"Mummified Hand"},{"floor":30,"key":"Enchiridion"},{"floor":37,"key":"Unceasing Top"},{"floor":39,"key":"Turnip"},{"floor":41,"key":"Peace Pipe"},{"floor":43,"key":"The Courier"},{"floor":44,"key":"Old Coin"},{"floor":46,"key":"Pantograph"},{"floor":48,"key":"Ginger"}],"event_choices":[{"event_name":"Mushrooms","player_choice":"Fought Mushrooms","floor":10,"damage_taken":0},{"event_name":"Masked Bandits","player_choice":"Fought over 1 gold","floor":20,"damage_taken":0},{"event_name":"Drug Dealer","player_choice":"Ignored","floor":22,"damage_taken":0},{"event_name":"Match and Keep!","player_choice":"2 cards matched","floor":24,"damage_taken":0},{"event_name":"Transmorgrifier","player_choice":"Transform","floor":27,"damage_taken":0},{"event_name":"Cursed Tome","player_choice":"Obtained Book","floor":30,"damage_taken":0},{"event_name":"Mysterious Sphere","player_choice":"Fight","floor":37,"damage_taken":0},{"event_name":"SensoryStone","player_choice":"Memory 3","floor":38,"damage_taken":0},{"event_name":"MindBloom","player_choice":"Fight","floor":39,"damage_taken":0}],"boss_relics":[{"not_picked":["Astrolabe","Orrery"],"picked":"Sozu"},{"not_picked":["White Beast Statue","Black Star"],"picked":"Nuclear Battery"}],"items_purged_floors":[19],"is_endless":false,"potions_floor_spawned":[2,10,11,12,14,18,21,36,41,44,46,48],"ascension_level":0}