{"gold_per_floor":[110,60,75,75,75,110,110,110,110,137,137,137,149,6,6,105,105,125,125,125,40,40,40,55,55],"floor_reached":25,"playtime":1821,"items_purged":[],"score":230,"play_id":"bcf57cd8-4117-4436-b119-042b618899b7","local_time":"20190719072012","is_ascension_mode":false,"campfire_choices":[{"floor":7,"key":"REST"},{"floor":11,"key":"REST"},{"floor":15,"key":"REST"},{"floor":23,"key":"REST"}],"neow_cost":"NONE","seed_source_timestamp":1233120578600,"circlet_count":0,"master_deck":["Defend_B","Defend_B","Defend_B","Zap","Dualcast","Streamline","Sweeping Beam","Creative AI+1","Capacitor+1","Coolheaded","Amplify","Doom and Gloom","Bite","Bite","Bite","Bite","Bite","Ball Lightning+1"],"relics":["FrozenCore","Juzu Bracelet","Frozen Egg 2","Mercury Hourglass","Happy Flower","Centennial Puzzle","Enchiridion","Lantern"],"potions_floor_usage":[16],"damage_taken":[{"damage":0,"enemies":"2 Louse","floor":1,"turns":2},{"damage":6,"enemies":"Jaw Worm","floor":3,"turns":3},{"damage":34,"enemies":"3 Sentries","floor":6,"turns":7},{"damage":35,"enemies":"Lagavulin","floor":10,"turns":6},{"damage":7,"enemies":"Small Slimes","floor":13,"turns":2},{"damage":12,"enemies":"Slime Boss","floor":16,"turns":9},{"damage":22,"enemies":"Shell Parasite","floor":18,"turns":9},{"damage":1,"enemies":"Chosen","floor":24,"turns":6},{"damage":66,"enemies":"Gremlin Leader","floor":25,"turns":6}],"seed_played":"3172075296117692930","potions_obtained":[{"floor":3,"key":"SteroidPotion"},{"floor":10,"key":"Dexterity Potion"},{"floor":16,"key":"Regen Potion"}],"is_trial":false,"path_per_floor":["M","?","M","?","$","E","R","$","T","E","R","?","M","$","R","B",null,"M","?","?","?","$","R","M","E"],"character_chosen":"DEFECT","items_purchased":["Centennial Puzzle"],"campfire_rested":4,"item_purchase_floors":[14],"current_hp_per_floor":[75,75,69,69,69,35,57,57,57,22,44,44,37,37,59,47,75,53,37,37,37,37,52,52,0],"gold":55,"neow_bonus":"RANDOM_COMMON_RELIC","is_prod":false,"is_daily":false,"chose_seed":false,"campfire_upgraded":0,"win_rate":0.0,"timestamp":1563538812,"path_taken":["M","?","M","?","?","E","R","$","T","E","R","?","M","$","R","BOSS","M","?","?","?","$","R","M","E"],"build_version":"2019-07-17","purchased_purges":0,"victory":false,"max_hp_per_floor":[75,75,75,75,75,75,75,75,75,75,75,75,75,75,75,75,75,75,75,52,52,52,52,52,52],"card_choices":[{"not_picked":["Reprogram","Conserve Battery"],"picked":"Streamline","floor":1},{"not_picked":["Ball Lightning","Gash"],"picked":"Sweeping Beam","floor":3},{"not_picked":["Reprogram","Force Field"],"picked":"Creative AI","floor":6},{"not_picked":["Go for the Eyes","Beam Cell"],"picked":"Capacitor+1","floor":10},{"not_picked":["Consume","Compile Driver"],"picked":"Coolheaded","floor":13},{"not_picked":["Echo Form+1","Fission"],"picked":"Amplify","floor":16},{"not_picked":["Cold Snap","Conserve Battery"],"picked":"Doom and Gloom","floor":18},{"not_picked":["Hologram","Conserve Battery"],"picked":"Ball Lightning+1","floor":24}],"player_experience":159592,"relics_obtained":[{"floor":6,"key":"Frozen Egg 2"},{"floor":9,"key":"Mercury Hourglass"},{"floor":10,"key":"Happy Flower"},{"floor":19,"key":"Enchiridion"}],"event_choices":[{"cards_removed":["Strike_B"],"damage_healed":0,"gold_gain":0,"player_choice":"Card Removal","damage_taken":0,"max_hp_gain":0,"max_hp_loss":0,"event_name":"The Cleric","floor":2,"gold_loss":50},{"damage_healed":0,"gold_gain":0,"player_choice":"Ignored","damage_taken":0,"max_hp_gain":0,"max_hp_loss":0,"event_name":"Liars Game","floor":4,"gold_loss":0},{"cards_removed":["Defend_B"],"damage_healed":0,"gold_gain":0,"player_choice":"Offered Basic","damage_taken":0,"max_hp_gain":0,"max_hp_loss":0,"event_name":"Bonfire Elementals","floor":12,"gold_loss":0},{"damage_healed":0,"gold_gain":0,"player_choice":"Obtained Book","damage_taken":16,"max_hp_gain":0,"max_hp_loss":0,"event_name":"Cursed Tome","floor":19,"gold_loss":0},{"damage_healed":0,"gold_gain":0,"player_choice":"Became a vampire","damage_taken":0,"max_hp_gain":0,"max_hp_loss":23,"event_name":"Vampires","floor":20,"gold_loss":0,"cards_obtained":["Bite","Bite","Bite","Bite","Bite"]},{"damage_healed":0,"gold_gain":0,"player_choice":"Obtained Relic","damage_taken":0,"relics_obtained":["Lantern"],"max_hp_gain":0,"max_hp_loss":0,"event_name":"Addict","floor":21,"gold_loss":85}],"is_beta":false,"boss_relics":[{"not_picked":["Cursed Key","Velvet Choker"],"picked":"FrozenCore"}],"items_purged_floors":[],"is_endless":false,"potions_floor_spawned":[3,10,16],"killed_by":"Gremlin Leader","ascension_level":0}