{"path_per_floor":["M","?","M","T","?","R","E","R","T","M","R","M","E","?","R","B",null,"M","?","?","M","M","R","E","R","T","?","T","?","R","M","R","B",null,"M","?","$","?","M","M","M","$","T","?","R","M","?","M","R","B"],"character_chosen":"IRONCLAD","items_purchased":["Shrug It Off","Molten Egg 2","Whetstone","Frozen Egg 2","Weak Potion"],"gold_per_floor":[114,64,76,126,126,126,160,160,209,219,219,230,260,260,260,355,355,372,322,322,334,345,345,678,678,705,705,757,757,757,777,777,880,880,900,900,534,534,548,564,578,19,19,19,19,29,29,40,40,40],"floor_reached":51,"campfire_rested":2,"playtime":26794,"current_hp_per_floor":[80,80,80,80,77,77,61,61,61,67,67,61,52,45,45,35,80,75,75,75,75,79,79,58,58,58,58,58,42,66,65,65,37,80,71,71,71,71,80,59,80,80,80,80,80,77,67,59,80,26],"items_purged":["Strike_R","Strike_R"],"gold":40,"play_id":"eccca675-f183-425b-9d4a-3f0a6e3eb749","is_prod":false,"is_daily":false,"is_ascension_mode":false,"campfire_upgraded":8,"path_taken":["M","?","M","?","?","R","E","R","T","M","R","M","E","?","R","BOSS","M","?","?","M","M","R","E","R","T","?","?","?","R","M","R","BOSS","M","?","$","?","M","?","M","$","T","?","R","M","?","M","R","BOSS"],"build_version":"2018-02-01-PROD3","purchased_purges":2,"victory":true,"master_deck":["Strike_R","Defend_R+1","Defend_R","Defend_R","Defend_R+1","Bash+1","Juggernaut+1","Body Slam+1","Iron Wave+1","Twin Strike+1","Shrug It Off","Limit Break+1","Feel No Pain+1","Evolve+1","Pommel Strike+1","Impervious","Shockwave+1","Reaper+1","True Grit+1","Shrug It Off","Evolve+1","Cleave+1","Pain","Iron Wave+1","Madness","Madness","Twin Strike+1"],"max_hp_per_floor":[80,80,80,80,80,80,80,80,80,80,80,80,80,80,80,80,80,80,80,80,80,80,80,80,80,80,80,80,80,80,80,80,80,80,80,80,80,80,80,80,80,80,80,80,80,80,80,80,80,80],"relics":["Burning Blood","War Paint","Toolbox","Dream Catcher","Bronze Scales","Mark of Pain","Nloth\u0027s Gift","Old Coin","Art of War","Centennial Puzzle","Bag of Marbles","Nilry\u0027s Codex","Cursed Key","Molten Egg 2","Spirit Poop","Whetstone","Frozen Egg 2","Calipers"],"card_choices":[{"not_picked":["Warcry","Cleave"],"picked":"Body Slam"},{"not_picked":["Havoc","Fire Breathing"],"picked":"Iron Wave"},{"not_picked":["Armaments","Power Through"],"picked":"Twin Strike"},{"not_picked":["Demon Form","Power Through"],"picked":"Shrug It Off"},{"not_picked":["Feed","Double Tap"],"picked":"Limit Break"},{"not_picked":["Clothesline","Headbutt"],"picked":"Feel No Pain"},{"not_picked":["Hemokinesis","Sever Soul"],"picked":"Evolve"},{"not_picked":["Perfected Strike","Wild Strike"],"picked":"Pommel Strike"},{"not_picked":["Thunderclap","Sword Boomerang"],"picked":"Impervious"},{"not_picked":["Wild Strike","True Grit"],"picked":"Shockwave"},{"not_picked":["Impervious","Berserk"],"picked":"Reaper"},{"not_picked":["Dual Wield","Combust"],"picked":"True Grit"},{"not_picked":["Sever Soul","Intimidate"],"picked":"Evolve"},{"not_picked":["Clash","Havoc"],"picked":"Cleave"},{"not_picked":["Perfected Strike","Bludgeon"],"picked":"Twin Strike"}],"player_experience":587576,"potions_floor_usage":[7,21,22,24,24,46,50,50,50],"damage_taken":[{"damage":3,"enemies":"2 Louse","floor":1,"turns":4},{"damage":1,"enemies":"Cultist","floor":3,"turns":4},{"damage":22,"enemies":"Lagavulin","floor":7,"turns":6},{"damage":0,"enemies":"Jaw Worm","floor":10,"turns":3},{"damage":12,"enemies":"Exordium Thugs","floor":12,"turns":4},{"damage":15,"enemies":"3 Sentries","floor":13,"turns":7},{"damage":16,"enemies":"The Guardian","floor":16,"turns":9},{"damage":11,"enemies":"Spheric Guardian","floor":18,"turns":4},{"damage":6,"enemies":"3 Byrds","floor":21,"turns":3},{"damage":2,"enemies":"Cultist and Chosen","floor":22,"turns":6},{"damage":27,"enemies":"Slavers","floor":24,"turns":5},{"damage":7,"enemies":"Snecko","floor":31,"turns":4},{"damage":34,"enemies":"Champ","floor":33,"turns":13},{"damage":15,"enemies":"3 Darklings","floor":35,"turns":5},{"damage":3,"enemies":"3 Shapes","floor":39,"turns":5},{"damage":27,"enemies":"Sphere and 2 Shapes","floor":40,"turns":6},{"damage":2,"enemies":"3 Darklings","floor":41,"turns":4},{"damage":9,"enemies":"4 Shapes","floor":46,"turns":5},{"damage":28,"enemies":"Sphere and 2 Shapes","floor":48,"turns":6},{"damage":70,"enemies":"Donu and Deca","floor":50,"turns":8}],"event_choices":[{"event_name":"The Cleric","player_choice":"Card Removal","floor":2,"damage_taken":0},{"event_name":"Scrap Ooze","player_choice":"success","floor":5,"damage_taken":3},{"event_name":"Golden Wing","player_choice":"Card Removal","floor":14,"damage_taken":0},{"event_name":"The Joust","player_choice":"Bet on Murderer","floor":19,"damage_taken":0},{"event_name":"N\u0027loth","player_choice":"Traded a Happy Flower","floor":20,"damage_taken":0},{"event_name":"The Mausoleum","player_choice":"Yes","floor":27,"damage_taken":0},{"event_name":"Cursed Tome","player_choice":"Obtained Book","floor":29,"damage_taken":0},{"event_name":"Tomb of Lord Red Mask","player_choice":"Ignored","floor":36,"damage_taken":0},{"event_name":"Bonfire Elementals","player_choice":"CURSE","floor":38,"damage_taken":0},{"event_name":"Duplicator","player_choice":"One dupe","floor":44,"damage_taken":0},{"event_name":"Winding Halls","player_choice":"Embrace Madness","floor":47,"damage_taken":0}],"boss_relics":[{"not_picked":["Astrolabe","Ectoplasm"],"picked":"Mark of Pain"},{"not_picked":["White Beast Statue","Black Blood"],"picked":"Cursed Key"}],"potions_floor_spawned":[3,7,13,18,21,39,41,46],"seed_played":"1767715216316283561","ascension_level":0,"is_trial":false}