{"gold_per_floor":[113,123,123,20,40,55,55,74,74,91,91,102,102,113,113,113],"floor_reached":16,"playtime":3416,"items_purged":[],"score":96,"play_id":"c7a67f51-aa88-43ac-94e1-7f785cd14b97","local_time":"20190720115828","is_ascension_mode":false,"campfire_choices":[{"data":"Distraction","floor":7,"key":"SMITH"},{"data":"Bullet Time","floor":11,"key":"SMITH"},{"floor":13,"key":"REST"},{"floor":15,"key":"REST"}],"neow_cost":"NONE","seed_source_timestamp":9778536274300,"circlet_count":0,"master_deck":["Strike_G","Strike_G","Strike_G","Strike_G","Strike_G","Defend_G","Defend_G","Defend_G","Defend_G","Defend_G","Survivor","Neutralize+1","Deflect+1","Prepared","Accuracy","Dodge and Roll","Dodge and Roll","Distraction+1","Bullet Time+1","Deadly Poison","Terror","Deflect"],"relics":["Ring of the Snake","Mummified Hand"],"potions_floor_usage":[],"damage_taken":[{"damage":0,"enemies":"Small Slimes","floor":1,"turns":3},{"damage":0,"enemies":"Cultist","floor":2,"turns":4},{"damage":3,"enemies":"Jaw Worm","floor":5,"turns":7},{"damage":9,"enemies":"3 Louse","floor":6,"turns":7},{"damage":0,"enemies":"Looter","floor":8,"turns":5},{"damage":8,"enemies":"2 Fungi Beasts","floor":10,"turns":6},{"damage":10,"enemies":"Large Slime","floor":12,"turns":10},{"damage":37,"enemies":"Gremlin Gang","floor":14,"turns":6},{"damage":51,"enemies":"Hexaghost","floor":16,"turns":14}],"seed_played":"-4330151498783061851","potions_obtained":[{"floor":1,"key":"Explosive Potion"},{"floor":10,"key":"SpeedPotion"},{"floor":14,"key":"Fire Potion"}],"is_trial":false,"path_per_floor":["M","M","?","$","M","M","R","M","T","M","R","M","R","M","R","B"],"character_chosen":"THE_SILENT","items_purchased":["Accuracy","Dodge and Roll"],"campfire_rested":2,"item_purchase_floors":[4,4],"current_hp_per_floor":[70,70,70,70,67,58,58,58,58,50,50,40,61,24,45,0],"gold":113,"neow_bonus":"UPGRADE_CARD","is_prod":false,"is_daily":false,"chose_seed":false,"campfire_upgraded":2,"win_rate":0.0,"timestamp":1563616708,"path_taken":["M","M","?","$","M","M","R","M","T","M","R","?","R","M","R","BOSS"],"build_version":"2019-07-17","purchased_purges":0,"victory":false,"max_hp_per_floor":[70,70,70,70,70,70,70,70,70,70,70,70,70,70,70,70],"card_choices":[{"not_picked":["Prepared","Cloak And Dagger"],"picked":"Deflect","floor":1},{"not_picked":["Expertise","Slice"],"picked":"Prepared","floor":2},{"not_picked":["Dash","Backflip"],"picked":"Dodge and Roll","floor":5},{"not_picked":["Dodge and Roll","Sucker Punch"],"picked":"Distraction","floor":6},{"not_picked":["Underhanded Strike","Deadly Poison"],"picked":"Bullet Time","floor":8},{"not_picked":["Dagger Spray","Dodge and Roll"],"picked":"Deadly Poison","floor":10},{"not_picked":["Skewer","Cloak And Dagger"],"picked":"Terror","floor":12},{"not_picked":["Dash","PiercingWail"],"picked":"Deflect","floor":14}],"player_experience":144333,"relics_obtained":[{"floor":9,"key":"Mummified Hand"}],"event_choices":[{"damage_healed":0,"gold_gain":0,"player_choice":"Upgraded","damage_taken":0,"max_hp_gain":0,"max_hp_loss":0,"event_name":"Upgrade Shrine","floor":3,"gold_loss":0,"cards_upgraded":["Deflect"]}],"is_beta":false,"boss_relics":[],"items_purged_floors":[],"is_endless":false,"potions_floor_spawned":[1,10,14],"killed_by":"Hexaghost","ascension_level":0}