{"gold_per_floor":[111,32,45,45,56,88,88,105,181,199,199,10,10,21,21,100,100,120,134,134,147,164,164,195,195,195,195,205,45,64,95,95,172,172,189,203,203,183,194,229,229],"floor_reached":41,"playtime":3435,"items_purged":["Strike_G"],"score":882,"play_id":"5e16b408-ce6d-4c90-8d2f-266aba9123ea","local_time":"20181109144514","is_ascension_mode":true,"campfire_choices":[{"data":"Mayhem","floor":13,"key":"SMITH"},{"data":"Bouncing Flask","floor":15,"key":"SMITH"},{"floor":23,"key":"REST"},{"floor":25,"key":"REST"},{"floor":27,"key":"REST"},{"data":"Bullet Time","floor":32,"key":"SMITH"}],"neow_cost":"NONE","seed_source_timestamp":417436429369318,"circlet_count":0,"master_deck":["AscendersBane","Defend_G","Defend_G","Defend_G","Defend_G","Defend_G","Strike_G","Strike_G","Strike_G","Survivor","Neutralize+1","Quick Slash","Bouncing Flask+1","Backstab","Dagger Throw","Deflect","PiercingWail","Dagger Spray","Mayhem+1","Deflect","Adrenaline","Prepared","Quick Slash","Neutralize","Bullet Time+1","Backstab","Quick Slash","Deflect+1","A Thousand Cuts","Flying Knee+1"],"relics":["Ring of the Serpent","NeowsBlessing","Mango","Mummified Hand","Busted Crown","Pen Nib","Kunai","Paper Crane","Juzu Bracelet"],"potions_floor_usage":[8,19,21,33,39,40,40],"damage_taken":[{"damage":0,"enemies":"Cultist","floor":1,"turns":1},{"damage":0,"enemies":"Jaw Worm","floor":3,"turns":1},{"damage":0,"enemies":"2 Louse","floor":5,"turns":1},{"damage":29,"enemies":"3 Sentries","floor":6,"turns":10},{"damage":0,"enemies":"Lots of Slimes","floor":8,"turns":3},{"damage":8,"enemies":"3 Louse","floor":10,"turns":3},{"damage":4,"enemies":"Exordium Thugs","floor":14,"turns":4},{"damage":6,"enemies":"Hexaghost","floor":16,"turns":9},{"damage":0,"enemies":"3 Byrds","floor":18,"turns":6},{"damage":5,"enemies":"2 Thieves","floor":19,"turns":4},{"damage":4,"enemies":"Snecko","floor":21,"turns":7},{"damage":12,"enemies":"Snake Plant","floor":22,"turns":4},{"damage":61,"enemies":"Slavers","floor":24,"turns":11},{"damage":16,"enemies":"3 Cultists","floor":28,"turns":5},{"damage":0,"enemies":"Chosen and Byrds","floor":30,"turns":5},{"damage":0,"enemies":"Gremlin Leader","floor":31,"turns":7},{"damage":14,"enemies":"Automaton","floor":33,"turns":15},{"damage":4,"enemies":"3 Shapes","floor":35,"turns":7},{"damage":5,"enemies":"Orb Walker","floor":36,"turns":4},{"damage":8,"enemies":"Transient","floor":39,"turns":5},{"damage":12,"enemies":"Giant Head","floor":40,"turns":10},{"damage":43,"enemies":"Sphere and 2 Shapes","floor":41,"turns":6}],"seed_played":"-594781664857771426","potions_obtained":[{"floor":1,"key":"FairyPotion"},{"floor":6,"key":"SteroidPotion"},{"floor":10,"key":"Block Potion"},{"floor":19,"key":"Swift Potion"},{"floor":28,"key":"Dexterity Potion"},{"floor":30,"key":"FearPotion"},{"floor":36,"key":"LiquidBronze"},{"floor":38,"key":"Explosive Potion"},{"floor":39,"key":"Swift Potion"},{"floor":40,"key":"Dexterity Potion"}],"is_trial":false,"path_per_floor":["M","$","M","$","M","E","?","M","T","M","?","$","R","M","R","B",null,"M","M","?","M","M","R","E","R","T","R","M","$","M","E","R","B",null,"M","M","?","?","M","E","M"],"character_chosen":"THE_SILENT","items_purchased":["Bouncing Flask","Mayhem","Backstab"],"campfire_rested":3,"item_purchase_floors":[2,12,29],"current_hp_per_floor":[59,59,59,59,59,44,44,44,44,36,36,36,36,32,32,26,67,67,62,62,58,46,70,9,33,33,57,41,41,41,41,41,27,67,63,58,58,58,50,38,0],"gold":229,"neow_bonus":"THREE_ENEMY_KILL","is_prod":false,"is_daily":false,"chose_seed":false,"campfire_upgraded":3,"win_rate":0,"timestamp":1541792714,"path_taken":["M","?","M","$","?","E","?","M","T","M","?","$","R","M","R","BOSS","M","?","?","M","M","R","E","R","T","R","M","$","M","E","R","BOSS","M","M","?","?","?","E","M"],"build_version":"2018-11-08","purchased_purges":1,"victory":false,"max_hp_per_floor":[66,66,66,66,66,80,80,80,80,80,80,80,80,80,80,80,80,80,80,80,80,80,80,80,80,80,80,80,80,80,80,80,80,80,80,80,76,76,76,76,76],"card_choices":[{"not_picked":["Finisher","Deflect"],"picked":"Quick Slash","floor":1},{"not_picked":["Choke","Calculated Gamble"],"picked":"Backstab","floor":3},{"not_picked":["PiercingWail","Blade Dance"],"picked":"Dagger Throw","floor":5},{"not_picked":["Blade Dance","Underhanded Strike"],"picked":"Deflect","floor":6},{"not_picked":["Blade Dance","Outmaneuver"],"picked":"PiercingWail","floor":8},{"not_picked":["Caltrops","Endless Agony"],"picked":"Dagger Spray","floor":10},{"not_picked":["Acrobatics","Dagger Throw"],"picked":"Deflect","floor":14},{"not_picked":["Grand Finale","Corpse Explosion"],"picked":"Adrenaline","floor":16},{"not_picked":[],"picked":"Prepared","floor":18},{"not_picked":[],"picked":"Quick Slash","floor":19},{"not_picked":["Eviscerate"],"picked":"SKIP","floor":21},{"not_picked":["Skewer"],"picked":"SKIP","floor":22},{"not_picked":["Expertise"],"picked":"SKIP","floor":24},{"not_picked":["Bane"],"picked":"SKIP","floor":28},{"not_picked":[],"picked":"Quick Slash","floor":30},{"not_picked":[],"picked":"Deflect+1","floor":31},{"not_picked":[],"picked":"A Thousand Cuts","floor":33},{"not_picked":[],"picked":"Flying Knee+1","floor":35},{"not_picked":["Poisoned Stab"],"picked":"SKIP","floor":36},{"not_picked":["Infinite Blades+1"],"picked":"SKIP","floor":39},{"not_picked":["Poisoned Stab"],"picked":"SKIP","floor":40}],"player_experience":2149400,"relics_obtained":[{"floor":6,"key":"Mango"},{"floor":9,"key":"Mummified Hand"},{"floor":24,"key":"Pen Nib"},{"floor":26,"key":"Kunai"},{"floor":31,"key":"Paper Crane"},{"floor":40,"key":"Juzu Bracelet"}],"event_choices":[{"cards_removed":["Strike_G"],"damage_healed":0,"gold_gain":0,"player_choice":"Forget","damage_taken":0,"max_hp_gain":0,"max_hp_loss":0,"event_name":"Living Wall","floor":7,"gold_loss":0},{"damage_healed":0,"gold_gain":0,"player_choice":"Upgraded","damage_taken":0,"max_hp_gain":0,"max_hp_loss":0,"event_name":"Upgrade Shrine","floor":11,"gold_loss":0,"cards_upgraded":["Neutralize"]},{"damage_healed":0,"gold_gain":0,"player_choice":"2 cards matched","damage_taken":0,"max_hp_gain":0,"max_hp_loss":0,"event_name":"Match and Keep!","floor":20,"gold_loss":0,"cards_obtained":["Neutralize","Bullet Time"]},{"damage_healed":0,"gold_gain":0,"player_choice":"Max HP","damage_taken":0,"max_hp_gain":0,"max_hp_loss":4,"event_name":"Winding Halls","floor":37,"gold_loss":0},{"damage_healed":0,"gold_gain":0,"player_choice":"Bought 1 Potion","damage_taken":0,"max_hp_gain":0,"max_hp_loss":0,"event_name":"The Woman in Blue","floor":38,"gold_loss":0}],"is_beta":false,"boss_relics":[{"not_picked":["Eternal Feather","Pandora\u0027s Box"],"picked":"Busted Crown"},{"not_picked":["Runic Pyramid","Calling Bell"],"picked":"Ring of the Serpent"}],"items_purged_floors":[29],"is_endless":false,"potions_floor_spawned":[1,6,10,19,28,30,31,36,39,40],"killed_by":"Sphere and 2 Shapes","ascension_level":16}