{"gold_per_floor":[119,119,79,92,102,102,129,129,179,197,532,212,162,189,189,284,284,297,297,313,329,329,329,356,356,356,368,32,48,48,66,66,167,167,184,284,118,118,136,163,163,51,101,131,131,131,131,149,149,149],"floor_reached":51,"playtime":7414,"items_purged":["Writhe","Regret","Doubt"],"score":914,"play_id":"72201211-1615-4e5f-940c-23df12255c2c","local_time":"20190718215802","is_ascension_mode":true,"campfire_choices":[{"floor":6,"key":"RECALL"},{"floor":8,"key":"REST"},{"floor":15,"key":"REST"},{"floor":23,"key":"REST"},{"floor":25,"key":"REST"},{"floor":32,"key":"REST"},{"floor":41,"key":"REST"},{"floor":45,"key":"REST"},{"floor":47,"key":"REST"},{"data":"1","floor":49,"key":"LIFT"}],"neow_cost":"NONE","seed_source_timestamp":4569622201399,"circlet_count":0,"master_deck":["Strike_G+1","Strike_G+1","Strike_G+1","Strike_G+1","Defend_G+1","Defend_G+1","Defend_G+1","Defend_G+1","Survivor","Neutralize","Backflip","Footwork","Deflect","Dodge and Roll","Dodge and Roll+1","After Image","Skewer","Finesse","Acrobatics+1","Adrenaline","Backflip","Blur","Noxious Fumes","Dodge and Roll","Night Terror","Flechettes","Wraith Form v2","Bouncing Flask+1","Backflip+1","Acrobatics","Finesse","Night Terror","Calculated Gamble","Footwork+1"],"relics":["Fusion Hammer","Anchor","Old Coin","The Courier","Cursed Key","War Paint","Snake Skull","The Specimen","Bag of Preparation","Calling Bell","Lantern","Letter Opener","Girya","Turnip","Smiling Mask","Centennial Puzzle","Meat on the Bone"],"potions_floor_usage":[3,16,16,29,35,40,44],"damage_taken":[{"damage":1,"enemies":"Small Slimes","floor":1,"turns":4},{"damage":1,"enemies":"2 Louse","floor":4,"turns":3},{"damage":0,"enemies":"Cultist","floor":5,"turns":4},{"damage":11,"enemies":"Lagavulin","floor":7,"turns":14},{"damage":0,"enemies":"Red Slaver","floor":10,"turns":6},{"damage":23,"enemies":"3 Sentries","floor":11,"turns":16},{"damage":0,"enemies":"Lagavulin","floor":14,"turns":10},{"damage":17,"enemies":"Slime Boss","floor":16,"turns":18},{"damage":0,"enemies":"Shell Parasite","floor":18,"turns":10},{"damage":0,"enemies":"3 Byrds","floor":20,"turns":7},{"damage":2,"enemies":"Centurion and Healer","floor":21,"turns":6},{"damage":95,"enemies":"Gremlin Leader","floor":24,"turns":15},{"damage":1,"enemies":"Snake Plant","floor":27,"turns":6},{"damage":1,"enemies":"Sentry and Sphere","floor":29,"turns":6},{"damage":0,"enemies":"Centurion and Healer","floor":31,"turns":9},{"damage":4,"enemies":"Automaton","floor":33,"turns":12},{"damage":6,"enemies":"3 Darklings","floor":35,"turns":7},{"damage":6,"enemies":"Mind Bloom Boss Battle","floor":36,"turns":7},{"damage":46,"enemies":"3 Shapes","floor":39,"turns":5},{"damage":0,"enemies":"Giant Head","floor":40,"turns":10},{"damage":25,"enemies":"Nemesis","floor":44,"turns":9},{"damage":0,"enemies":"Jaw Worm Horde","floor":48,"turns":5},{"damage":8,"enemies":"Awakened One","floor":50,"turns":21}],"seed_played":"-4929048790588406924","potions_obtained":[{"floor":3,"key":"Fruit Juice"},{"floor":3,"key":"Block Potion"},{"floor":3,"key":"Ancient Potion"},{"floor":5,"key":"GamblersBrew"},{"floor":7,"key":"FairyPotion"},{"floor":16,"key":"Regen Potion"},{"floor":24,"key":"Weak Potion"},{"floor":27,"key":"GamblersBrew"},{"floor":35,"key":"SkillPotion"}],"is_trial":false,"path_per_floor":["M","?","?","M","M","R","E","R","T","M","E","$","?","E","R","B",null,"M","?","M","M","?","R","E","R","T","M","$","M","T","M","R","B",null,"M","?","$","?","M","E","R","$","T","E","R","?","R","M","R","B",null],"character_chosen":"THE_SILENT","items_purchased":["After Image","Skewer","Finesse","The Specimen","Dodge and Roll","Acrobatics","Finesse","LiquidBronze"],"campfire_rested":8,"item_purchase_floors":[12,12,12,28,28,37,37,42],"current_hp_per_floor":[69,62,67,66,66,66,55,75,75,75,52,52,52,52,74,57,75,75,75,75,73,73,75,3,25,25,24,24,38,38,38,60,56,75,69,63,63,63,17,17,39,39,39,14,36,36,57,57,57,49],"gold":149,"neow_bonus":"BOSS_RELIC","is_prod":false,"is_daily":false,"chose_seed":false,"campfire_upgraded":0,"win_rate":0,"timestamp":1563479882,"path_taken":["M","?","?","M","?","R","E","R","T","M","E","?","?","E","R","BOSS","M","?","M","M","?","R","E","R","T","M","$","M","?","M","R","BOSS","M","?","$","?","?","E","R","$","T","E","R","?","R","M","R","BOSS"],"build_version":"2019-07-17","purchased_purges":3,"victory":true,"max_hp_per_floor":[70,70,75,75,75,75,75,75,75,75,75,75,75,75,75,75,75,75,75,75,75,75,75,75,75,75,75,75,75,75,75,75,75,75,75,75,75,75,75,75,75,75,75,75,75,72,72,72,72,72],"card_choices":[{"not_picked":["Deadly Poison","Acrobatics"],"picked":"Backflip","floor":1},{"not_picked":["Concentrate","Heel Hook","Poisoned Stab"],"picked":"SKIP","floor":4},{"not_picked":["Concentrate","Heel Hook","Poisoned Stab"],"picked":"SKIP","floor":4},{"not_picked":["Leg Sweep","Deflect"],"picked":"Footwork","floor":5},{"not_picked":["Distraction","Quick Slash"],"picked":"Deflect","floor":7},{"not_picked":["Poisoned Stab","Quick Slash"],"picked":"Dodge and Roll","floor":10},{"not_picked":["Blade Dance","PiercingWail"],"picked":"Dodge and Roll","floor":11},{"not_picked":["Outmaneuver","Escape Plan"],"picked":"Acrobatics","floor":14},{"not_picked":["Envenom","Glass Knife"],"picked":"Adrenaline","floor":16},{"not_picked":["Outmaneuver","All Out Attack","Blade Dance+1"],"picked":"SKIP","floor":18},{"not_picked":["Flying Knee","Quick Slash"],"picked":"Backflip","floor":20},{"not_picked":["Dodge and Roll","PiercingWail"],"picked":"Blur","floor":21},{"not_picked":["Blur+1","Dash"],"picked":"Noxious Fumes","floor":24},{"not_picked":["Dagger Throw","Dagger Spray","Underhanded Strike"],"picked":"SKIP","floor":27},{"not_picked":["PiercingWail","Dash"],"picked":"Night Terror","floor":29},{"not_picked":["Quick Slash","Dagger Spray+1"],"picked":"Flechettes","floor":31},{"not_picked":["Die Die Die","Glass Knife"],"picked":"Wraith Form v2","floor":33},{"not_picked":["Deadly Poison+1","PiercingWail"],"picked":"Bouncing Flask+1","floor":35},{"not_picked":["Finisher","PiercingWail+1"],"picked":"Backflip+1","floor":36},{"not_picked":["Underhanded Strike+1","Storm of Steel","Blade Dance+1"],"picked":"SKIP","floor":39},{"not_picked":["Reflex+1","PiercingWail"],"picked":"Calculated Gamble","floor":40},{"not_picked":["Infinite Blades","Choke","Reflex+1"],"picked":"SKIP","floor":44},{"not_picked":["Concentrate+1","Sucker Punch"],"picked":"Footwork+1","floor":48}],"player_experience":148496,"relics_obtained":[{"floor":7,"key":"Anchor"},{"floor":11,"key":"Old Coin"},{"floor":14,"key":"The Courier"},{"floor":24,"key":"War Paint"},{"floor":26,"key":"Snake Skull"},{"floor":30,"key":"Bag of Preparation"},{"floor":34,"key":"Lantern"},{"floor":34,"key":"Letter Opener"},{"floor":34,"key":"Girya"},{"floor":36,"key":"Turnip"},{"floor":40,"key":"Smiling Mask"},{"floor":43,"key":"Centennial Puzzle"},{"floor":44,"key":"Meat on the Bone"}],"event_choices":[{"cards_removed":["Strike_G"],"damage_healed":0,"gold_gain":0,"player_choice":"Card Removal","damage_taken":7,"max_hp_gain":0,"max_hp_loss":0,"event_name":"Golden Wing","floor":2,"gold_loss":0},{"damage_healed":0,"gold_gain":0,"player_choice":"Bought 3 Potions","damage_taken":0,"max_hp_gain":0,"max_hp_loss":0,"event_name":"The Woman in Blue","floor":3,"gold_loss":0},{"cards_removed":["Defend_G"],"damage_healed":0,"gold_gain":0,"player_choice":"Card Removal","damage_taken":0,"max_hp_gain":0,"max_hp_loss":0,"event_name":"The Cleric","floor":13,"gold_loss":50},{"damage_healed":0,"gold_gain":0,"player_choice":"Simplicity","damage_taken":0,"max_hp_gain":0,"max_hp_loss":0,"event_name":"Back to Basics","floor":19,"gold_loss":0,"cards_upgraded":["Strike_G","Strike_G","Strike_G","Strike_G","Defend_G","Defend_G","Defend_G","Defend_G"]},{"damage_healed":0,"gold_gain":0,"player_choice":"Ignored","damage_taken":0,"max_hp_gain":0,"max_hp_loss":0,"event_name":"Vampires","floor":22,"gold_loss":0},{"damage_healed":0,"gold_gain":0,"player_choice":"Fight","damage_taken":0,"max_hp_gain":0,"max_hp_loss":0,"event_name":"MindBloom","floor":36,"gold_loss":0},{"damage_healed":0,"gold_gain":0,"player_choice":"Copied","damage_taken":0,"max_hp_gain":0,"max_hp_loss":0,"event_name":"Duplicator","floor":38,"gold_loss":0,"cards_obtained":["Night Terror"]},{"cards_removed":["Injury","Writhe","Parasite"],"damage_healed":0,"gold_gain":0,"player_choice":"Removed Curses","damage_taken":0,"max_hp_gain":0,"max_hp_loss":0,"event_name":"Fountain of Cleansing","floor":46,"gold_loss":0}],"is_beta":false,"boss_relics":[{"not_picked":["Tiny House","Runic Pyramid"],"picked":"Cursed Key"},{"not_picked":["Velvet Choker","Pandora\u0027s Box"],"picked":"Calling Bell"}],"items_purged_floors":[28,37,42],"is_endless":false,"potions_floor_spawned":[5,7,10,14,16,24,27,35],"ascension_level":4}