{"gold_per_floor":[109,82,7,27,27,27,27,27,27,50,67,27,27,44,44,44],"floor_reached":16,"playtime":1626,"items_purged":["Defend_G"],"score":115,"play_id":"d7fc3b6a-3e64-47f2-bc5f-d89d0eba9453","local_time":"20190716184814","is_ascension_mode":false,"campfire_choices":[{"data":"Bane","floor":6,"key":"SMITH"},{"floor":15,"key":"REST"}],"neow_cost":"NONE","seed_source_timestamp":244969688314913,"circlet_count":0,"master_deck":["Strike_G","Strike_G","Strike_G","Strike_G","Strike_G","Defend_G","Defend_G","Defend_G","Defend_G","Survivor","Neutralize","Underhanded Strike","Bane+1","Bane","Deflect","Acrobatics","Blur+1","Tactician"],"relics":["Ring of the Snake","Pear","Odd Mushroom"],"potions_floor_usage":[16],"damage_taken":[{"damage":0,"enemies":"2 Louse","floor":1,"turns":3},{"damage":0,"enemies":"Small Slimes","floor":4,"turns":3},{"damage":7,"enemies":"Jaw Worm","floor":5,"turns":5},{"damage":24,"enemies":"The Mushroom Lair","floor":10,"turns":6},{"damage":3,"enemies":"3 Louse","floor":11,"turns":5},{"damage":2,"enemies":"Blue Slaver","floor":14,"turns":4},{"damage":93,"enemies":"Slime Boss","floor":16,"turns":11}],"seed_played":"-1512674554466664999","potions_obtained":[{"floor":1,"key":"SpeedPotion"},{"floor":11,"key":"Strength Potion"},{"floor":14,"key":"SneckoOil"}],"is_trial":false,"path_per_floor":["M","?","$","M","M","R","?","$","T","?","M","$","?","M","R","B"],"character_chosen":"THE_SILENT","items_purchased":["Blur"],"campfire_rested":1,"item_purchase_floors":[12],"current_hp_per_floor":[77,77,77,77,70,70,75,75,85,61,58,58,58,56,83,0],"gold":44,"neow_bonus":"TEN_PERCENT_HP_BONUS","is_prod":false,"is_daily":false,"chose_seed":false,"campfire_upgraded":1,"win_rate":0.0,"timestamp":1563320894,"path_taken":["M","?","$","M","M","R","?","?","T","?","?","$","?","M","R","BOSS"],"build_version":"2019-07-05","purchased_purges":1,"victory":false,"max_hp_per_floor":[77,77,77,77,77,77,82,82,92,92,92,92,92,92,92,92],"card_choices":[{"not_picked":["Caltrops","Poisoned Stab"],"picked":"Underhanded Strike","floor":1},{"not_picked":["Choke","Eviscerate"],"picked":"Bane","floor":4},{"not_picked":["Dagger Throw","Escape Plan"],"picked":"Bane","floor":5},{"not_picked":["Bane","Envenom"],"picked":"Deflect","floor":10},{"not_picked":["Reflex","Catalyst"],"picked":"Acrobatics","floor":11},{"not_picked":["Terror","Predator"],"picked":"Tactician","floor":14}],"player_experience":43139,"relics_obtained":[{"floor":9,"key":"Pear"},{"floor":10,"key":"Odd Mushroom"}],"event_choices":[{"damage_healed":0,"gold_gain":0,"player_choice":"Left Gold","damage_taken":0,"max_hp_gain":0,"max_hp_loss":0,"event_name":"World of Goop","floor":2,"gold_loss":27},{"damage_healed":0,"gold_gain":0,"player_choice":"Donut","damage_taken":0,"max_hp_gain":5,"max_hp_loss":0,"event_name":"Big Fish","floor":7,"gold_loss":0},{"damage_healed":0,"gold_gain":0,"player_choice":"Fought Mushrooms","damage_taken":0,"max_hp_gain":0,"max_hp_loss":0,"event_name":"Mushrooms","floor":10,"gold_loss":0},{"damage_healed":0,"gold_gain":0,"player_choice":"Grow","damage_taken":0,"max_hp_gain":0,"max_hp_loss":0,"event_name":"Living Wall","floor":13,"gold_loss":0,"cards_upgraded":["Blur"]}],"is_beta":false,"boss_relics":[],"items_purged_floors":[3],"is_endless":false,"potions_floor_spawned":[1,11,14],"killed_by":"Slime Boss","ascension_level":0}