{"path_per_floor":["M","?","M","$","M","E","M","M","T","?","?","M","E","?","R","B",null,"M","$","?","M","?","E","R","?","T","M","?"],"character_chosen":"THE_SILENT","items_purchased":["Matryoshka","Vajra","Mummified Hand","Caltrops","Distraction"],"gold_per_floor":[362,537,550,77,94,122,141,157,157,157,157,180,218,248,248,371,409,424,64,64,77,77,111,111,111,111,124,124],"floor_reached":29,"campfire_rested":1,"playtime":3410,"current_hp_per_floor":[63,63,60,60,60,39,37,37,37,30,30,30,29,29,29,18,63,63,63,63,50,34,26,44,44,44,44,44],"items_purged":["Doubt"],"gold":124,"play_id":"4e4c414e-d3fc-4fba-8df8-2aac9f09eb2d","is_prod":false,"is_daily":false,"campfire_rituals":0,"campfire_upgraded":1,"is_hardmode":false,"path_taken":["M","?","M","$","M","E","M","M","T","?","?","?","E","?","R","BOSS","M","$","?","M","?","E","R","?","T","?","?","E"],"build_version":"2018-01-18-PROD4","purchased_purges":1,"victory":false,"master_deck":["Defend_G","Defend_G","Defend_G","Defend_G","Survivor","Neutralize","Dagger Throw","Catalyst","Backflip","Backflip","Dagger Throw","Heel Hook","After Image","Infinite Blades","Outmaneuver","Caltrops","Distraction","Poisoned Stab","Distraction","Bite_G","Bite_G","Bite_G","Bite_G","Bite_G","Terror"],"max_hp_per_floor":[63,63,63,63,63,63,63,63,63,63,58,58,58,58,58,58,63,63,63,63,63,63,63,63,44,44,44,44],"relics":["Ring of the Snake","Matryoshka","Vajra","Anchor","Happy Flower","Kunai","Bloody Idol","Art of War","Meat on the Bone","Tiny House","Mummified Hand","Nilry\u0027s Codex","Bag of Preparation","Prayer Wheel","Bird Faced Urn"],"campfire_meditates":0,"card_choices":[{"not_picked":["Quick Slash","Flying Knee"],"picked":"Dagger Throw"},{"not_picked":["Quick Slash","Deflect"],"picked":"Catalyst"},{"not_picked":["Acrobatics","Blade Dance"],"picked":"Backflip"},{"not_picked":["Cloak And Dagger","Accuracy"],"picked":"Backflip"},{"not_picked":["Dodge and Roll","Backstab"],"picked":"Dagger Throw"},{"not_picked":["Crippling Poison","Sucker Punch"],"picked":"Heel Hook"},{"not_picked":["Die Die Die","Tactician"],"picked":"After Image"},{"not_picked":["PiercingWail","Dash"],"picked":"Infinite Blades"},{"not_picked":["All Out Attack","Dagger Spray"],"picked":"Outmaneuver"},{"not_picked":["Bouncing Flask","Endless Agony"],"picked":"Poisoned Stab"},{"not_picked":["Backstab","Flechettes"],"picked":"Distraction"},{"not_picked":["Sucker Punch","Dagger Spray"],"picked":"Terror"}],"player_experience":130808,"potions_floor_usage":[6,16,23,23],"damage_taken":[{"damage":0,"enemies":"Blue Slaver","floor":1,"turns":7},{"damage":3,"enemies":"Jaw Worm","floor":3,"turns":8},{"damage":0,"enemies":"Small Slimes","floor":5,"turns":5},{"damage":21,"enemies":"3 Sentries","floor":6,"turns":10},{"damage":2,"enemies":"Looter","floor":7,"turns":3},{"damage":0,"enemies":"Lots of Slimes","floor":8,"turns":4},{"damage":0,"enemies":"2 Fungi Beasts","floor":12,"turns":5},{"damage":1,"enemies":"Lagavulin","floor":13,"turns":10},{"damage":23,"enemies":"Hexaghost","floor":16,"turns":14},{"damage":0,"enemies":"Chosen","floor":18,"turns":6},{"damage":13,"enemies":"3 Byrds","floor":21,"turns":3},{"damage":20,"enemies":"Slavers","floor":23,"turns":6},{"damage":4,"enemies":"Snecko","floor":27,"turns":5},{"damage":49,"enemies":"Gremlin Leader","floor":29,"turns":4}],"event_choices":[{"event_name":"Liars Game","player_choice":"agreed","floor":2,"damage_taken":0},{"event_name":"Golden Wing","player_choice":"Card Removal","floor":10,"damage_taken":0},{"event_name":"Golden Idol","player_choice":"Lose Max HP","floor":11,"damage_taken":0},{"event_name":"Dead Adventurer","player_choice":"Searched \u00273\u0027 times","floor":14,"damage_taken":0},{"event_name":"Drug Dealer","player_choice":"Ignored","floor":20,"damage_taken":0},{"event_name":"Cursed Tome","player_choice":"Obtained Book","floor":22,"damage_taken":0},{"event_name":"Vampires","player_choice":"Became a vampire","floor":25,"damage_taken":0},{"event_name":"Forgotten Altar","player_choice":"Gave Idol","floor":28,"damage_taken":0}],"boss_relics":[{"not_picked":["Philosopher\u0027s Stone","Snecko Eye"],"picked":"Tiny House"}],"potions_floor_spawned":[5,7,21],"seed_played":"-7322372066137774205","killed_by":"Gremlin Leader","is_trial":false}