{"gold_per_floor":[119,132,132,132,132,161,161,219,289,289,289,305,317,332,332,409,409,420,400,414,125,225,225,260,260,310,310,340,340,87,113,113,190,190,207,207,224,234,234,260,260,273,300,41,41,41,41,72,72,72,72],"floor_reached":52,"playtime":3632,"items_purged":["Strike_R","Strike_R","Strike_R"],"score":1984,"play_id":"ade5105a-1e3e-4e29-8694-8bee3c5f5fbe","local_time":"20190511171442","is_ascension_mode":true,"campfire_choices":[{"floor":7,"key":"REST"},{"floor":10,"key":"REST"},{"data":"Armaments","floor":15,"key":"SMITH"},{"floor":23,"key":"REST"},{"floor":25,"key":"DIG"},{"floor":29,"key":"DIG"},{"floor":32,"key":"DIG"},{"floor":41,"key":"DIG"},{"floor":47,"key":"REST"},{"floor":49,"key":"REST"}],"neow_cost":"NONE","seed_source_timestamp":2754463040271990,"circlet_count":0,"master_deck":["AscendersBane","Defend_R","Defend_R+1","Defend_R","Defend_R","Bash+1","Disarm","Battle Trance+1","Sever Soul","Cleave","Flame Barrier+1","Sword Boomerang","Armaments+1","Burning Pact","Immolate","Battle Trance","Exhume","Corruption+1","Flame Barrier","Reaper+1","Juggernaut","Seeing Red","Clothesline+1","Ghostly Armor","Intimidate","Rage+1","Body Slam+1"],"relics":["Burning Blood","Juzu Bracelet","Red Skull","Bag of Preparation","Gremlin Horn","Fusion Hammer","Regal Pillow","Dead Branch","Ornamental Fan","Shovel","WingedGreaves","Oddly Smooth Stone","Dream Catcher","Nunchaku","Bronze Scales","Red Mask","Molten Egg 2","Lizard Tail","PreservedInsect","Blue Candle","War Paint","Anchor","FossilizedHelix"],"potions_floor_usage":[4,6,8,16,20,22,22,28,33,33,33,35,42,50,51],"damage_taken":[{"damage":4,"enemies":"Jaw Worm","floor":1,"turns":6},{"damage":8,"enemies":"Small Slimes","floor":2,"turns":4},{"damage":49,"enemies":"Lagavulin","floor":6,"turns":7},{"damage":24,"enemies":"Gremlin Nob","floor":8,"turns":4},{"damage":0,"enemies":"Cultist","floor":12,"turns":3},{"damage":7,"enemies":"2 Fungi Beasts","floor":13,"turns":3},{"damage":2,"enemies":"Blue Slaver","floor":14,"turns":5},{"damage":38,"enemies":"The Guardian","floor":16,"turns":21},{"damage":14,"enemies":"Shell Parasite","floor":18,"turns":9},{"damage":0,"enemies":"3 Byrds","floor":20,"turns":1},{"damage":35,"enemies":"Colosseum Slavers","floor":22,"turns":5},{"damage":19,"enemies":"Colosseum Nobs","floor":22,"turns":3},{"damage":3,"enemies":"Gremlin Leader","floor":24,"turns":5},{"damage":25,"enemies":"Book of Stabbing","floor":28,"turns":6},{"damage":0,"enemies":"Masked Bandits","floor":31,"turns":2},{"damage":32,"enemies":"Collector","floor":33,"turns":7},{"damage":0,"enemies":"3 Shapes","floor":35,"turns":1},{"damage":3,"enemies":"Orb Walker","floor":37,"turns":3},{"damage":21,"enemies":"Spire Growth","floor":38,"turns":5},{"damage":12,"enemies":"Reptomancer","floor":40,"turns":3},{"damage":8,"enemies":"Jaw Worm Horde","floor":42,"turns":3},{"damage":26,"enemies":"Giant Head","floor":48,"turns":6},{"damage":11,"enemies":"Donu and Deca","floor":50,"turns":8},{"damage":0,"enemies":"Awakened One","floor":51,"turns":3}],"seed_played":"7555968803038162780","potions_obtained":[{"floor":1,"key":"EssenceOfSteel"},{"floor":2,"key":"SteroidPotion"},{"floor":4,"key":"Fruit Juice"},{"floor":4,"key":"LiquidBronze"},{"floor":6,"key":"Ancient Potion"},{"floor":13,"key":"Regen Potion"},{"floor":19,"key":"Ancient Potion"},{"floor":22,"key":"SneckoOil"},{"floor":28,"key":"EssenceOfSteel"},{"floor":33,"key":"AttackPotion"},{"floor":40,"key":"Fire Potion"},{"floor":42,"key":"GamblersBrew"}],"is_trial":false,"path_per_floor":["M","M","?","?","?","E","R","?","T","R","?","M","M","M","R","B",null,"M","?","M","$","?","R","E","R","T","?","E","R","$","?","R","B",null,"M","?","M","M","?","E","R","M","T","$","?","$","R","E","R","B","B",null],"character_chosen":"IRONCLAD","items_purchased":["Regal Pillow","SteroidPotion","Flame Barrier","EntropicBrew","SkillPotion","Ghostly Armor"],"campfire_rested":5,"item_purchase_floors":[21,21,30,30,44,44],"current_hp_per_floor":[70,68,68,73,78,35,60,42,42,67,67,73,72,76,76,59,79,71,71,77,77,35,75,78,78,78,78,59,59,59,65,65,39,74,80,80,83,68,68,62,62,60,60,60,60,60,85,74,85,85,85],"gold":72,"neow_bonus":"RANDOM_COMMON_RELIC","is_prod":false,"is_daily":false,"chose_seed":false,"campfire_upgraded":1,"win_rate":0,"timestamp":1557609282,"path_taken":["M","M","?","?","?","E","R","?","T","R","?","M","M","M","R","BOSS","M","?","M","$","?","R","E","R","T","?","E","R","$","?","R","BOSS","M","?","M","M","?","E","R","M","T","$","?","?","R","E","R","BOSS","BOSS"],"build_version":"2019-01-23","purchased_purges":3,"victory":true,"max_hp_per_floor":[75,75,75,80,85,85,85,85,85,85,85,85,85,85,85,85,85,85,85,85,85,85,85,85,85,85,85,85,85,85,85,85,85,85,85,85,85,85,85,85,85,85,85,85,85,85,85,85,85,85,85],"card_choices":[{"not_picked":["Heavy Blade","Pummel"],"picked":"Disarm","floor":1},{"not_picked":["Disarm","Whirlwind"],"picked":"Battle Trance","floor":2},{"not_picked":["Entrench","Battle Trance"],"picked":"Cleave","floor":6},{"not_picked":["Body Slam","Pommel Strike"],"picked":"Flame Barrier","floor":8},{"not_picked":["Flex","Infernal Blade"],"picked":"Sword Boomerang","floor":12},{"not_picked":["Rupture","Havoc"],"picked":"Armaments","floor":13},{"not_picked":["Wild Strike","Whirlwind"],"picked":"Burning Pact","floor":14},{"not_picked":["Dark Embrace","Double Tap"],"picked":"Immolate","floor":16},{"not_picked":["Combust","Cleave","Sword Boomerang"],"picked":"SKIP","floor":18},{"not_picked":["Second Wind","Heavy Blade","Twin Strike"],"picked":"SKIP","floor":20},{"not_picked":["Thunderclap+1","Flex"],"picked":"Battle Trance","floor":22},{"not_picked":["Clothesline","Armaments"],"picked":"Exhume","floor":24},{"not_picked":["Thunderclap","Dropkick"],"picked":"Corruption+1","floor":28},{"not_picked":["Limit Break","Berserk"],"picked":"Reaper+1","floor":33},{"not_picked":["Warcry","Wild Strike+1","Flex"],"picked":"SKIP","floor":35},{"not_picked":["Rupture","Clash+1","Headbutt+1"],"picked":"SKIP","floor":37},{"not_picked":["Iron Wave+1","Havoc"],"picked":"Juggernaut","floor":38},{"not_picked":["Body Slam+1","Clash+1"],"picked":"Seeing Red","floor":40},{"not_picked":["Headbutt+1","Searing Blow+1"],"picked":"Clothesline+1","floor":42},{"not_picked":["Perfected Strike+1","Pommel Strike+1"],"picked":"Intimidate","floor":47},{"not_picked":["Sword Boomerang+1","Heavy Blade+1"],"picked":"Rage+1","floor":48},{"not_picked":["Battle Trance","Headbutt+1"],"picked":"Body Slam+1","floor":49}],"player_experience":3652130,"relics_obtained":[{"floor":6,"key":"Red Skull"},{"floor":8,"key":"Bag of Preparation"},{"floor":9,"key":"Gremlin Horn"},{"floor":22,"key":"Dead Branch"},{"floor":22,"key":"Ornamental Fan"},{"floor":24,"key":"Shovel"},{"floor":25,"key":"WingedGreaves"},{"floor":26,"key":"Oddly Smooth Stone"},{"floor":27,"key":"Dream Catcher"},{"floor":28,"key":"Nunchaku"},{"floor":29,"key":"Bronze Scales"},{"floor":31,"key":"Red Mask"},{"floor":32,"key":"Molten Egg 2"},{"floor":40,"key":"Blue Candle"},{"floor":41,"key":"War Paint"},{"floor":43,"key":"Anchor"},{"floor":48,"key":"FossilizedHelix"}],"event_choices":[{"damage_healed":0,"gold_gain":0,"cards_transformed":["Strike_R"],"player_choice":"Change","damage_taken":0,"max_hp_gain":0,"max_hp_loss":0,"event_name":"Living Wall","floor":3,"gold_loss":0,"cards_obtained":["Sever Soul"]},{"damage_healed":0,"gold_gain":0,"player_choice":"Got Potions","damage_taken":0,"max_hp_gain":0,"max_hp_loss":0,"event_name":"Lab","floor":4,"gold_loss":0},{"damage_healed":0,"gold_gain":0,"player_choice":"Donut","damage_taken":0,"max_hp_gain":5,"max_hp_loss":0,"event_name":"Big Fish","floor":5,"gold_loss":0},{"damage_healed":0,"gold_gain":30,"player_choice":"Searched \u00273\u0027 times","damage_taken":0,"max_hp_gain":0,"max_hp_loss":0,"event_name":"Dead Adventurer","floor":8,"gold_loss":0},{"damage_healed":0,"gold_gain":0,"player_choice":"Forge","damage_taken":0,"max_hp_gain":0,"max_hp_loss":0,"event_name":"Accursed Blacksmith","floor":11,"gold_loss":0,"cards_upgraded":["Bash"]},{"damage_healed":0,"gold_gain":0,"player_choice":"Bought 1 Potion","damage_taken":0,"max_hp_gain":0,"max_hp_loss":0,"event_name":"The Woman in Blue","floor":19,"gold_loss":0},{"damage_healed":0,"gold_gain":0,"player_choice":"Fight","damage_taken":0,"max_hp_gain":0,"max_hp_loss":0,"event_name":"Colosseum","floor":22,"gold_loss":0},{"damage_healed":0,"gold_gain":0,"player_choice":"Fought Nobs","damage_taken":0,"max_hp_gain":0,"max_hp_loss":0,"event_name":"Colosseum","floor":22,"gold_loss":0},{"damage_healed":0,"gold_gain":0,"player_choice":"Relic","damage_taken":0,"max_hp_gain":0,"max_hp_loss":0,"event_name":"Wheel of Change","floor":27,"gold_loss":0},{"damage_healed":0,"gold_gain":0,"player_choice":"Fought Bandits","damage_taken":0,"max_hp_gain":0,"max_hp_loss":0,"event_name":"Masked Bandits","floor":31,"gold_loss":0},{"damage_healed":0,"gold_gain":0,"player_choice":"Upgraded","damage_taken":0,"max_hp_gain":0,"max_hp_loss":0,"event_name":"Upgrade Shrine","floor":36,"gold_loss":0,"cards_upgraded":["Battle Trance"]},{"damage_healed":0,"gold_gain":0,"player_choice":"Gave Potion","damage_taken":0,"relics_obtained":["PreservedInsect"],"max_hp_gain":0,"max_hp_loss":0,"event_name":"WeMeetAgain","floor":39,"gold_loss":0},{"cards_removed":["Strike_R"],"damage_healed":0,"gold_gain":0,"player_choice":"Purged","damage_taken":0,"max_hp_gain":0,"max_hp_loss":0,"event_name":"Purifier","floor":45,"gold_loss":0}],"is_beta":false,"boss_relics":[{"not_picked":["White Beast Statue","Black Star"],"picked":"Fusion Hammer"},{"not_picked":["Tiny House","Velvet Choker"],"picked":"Lizard Tail"}],"items_purged_floors":[21,30,44],"is_endless":false,"potions_floor_spawned":[1,2,6,13,22,28,33,40,42],"ascension_level":20}