{"gold_per_floor":[113,132,142,206,206,233,233,265,292,292,309,326,326,47,47,146,146,126,138,155,171,22,22,51,51,51,63,86,97,110,120,120,120],"floor_reached":33,"playtime":3291,"items_purged":[],"score":309,"play_id":"50706761-4593-485e-bc59-59381892ffe9","local_time":"20190714120908","is_ascension_mode":true,"campfire_choices":[{"floor":7,"key":"RECALL"},{"floor":10,"key":"REST"},{"floor":13,"key":"REST"},{"data":"Neutralize","floor":15,"key":"SMITH"},{"floor":23,"key":"REST"},{"data":"Venomology","floor":25,"key":"SMITH"},{"data":"Prepared","floor":32,"key":"SMITH"}],"neow_cost":"NONE","seed_source_timestamp":1100082691582,"circlet_count":0,"master_deck":["Strike_G","Strike_G","Strike_G","Strike_G","Strike_G","Defend_G+1","Defend_G","Defend_G+1","Defend_G","Defend_G","Survivor","Neutralize+1","Predator","Backflip","Glass Knife","Calculated Gamble","Masterful Stab","Dagger Spray","Flash of Steel","Venomology+1","Underhanded Strike+1","Backstab","Terror+1","Slice","Prepared+1","Acrobatics+1","Pain","Dagger Throw+1","Parasite","Dodge and Roll+1","Cloak And Dagger+1","Dagger Throw+1"],"relics":["Ring of the Snake","Potion Belt","PreservedInsect","Membership Card","Cursed Key","Matryoshka","War Paint","Snake Skull","Gremlin Horn","Blue Candle","Oddly Smooth Stone"],"potions_floor_usage":[11,16,16,16,24,24,24,27,29,30,31,33,33,33],"damage_taken":[{"damage":0,"enemies":"Small Slimes","floor":1,"turns":4},{"damage":0,"enemies":"2 Louse","floor":2,"turns":3},{"damage":0,"enemies":"Cultist","floor":3,"turns":5},{"damage":19,"enemies":"Gremlin Nob","floor":6,"turns":5},{"damage":51,"enemies":"Lagavulin","floor":8,"turns":7},{"damage":0,"enemies":"Red Slaver","floor":11,"turns":5},{"damage":0,"enemies":"3 Louse","floor":12,"turns":2},{"damage":51,"enemies":"Hexaghost","floor":16,"turns":15},{"damage":7,"enemies":"2 Thieves","floor":18,"turns":4},{"damage":0,"enemies":"3 Byrds","floor":19,"turns":3},{"damage":7,"enemies":"3 Cultists","floor":20,"turns":4},{"damage":15,"enemies":"Shelled Parasite and Fungi","floor":21,"turns":3},{"damage":23,"enemies":"Slavers","floor":24,"turns":6},{"damage":7,"enemies":"Chosen and Byrds","floor":27,"turns":4},{"damage":3,"enemies":"Snake Plant","floor":29,"turns":2},{"damage":6,"enemies":"Snecko","floor":30,"turns":4},{"damage":5,"enemies":"Shelled Parasite and Fungi","floor":31,"turns":4},{"damage":45,"enemies":"Collector","floor":33,"turns":9}],"seed_played":"6000431807247169533","potions_obtained":[{"floor":2,"key":"Swift Potion"},{"floor":6,"key":"Dexterity Potion"},{"floor":8,"key":"Explosive Potion"},{"floor":18,"key":"Fire Potion"},{"floor":19,"key":"Poison Potion"},{"floor":20,"key":"Strength Potion"}],"is_trial":false,"path_per_floor":["M","M","M","?","?","E","R","E","T","R","M","M","R","$","R","B",null,"M","M","M","M","$","R","E","R","T","M","T","M","M","M","R","B"],"character_chosen":"THE_SILENT","items_purchased":["Membership Card","Flash of Steel","Explosive Potion","Matryoshka","Prepared"],"campfire_rested":3,"item_purchase_floors":[14,14,14,22,22],"current_hp_per_floor":[77,77,77,77,77,58,58,7,7,30,30,30,53,53,53,2,77,70,70,63,48,48,71,60,60,60,53,53,50,44,39,39,0],"gold":120,"neow_bonus":"TEN_PERCENT_HP_BONUS","is_prod":false,"is_daily":false,"chose_seed":false,"campfire_upgraded":3,"win_rate":0,"timestamp":1563098948,"path_taken":["M","M","M","?","?","E","R","E","T","R","M","M","R","$","R","BOSS","M","M","M","M","$","R","E","R","T","?","?","M","M","M","R","BOSS"],"build_version":"2019-07-05","purchased_purges":0,"victory":false,"max_hp_per_floor":[77,77,77,77,77,77,77,77,77,77,77,77,77,77,77,77,77,77,77,77,77,77,77,77,77,77,77,77,77,77,77,77,77],"card_choices":[{"not_picked":["Slice","PiercingWail"],"picked":"Predator","floor":1},{"not_picked":["Bouncing Flask","Underhanded Strike"],"picked":"Backflip","floor":2},{"not_picked":["Expertise","Acrobatics"],"picked":"Poisoned Stab","floor":3},{"not_picked":["Backflip","PiercingWail"],"picked":"Glass Knife","floor":6},{"not_picked":["Well Laid Plans","Expertise"],"picked":"Calculated Gamble","floor":8},{"not_picked":["Cloak And Dagger","Underhanded Strike"],"picked":"Masterful Stab","floor":11},{"not_picked":["Finisher","Bane"],"picked":"Dagger Spray","floor":12},{"not_picked":["Doppelganger","Envenom"],"picked":"Venomology","floor":16},{"not_picked":["Accuracy","Dodge and Roll"],"picked":"Underhanded Strike+1","floor":18},{"not_picked":["PiercingWail","Cloak And Dagger"],"picked":"Backstab","floor":19},{"not_picked":["Dodge and Roll+1","Quick Slash+1"],"picked":"Terror+1","floor":20},{"not_picked":["Quick Slash","Footwork+1"],"picked":"Slice","floor":21},{"not_picked":["Bullet Time","Skewer"],"picked":"Acrobatics+1","floor":24},{"not_picked":["Dagger Spray","Slice"],"picked":"Dagger Throw+1","floor":27},{"not_picked":["Dagger Spray","Cloak And Dagger"],"picked":"Dodge and Roll+1","floor":29},{"not_picked":["Expertise+1","After Image"],"picked":"Cloak And Dagger+1","floor":30},{"not_picked":["PiercingWail","Poisoned Stab+1"],"picked":"Dagger Throw+1","floor":31}],"player_experience":87542,"relics_obtained":[{"floor":6,"key":"Potion Belt"},{"floor":8,"key":"PreservedInsect"},{"floor":24,"key":"War Paint"},{"floor":26,"key":"Snake Skull"},{"floor":26,"key":"Gremlin Horn"},{"floor":28,"key":"Blue Candle"},{"floor":28,"key":"Oddly Smooth Stone"}],"event_choices":[{"damage_healed":0,"gold_gain":64,"player_choice":"Gained Gold","damage_taken":0,"max_hp_gain":0,"max_hp_loss":0,"event_name":"Golden Wing","floor":4,"gold_loss":0},{"cards_removed":["Poisoned Stab"],"damage_healed":5,"gold_gain":0,"player_choice":"Offered Common","damage_taken":0,"max_hp_gain":0,"max_hp_loss":0,"event_name":"Bonfire Elementals","floor":5,"gold_loss":0},{"cards_removed":["Poisoned Stab"],"damage_healed":5,"gold_gain":0,"player_choice":"Offered Special","damage_taken":0,"max_hp_gain":0,"max_hp_loss":0,"event_name":"Bonfire Elementals","floor":5,"gold_loss":0}],"is_beta":false,"boss_relics":[{"not_picked":["Velvet Choker","Ectoplasm"],"picked":"Cursed Key"}],"items_purged_floors":[],"is_endless":false,"potions_floor_spawned":[2,6,8,18,19,20,21],"killed_by":"Collector","ascension_level":2}