{"gold_per_floor":[109,119,69,80,155,155,190,205,205,205,236,236,2,12,12,91,91,110,110,110,110,187,187,187,215,215,245,2,2,2,35,35,35],"floor_reached":33,"playtime":2516,"items_purged":[],"score":573,"play_id":"51e8f5ba-fd75-4fda-ba0f-24ddfd29690c","local_time":"20190222115425","is_ascension_mode":true,"campfire_choices":[{"floor":6,"key":"REST"},{"data":"1","floor":10,"key":"LIFT"},{"data":"Tempest","floor":12,"key":"SMITH"},{"data":"Zap","floor":15,"key":"SMITH"},{"data":"Loop","floor":23,"key":"SMITH"},{"floor":30,"key":"REST"},{"floor":32,"key":"REST"}],"neow_cost":"NONE","seed_source_timestamp":838915153869128,"circlet_count":0,"master_deck":["AscendersBane","Defend_B","Defend_B","Defend_B","Defend_B","Zap+1","Dualcast","Gash","Streamline","Conserve Battery","Self Repair","Defragment","Tempest+1","Defragment","Rainbow","Leap","Gash","Rebound","All For One","White Noise+1","Creative AI+1","Glacier+1","Loop+1","Stack+1","Defragment","Ghostly","Ghostly","Ghostly","Ghostly","Ghostly","Reinforced Body+1"],"relics":["Cracked Core","PreservedInsect","Girya","Prayer Wheel","Matryoshka","Astrolabe","Dead Branch","Lantern","Toxic Egg 2","Sundial","Omamori","Pear","Art of War","Dodecahedron","Darkstone Periapt"],"potions_floor_usage":[7,8,11,31],"damage_taken":[{"damage":0,"enemies":"Small Slimes","floor":1,"turns":2},{"damage":8,"enemies":"2 Louse","floor":2,"turns":2},{"damage":12,"enemies":"Jaw Worm","floor":4,"turns":3},{"damage":16,"enemies":"Lagavulin","floor":7,"turns":5},{"damage":4,"enemies":"Blue Slaver","floor":8,"turns":4},{"damage":14,"enemies":"Gremlin Nob","floor":11,"turns":4},{"damage":5,"enemies":"2 Fungi Beasts","floor":14,"turns":4},{"damage":36,"enemies":"Hexaghost","floor":16,"turns":10},{"damage":9,"enemies":"Shell Parasite","floor":18,"turns":6},{"damage":0,"enemies":"Gremlin Leader","floor":25,"turns":9},{"damage":12,"enemies":"Book of Stabbing","floor":27,"turns":5},{"damage":38,"enemies":"Gremlin Leader","floor":31,"turns":6},{"damage":24,"enemies":"Collector","floor":33,"turns":8}],"seed_played":"-1907067701372068516","potions_obtained":[{"floor":2,"key":"Ancient Potion"},{"floor":4,"key":"EssenceOfSteel"},{"floor":7,"key":"Regen Potion"},{"floor":11,"key":"EssenceOfSteel"}],"is_trial":false,"path_per_floor":["M","M","?","M","?","R","E","M","T","R","E","R","$","M","R","B",null,"M","?","?","?","T","R","?","E","T","E","$","$","R","E","R","B"],"character_chosen":"DEFECT","items_purchased":["Defragment","Rainbow","Leap","Dodecahedron"],"campfire_rested":3,"item_purchase_floors":[13,13,13,28],"current_hp_per_floor":[68,60,60,48,37,59,43,58,58,58,51,51,51,53,53,24,62,60,60,60,37,37,37,37,37,47,42,42,42,47,9,23,0],"gold":35,"neow_bonus":"RANDOM_COMMON_RELIC","is_prod":false,"is_daily":false,"chose_seed":false,"campfire_upgraded":3,"win_rate":0,"timestamp":1550854465,"path_taken":["M","M","?","M","?","R","E","M","T","R","E","R","$","M","R","BOSS","M","?","?","?","?","R","?","E","T","E","?","$","R","E","R","BOSS"],"build_version":"2019-01-23","purchased_purges":0,"victory":false,"max_hp_per_floor":[75,75,75,75,75,75,75,75,75,75,75,75,75,75,75,75,75,75,75,75,37,37,37,37,37,47,47,47,47,47,47,47,47],"card_choices":[{"not_picked":["Coolheaded","Beam Cell"],"picked":"Gash","floor":1},{"not_picked":["Compile Driver","Lockon"],"picked":"Streamline","floor":2},{"not_picked":["Steam Power","Static Discharge"],"picked":"Conserve Battery","floor":4},{"not_picked":["Cold Snap","Hologram"],"picked":"Self Repair","floor":7},{"not_picked":["Coolheaded","Turbo"],"picked":"Defragment","floor":8},{"not_picked":["Blizzard","Defragment"],"picked":"Tempest","floor":11},{"not_picked":["Multi-Cast","Go for the Eyes"],"picked":"Gash","floor":14},{"not_picked":["Gash","Leap"],"picked":"Rebound","floor":14},{"not_picked":["Reboot","Machine Learning"],"picked":"All For One","floor":16},{"not_picked":["Heatsinks","Rebound"],"picked":"Loop","floor":18},{"not_picked":["Force Field","Doom and Gloom"],"picked":"Stack+1","floor":18},{"not_picked":["Barrage","Auto Shields+1"],"picked":"Reinforced Body+1","floor":25},{"not_picked":["Redo+1","Lockon+1","Static Discharge"],"picked":"SKIP","floor":27},{"not_picked":["Scrape","Compile Driver","Redo+1"],"picked":"SKIP","floor":31}],"player_experience":3047228,"relics_obtained":[{"floor":7,"key":"Girya"},{"floor":9,"key":"Prayer Wheel"},{"floor":11,"key":"Matryoshka"},{"floor":22,"key":"Lantern"},{"floor":22,"key":"Toxic Egg 2"},{"floor":25,"key":"Sundial"},{"floor":26,"key":"Omamori"},{"floor":26,"key":"Pear"},{"floor":27,"key":"Art of War"},{"floor":31,"key":"Darkstone Periapt"}],"event_choices":[{"cards_removed":["Strike_B"],"damage_healed":0,"gold_gain":0,"player_choice":"Card Removal","damage_taken":0,"max_hp_gain":0,"max_hp_loss":0,"event_name":"The Cleric","floor":3,"gold_loss":50},{"damage_healed":0,"gold_gain":75,"player_choice":"Gather Gold","damage_taken":11,"max_hp_gain":0,"max_hp_loss":0,"event_name":"World of Goop","floor":5,"gold_loss":0},{"damage_healed":0,"gold_gain":0,"player_choice":"Read","damage_taken":0,"max_hp_gain":0,"max_hp_loss":0,"event_name":"The Library","floor":19,"gold_loss":0,"cards_obtained":["Defragment"]},{"damage_healed":0,"gold_gain":0,"player_choice":"Opened","damage_taken":0,"relics_obtained":["Dead Branch"],"max_hp_gain":0,"max_hp_loss":0,"event_name":"The Mausoleum","floor":20,"gold_loss":0},{"damage_healed":0,"gold_gain":0,"player_choice":"Became a Ghost","damage_taken":0,"max_hp_gain":0,"max_hp_loss":38,"event_name":"Ghosts","floor":21,"gold_loss":0,"cards_obtained":["Ghostly","Ghostly","Ghostly","Ghostly","Ghostly"]},{"damage_healed":0,"gold_gain":0,"player_choice":"Ignored","damage_taken":0,"max_hp_gain":0,"max_hp_loss":0,"event_name":"Vampires","floor":24,"gold_loss":0}],"is_beta":false,"boss_relics":[{"not_picked":["FrozenCore","Cursed Key"],"picked":"Astrolabe"}],"items_purged_floors":[],"is_endless":false,"potions_floor_spawned":[2,4,7,11],"killed_by":"Collector","ascension_level":13}