{"gold_per_floor":[20,36,36,54,67,67,100,100,100,100,129,139,139,170,170,248,248,268,268,32,50,69,69,82,109,109,109,128,144,2,18,18,94,94,105,40,57,73,73,99,14,14,14,14,14,34,49,149,149,149],"floor_reached":51,"playtime":3290,"items_purged":[],"score":1378,"play_id":"07d7dade-ee70-4180-9572-a5a07fa35661","local_time":"20190721211844","is_ascension_mode":true,"campfire_choices":[{"data":"Immolate","floor":6.0,"key":"SMITH"},{"data":"Iron Wave","floor":8.0,"key":"SMITH"},{"data":"Bash","floor":10.0,"key":"SMITH"},{"floor":13.0,"key":"REST"},{"data":"Feel No Pain","floor":15.0,"key":"SMITH"},{"data":"Corruption","floor":23.0,"key":"SMITH"},{"floor":27.0,"key":"REST"},{"floor":32.0,"key":"REST"},{"floor":42.0,"key":"REST"},{"floor":45.0,"key":"REST"},{"floor":49,"key":"REST"}],"neow_cost":"NO_GOLD","seed_source_timestamp":950386519701728,"circlet_count":0,"master_deck":["AscendersBane","Strike_R","Strike_R","Defend_R","Defend_R","Defend_R","Defend_R","Bash+1","Immolate+1","Iron Wave+1","Twin Strike","Wild Strike+1","Disarm+1","Feel No Pain+1","Demon Form","Limit Break+1","Offering+1","Combust+1","Shrug It Off+1","Corruption+1","Intimidate+1","Infernal Blade+1","True Grit+1","Shrug It Off+1","Warcry+1","Panacea+1","Ghostly Armor+1","Dark Embrace","Sword Boomerang+1","Burning Pact+1","Warcry+1","Seeing Red+1","Flame Barrier+1"],"special_seed":0,"relics":["Burning Blood","CultistMask","Molten Egg 2","Toxic Egg 2","Dodecahedron","Pear","Astrolabe","MutagenicStrength","Bag of Preparation","Matryoshka","Oddly Smooth Stone","Art of War","Busted Crown","Bag of Marbles","Kunai","Ornamental Fan","Self Forming Clay","Incense Burner"],"potions_floor_usage":[50],"damage_taken":[{"damage":4.0,"enemies":"Cultist","floor":1.0,"turns":4.0},{"damage":0.0,"enemies":"2 Louse","floor":2.0,"turns":1.0},{"damage":7.0,"enemies":"Jaw Worm","floor":4.0,"turns":3.0},{"damage":9.0,"enemies":"2 Fungi Beasts","floor":5.0,"turns":2.0},{"damage":15.0,"enemies":"3 Sentries","floor":7.0,"turns":4.0},{"damage":30.0,"enemies":"Lagavulin","floor":11.0,"turns":4.0},{"damage":6.0,"enemies":"Blue Slaver","floor":12.0,"turns":3.0},{"damage":15.0,"enemies":"3 Sentries","floor":14.0,"turns":5.0},{"damage":49.0,"enemies":"Hexaghost","floor":16.0,"turns":11.0},{"damage":8.0,"enemies":"Chosen","floor":18.0,"turns":4.0},{"damage":19.0,"enemies":"Shell Parasite","floor":21.0,"turns":4.0},{"damage":11.0,"enemies":"Chosen and Byrds","floor":22.0,"turns":4.0},{"damage":8.0,"enemies":"3 Cultists","floor":24.0,"turns":3.0},{"damage":31.0,"enemies":"Gremlin Leader","floor":25.0,"turns":5.0},{"damage":22.0,"enemies":"Cultist and Chosen","floor":28.0,"turns":11.0},{"damage":22.0,"enemies":"Chosen and Byrds","floor":29.0,"turns":6.0},{"damage":6.0,"enemies":"Shelled Parasite and Fungi","floor":31.0,"turns":5.0},{"damage":30.0,"enemies":"Champ","floor":33.0,"turns":9.0},{"damage":6.0,"enemies":"3 Darklings","floor":35.0,"turns":4.0},{"damage":21.0,"enemies":"Orb Walker","floor":37.0,"turns":4.0},{"damage":16.0,"enemies":"Sphere and 2 Shapes","floor":38.0,"turns":4.0},{"damage":34.0,"enemies":"Giant Head","floor":40.0,"turns":8.0},{"damage":6,"enemies":"Spire Growth","floor":46,"turns":4},{"damage":8,"enemies":"4 Shapes","floor":47,"turns":3},{"damage":2,"enemies":"Mind Bloom Boss Battle","floor":48,"turns":6},{"damage":13,"enemies":"Time Eater","floor":50,"turns":9}],"seed_played":"-5373537523941600384","potions_obtained":[{"floor":4.0,"key":"Strength Potion"},{"floor":7.0,"key":"Dexterity Potion"},{"floor":21.0,"key":"AttackPotion"},{"floor":25.0,"key":"SneckoOil"},{"floor":29.0,"key":"SteroidPotion"},{"floor":37.0,"key":"GamblersBrew"}],"is_trial":false,"path_per_floor":["M","M","?","M","M","R","E","R","T","R","E","M","R","E","R","B",null,"M","?","$","M","M","R","M","E","T","R","M","M","$","M","R","B",null,"M","?","M","M","?","E","$","R","T","?","R","M","M","?","R","B",null],"character_chosen":"IRONCLAD","items_purchased":["Corruption","Bag of Preparation","Panacea+1","PowerPotion","Burning Pact+1"],"campfire_rested":6,"item_purchase_floors":[20,20,30,30,41],"current_hp_per_floor":[70,75,75,74,71,71,62,62,62,62,38,38,60,61,61,18,68,66,66,66,53,48,48,46,21,21,46,30,14,14,14,39,15,68,68,68,53,43,43,15,15,39,39,39,63,63,61,65,81,74],"gold":149,"neow_bonus":"THREE_RARE_CARDS","is_prod":false,"is_daily":false,"chose_seed":false,"campfire_upgraded":5,"win_rate":0,"timestamp":1563758324,"path_taken":["M","M","?","M","M","R","E","R","T","R","E","?","R","E","R","BOSS","M","?","$","M","M","R","M","E","T","R","M","M","$","M","R","BOSS","M","?","?","M","?","E","$","R","T","?","R","M","M","?","R","BOSS"],"build_version":"2019-07-17","purchased_purges":0,"victory":true,"max_hp_per_floor":[75,75,75,75,75,75,75,75,75,75,75,75,75,85,85,85,85,85,85,85,85,85,85,85,85,85,85,85,85,85,85,85,85,85,85,85,85,85,81,81,81,81,81,81,81,81,81,81,81,81],"card_choices":[{"not_picked":["Exhume","Reaper"],"picked":"Immolate","floor":0.0},{"not_picked":["Pommel Strike","Rampage","Warcry"],"picked":"SKIP","floor":1.0},{"not_picked":["Warcry","Twin Strike"],"picked":"Iron Wave","floor":2.0},{"not_picked":["Cleave","Havoc"],"picked":"Twin Strike","floor":4.0},{"not_picked":["Pummel","Combust","Fire Breathing"],"picked":"SKIP","floor":5.0},{"not_picked":["Fire Breathing","Warcry"],"picked":"Wild Strike","floor":7.0},{"not_picked":["Dark Embrace","Flex+1"],"picked":"Disarm+1","floor":11.0},{"not_picked":["Anger+1","Rupture","Wild Strike+1"],"picked":"SKIP","floor":12.0},{"not_picked":["Body Slam+1","Clothesline+1"],"picked":"Feel No Pain","floor":14.0},{"not_picked":["Brutality","Berserk"],"picked":"Demon Form","floor":16.0},{"not_picked":["Inflame","Ghostly Armor+1"],"picked":"Shrug It Off+1","floor":18.0},{"not_picked":["Anger+1","Corruption"],"picked":"Intimidate+1","floor":21.0},{"not_picked":["Clothesline+1","Searing Blow+1","Perfected Strike+1"],"picked":"SKIP","floor":22.0},{"not_picked":["Blood for Blood+1","Wild Strike+1"],"picked":"Infernal Blade+1","floor":24.0},{"not_picked":["Sever Soul+1","Searing Blow+1"],"picked":"True Grit+1","floor":25.0},{"not_picked":["Heavy Blade+1","Double Tap+1"],"picked":"Shrug It Off+1","floor":28.0},{"not_picked":["Sword Boomerang+1","Thunderclap+1"],"picked":"Warcry+1","floor":29.0},{"not_picked":["Feel No Pain","Cleave+1"],"picked":"Ghostly Armor+1","floor":31.0},{"not_picked":["Immolate+1","Limit Break+1"],"picked":"Dark Embrace","floor":33.0},{"not_picked":[],"picked":"Sword Boomerang+1","floor":35.0},{"not_picked":["Pommel Strike+1"],"picked":"SKIP","floor":37.0},{"not_picked":["Iron Wave+1"],"picked":"SKIP","floor":38.0},{"not_picked":["Wild Strike+1"],"picked":"SKIP","floor":40.0},{"not_picked":[],"picked":"Warcry+1","floor":46},{"not_picked":[],"picked":"Seeing Red+1","floor":47},{"not_picked":[],"picked":"Flame Barrier+1","floor":48}],"player_experience":627428,"relics_obtained":[{"floor":7.0,"key":"Molten Egg 2"},{"floor":9.0,"key":"Toxic Egg 2"},{"floor":11.0,"key":"Dodecahedron"},{"floor":14.0,"key":"Pear"},{"floor":25.0,"key":"Matryoshka"},{"floor":26.0,"key":"Oddly Smooth Stone"},{"floor":26.0,"key":"Art of War"},{"floor":40.0,"key":"Kunai"},{"floor":43.0,"key":"Ornamental Fan"},{"floor":43.0,"key":"Self Forming Clay"},{"floor":48,"key":"Incense Burner"}],"event_choices":[{"damage_healed":0.0,"max_hp_gain":0.0,"max_hp_loss":0.0,"gold_gain":0.0,"event_name":"FaceTrader","player_choice":"Trade","floor":3.0,"gold_loss":0.0,"damage_taken":0.0,"relics_obtained":["CultistMask"]},{"damage_healed":0.0,"max_hp_gain":0.0,"max_hp_loss":0.0,"gold_gain":0.0,"event_name":"Drug Dealer","player_choice":"Inject Mutagens","floor":19.0,"gold_loss":0.0,"damage_taken":0.0,"relics_obtained":["MutagenicStrength"]},{"damage_healed":0.0,"max_hp_gain":0.0,"max_hp_loss":0.0,"gold_gain":0.0,"event_name":"WeMeetAgain","player_choice":"Paid Gold","floor":36.0,"gold_loss":65.0,"damage_taken":0.0,"relics_obtained":["Bag of Marbles"]},{"damage_healed":0.0,"max_hp_gain":0.0,"max_hp_loss":4.0,"gold_gain":0.0,"event_name":"Winding Halls","player_choice":"Max HP","floor":39.0,"gold_loss":0.0,"damage_taken":0.0},{"damage_healed":0.0,"max_hp_gain":0.0,"max_hp_loss":0.0,"gold_gain":0.0,"event_name":"The Moai Head","player_choice":"Ignored","floor":44.0,"gold_loss":0.0,"damage_taken":0.0},{"damage_healed":0,"gold_gain":0,"player_choice":"Fight","damage_taken":0,"max_hp_gain":0,"max_hp_loss":0,"event_name":"MindBloom","floor":48,"gold_loss":0}],"is_beta":false,"boss_relics":[{"not_picked":["Tiny House","Runic Cube"],"picked":"Astrolabe"},{"not_picked":["Cursed Key","Calling Bell"],"picked":"Busted Crown"}],"items_purged_floors":[],"is_endless":false,"potions_floor_spawned":[4,7,14,21,24,25,29,31,37,38,40,46],"ascension_level":19}