{"gold_per_floor":[118,15,15,15,15,44,57,68,92,92,42,42,42,7,7,110,110,75,175,175,26,38,38,48,65,65,65,78,78,90,101,101,200,200,214,314,331,343,363,396,410,168,216,216],"floor_reached":44,"playtime":5081,"items_purged":["Decay"],"score":590,"play_id":"2d99589b-271a-4149-8ed6-29cebf8cd6c8","local_time":"20181119230220","is_ascension_mode":false,"campfire_choices":[{"data":"Footwork","floor":10,"key":"SMITH"},{"data":"Neutralize","floor":13,"key":"SMITH"},{"data":"Blade Dance","floor":15,"key":"SMITH"},{"floor":23,"key":"REST"},{"floor":29,"key":"REST"},{"floor":32,"key":"REST"}],"neow_cost":"NONE","seed_source_timestamp":516174242476924,"circlet_count":0,"master_deck":["Defend_G","Defend_G","Defend_G","Defend_G+1","Survivor","Neutralize+1","Finesse","Noxious Fumes+1","Footwork+1","Flying Knee","Sucker Punch","Blade Dance+1","Cloak And Dagger","Footwork","Venomology","Crippling Poison","Dagger Spray","Footwork","Leg Sweep+1","Malaise","Dodge and Roll","Infinite Blades","Backflip","Caltrops+1","Footwork","Die Die Die","Dodge and Roll+1","Tools of the Trade+1","Well Laid Plans+1","Deflect+1","Dagger Spray+1","Infinite Blades+1","Backflip+1","Burst"],"relics":["Ring of the Snake","War Paint","Kunai","Anchor","Black Star","Tough Bandages","Ornamental Fan","Astrolabe","Calipers","Blue Candle","Bottled Tornado","Toy Ornithopter","Bag of Marbles"],"potions_floor_usage":[6,18,19,19,19,24,24,24,24,24,28,30,31,31,33,36,39,39,40,41,41,41,44],"damage_taken":[{"damage":1,"enemies":"Jaw Worm","floor":1,"turns":5},{"damage":4,"enemies":"Lagavulin","floor":6,"turns":9},{"damage":0,"enemies":"Small Slimes","floor":7,"turns":3},{"damage":0,"enemies":"Cultist","floor":8,"turns":4},{"damage":0,"enemies":"Hexaghost","floor":16,"turns":13},{"damage":4,"enemies":"2 Thieves","floor":18,"turns":5},{"damage":5,"enemies":"Colosseum Slavers","floor":19,"turns":6},{"damage":60,"enemies":"Colosseum Nobs","floor":19,"turns":6},{"damage":0,"enemies":"Chosen","floor":22,"turns":6},{"damage":17,"enemies":"3 Cultists","floor":24,"turns":9},{"damage":2,"enemies":"Centurion and Healer","floor":25,"turns":11},{"damage":0,"enemies":"Snecko","floor":28,"turns":6},{"damage":2,"enemies":"3 Cultists","floor":30,"turns":8},{"damage":0,"enemies":"Centurion and Healer","floor":31,"turns":7},{"damage":0,"enemies":"Champ","floor":33,"turns":18},{"damage":14,"enemies":"Orb Walker","floor":35,"turns":6},{"damage":12,"enemies":"Mind Bloom Boss Battle","floor":36,"turns":9},{"damage":7,"enemies":"3 Darklings","floor":37,"turns":8},{"damage":5,"enemies":"4 Shapes","floor":38,"turns":5},{"damage":3,"enemies":"Spire Growth","floor":39,"turns":8},{"damage":0,"enemies":"Giant Head","floor":40,"turns":16},{"damage":24,"enemies":"Writhing Mass","floor":41,"turns":11},{"damage":29,"enemies":"Jaw Worm Horde","floor":44,"turns":2}],"seed_played":"4275210354218719157","potions_obtained":[{"floor":1,"key":"Explosive Potion"},{"floor":6,"key":"SkillPotion"},{"floor":22,"key":"EntropicBrew"},{"floor":24,"key":"Fire Potion"},{"floor":30,"key":"LiquidBronze"},{"floor":39,"key":"Regen Potion"}],"is_trial":false,"path_per_floor":["M","$","?","$","?","E","M","M","T","R","?","?","R","$","R","B",null,"M","?","?","$","M","R","M","M","T","?","M","R","M","M","R","B",null,"M","?","M","M","M","E","M","$","T","M"],"character_chosen":"THE_SILENT","items_purchased":["Footwork","Flying Knee","Footwork","Footwork","Toy Ornithopter","Dexterity Potion"],"campfire_rested":3,"item_purchase_floors":[2,2,14,21,42,42],"current_hp_per_floor":[69,69,44,44,44,40,40,40,40,40,40,33,33,33,33,33,70,66,1,1,1,1,22,5,3,3,3,3,24,22,22,43,43,70,56,44,37,32,29,44,20,20,20,0],"gold":216,"neow_bonus":"RANDOM_COLORLESS","is_prod":false,"is_daily":false,"chose_seed":false,"campfire_upgraded":3,"win_rate":0,"timestamp":1542686540,"path_taken":["M","$","?","$","?","E","?","M","T","R","?","?","R","?","R","BOSS","M","?","?","$","M","R","M","M","T","?","M","R","M","?","R","BOSS","M","?","M","M","M","E","M","$","T","M"],"build_version":"2018-11-15","purchased_purges":1,"victory":false,"max_hp_per_floor":[70,70,70,70,70,70,70,70,70,70,70,70,70,70,70,70,70,70,70,70,70,70,70,70,70,70,70,70,70,70,70,70,70,70,70,70,70,70,70,70,70,70,70,70],"card_choices":[{"not_picked":["Blade Dance","Sucker Punch"],"picked":"Noxious Fumes","floor":1},{"not_picked":["Acrobatics","Bouncing Flask"],"picked":"Sucker Punch","floor":6},{"not_picked":["Flechettes","Sucker Punch"],"picked":"Blade Dance","floor":7},{"not_picked":["Acrobatics","Blade Dance"],"picked":"Cloak And Dagger","floor":8},{"not_picked":["Tools of the Trade","Wraith Form v2"],"picked":"Venomology","floor":16},{"not_picked":["Prepared","Flying Knee"],"picked":"Crippling Poison","floor":18},{"not_picked":["Poisoned Stab","Finisher+1"],"picked":"Dagger Spray","floor":19},{"not_picked":["Dagger Throw","Backstab"],"picked":"Leg Sweep+1","floor":22},{"not_picked":["Noxious Fumes","PiercingWail"],"picked":"Malaise","floor":24},{"not_picked":["Dagger Throw","Riddle With Holes"],"picked":"Dodge and Roll","floor":25},{"not_picked":["Skewer","Slice"],"picked":"Backflip","floor":28},{"not_picked":["Backflip","Flechettes"],"picked":"Caltrops+1","floor":30},{"not_picked":["Blade Dance","Dagger Spray"],"picked":"Footwork","floor":31},{"not_picked":["Night Terror","A Thousand Cuts"],"picked":"Die Die Die","floor":33},{"not_picked":["Well Laid Plans+1","All Out Attack","Accuracy+1"],"picked":"SKIP","floor":35},{"not_picked":["Choke","Poisoned Stab+1"],"picked":"Deflect+1","floor":36},{"not_picked":["Backflip","Prepared"],"picked":"Dagger Spray+1","floor":37},{"not_picked":["All Out Attack+1","Endless Agony+1"],"picked":"Infinite Blades+1","floor":38},{"not_picked":["Underhanded Strike","Blade Dance","Tactician"],"picked":"SKIP","floor":39},{"not_picked":["Reflex","Outmaneuver"],"picked":"Backflip+1","floor":40},{"not_picked":["Finisher+1","Prepared"],"picked":"Burst","floor":41}],"player_experience":2391434,"relics_obtained":[{"floor":6,"key":"Kunai"},{"floor":9,"key":"Anchor"},{"floor":19,"key":"Tough Bandages"},{"floor":19,"key":"Ornamental Fan"},{"floor":36,"key":"Calipers"},{"floor":40,"key":"Blue Candle"},{"floor":40,"key":"Bottled Tornado"},{"floor":43,"key":"Bag of Marbles"}],"event_choices":[{"damage_healed":0,"gold_gain":0,"player_choice":"Success","damage_taken":25,"relics_obtained":["War Paint"],"max_hp_gain":0,"max_hp_loss":0,"event_name":"Scrap Ooze","floor":3,"gold_loss":0},{"damage_healed":0,"gold_gain":0,"player_choice":"Upgraded","damage_taken":0,"max_hp_gain":0,"max_hp_loss":0,"event_name":"Upgrade Shrine","floor":5,"gold_loss":0,"cards_upgraded":["Noxious Fumes"]},{"cards_removed":["Strike_G"],"damage_healed":0,"gold_gain":0,"player_choice":"Card Removal","damage_taken":0,"max_hp_gain":0,"max_hp_loss":0,"event_name":"The Cleric","floor":11,"gold_loss":50},{"cards_removed":["Strike_G"],"damage_healed":0,"gold_gain":0,"player_choice":"Card Removal","damage_taken":7,"max_hp_gain":0,"max_hp_loss":0,"event_name":"Golden Wing","floor":12,"gold_loss":0},{"damage_healed":0,"gold_gain":0,"player_choice":"Fight","damage_taken":0,"max_hp_gain":0,"max_hp_loss":0,"event_name":"Colosseum","floor":19,"gold_loss":0},{"damage_healed":0,"gold_gain":0,"player_choice":"Fought Nobs","damage_taken":0,"max_hp_gain":0,"max_hp_loss":0,"event_name":"Colosseum","floor":19,"gold_loss":0},{"damage_healed":0,"gold_gain":0,"player_choice":"Smashed Altar","damage_taken":0,"max_hp_gain":0,"max_hp_loss":0,"event_name":"Forgotten Altar","floor":20,"gold_loss":0,"cards_obtained":["Decay"]},{"damage_healed":0,"gold_gain":0,"cards_transformed":["Strike_G"],"player_choice":"Transformed","damage_taken":0,"max_hp_gain":0,"max_hp_loss":0,"event_name":"Transmorgrifier","floor":27,"gold_loss":0,"cards_obtained":["Infinite Blades"]},{"damage_healed":0,"gold_gain":0,"player_choice":"Fight","damage_taken":0,"max_hp_gain":0,"max_hp_loss":0,"event_name":"MindBloom","floor":36,"gold_loss":0}],"is_beta":false,"boss_relics":[{"not_picked":["Tiny House","Eternal Feather"],"picked":"Black Star"},{"not_picked":["Ring of the Serpent","Calling Bell"],"picked":"Astrolabe"}],"items_purged_floors":[21],"is_endless":false,"potions_floor_spawned":[1,6,22,24,25,30,37,39],"killed_by":"Jaw Worm Horde","ascension_level":0}