{"gold_per_floor":[119,119,269,318,329,344,344,359,359,379,52,0,0],"floor_reached":13,"playtime":681,"items_purged":["Doubt"],"score":139,"play_id":"43219814-4688-44ba-9fe0-03d7ec2c5ef6","local_time":"20190510163527","is_ascension_mode":true,"campfire_choices":[{"data":"Neutralize","floor":7.0,"key":"SMITH"}],"neow_cost":"NONE","seed_source_timestamp":0,"circlet_count":0,"master_deck":["AscendersBane","Defend_G","Defend_G","Defend_G","Defend_G","Defend_G","Strike_G","Strike_G","Strike_G","Strike_G","Strike_G","Survivor","Neutralize+1","Blur","Sucker Punch","Acrobatics","Dodge and Roll","Cloak And Dagger","Caltrops","Die Die Die","Calculated Gamble"],"special_seed":0,"relics":["Ring of the Snake","Bag of Preparation","Blood Vial","Bottled Flame"],"potions_floor_usage":[10],"damage_taken":[{"damage":7.0,"enemies":"Small Slimes","floor":1.0,"turns":5.0},{"damage":1.0,"enemies":"Jaw Worm","floor":5.0,"turns":5.0},{"damage":0.0,"enemies":"Cultist","floor":6.0,"turns":5.0},{"damage":24,"enemies":"Gremlin Gang","floor":8,"turns":10},{"damage":29,"enemies":"Exordium Thugs","floor":10,"turns":7},{"damage":0,"enemies":"Looter","floor":12,"turns":5},{"damage":15,"enemies":"Exordium Wildlife","floor":13,"turns":3}],"seed_played":"-6256717711364919208","potions_obtained":[{"floor":1.0,"key":"AttackPotion"},{"floor":8,"key":"Fire Potion"}],"is_trial":false,"path_per_floor":["M","?","?","T","M","M","R","M","T","M","$","M","M"],"character_chosen":"THE_SILENT","items_purchased":["Caltrops","Die Die Die"],"campfire_rested":0,"item_purchase_floors":[11,11],"current_hp_per_floor":[58,53,53,53,54,56,56,34,34,7,7,9,0],"gold":0,"neow_bonus":"TEN_PERCENT_HP_BONUS","is_prod":false,"is_daily":false,"chose_seed":false,"campfire_upgraded":1,"win_rate":0,"timestamp":1557527727,"path_taken":["M","?","?","?","M","M","R","M","T","?","$","M","M"],"build_version":"2019-05-07","purchased_purges":1,"victory":false,"max_hp_per_floor":[72,72,72,72,72,72,72,72,72,72,72,72,72],"card_choices":[{"not_picked":["Escape Plan","Dagger Spray"],"picked":"Blur","floor":1.0},{"not_picked":["Outmaneuver","Blade Dance"],"picked":"Sucker Punch","floor":5.0},{"not_picked":["Dagger Throw","PiercingWail"],"picked":"Acrobatics","floor":6.0},{"not_picked":["Cloak And Dagger","Deflect"],"picked":"Dodge and Roll","floor":8},{"not_picked":["Prepared","Dagger Spray"],"picked":"Cloak And Dagger","floor":10},{"not_picked":["Acrobatics","Choke"],"picked":"Calculated Gamble","floor":12}],"player_experience":990596,"relics_obtained":[{"floor":4.0,"key":"Blood Vial"},{"floor":9,"key":"Bottled Flame"}],"event_choices":[{"damage_healed":0.0,"max_hp_gain":0.0,"max_hp_loss":0.0,"gold_gain":0.0,"event_name":"Scrap Ooze","player_choice":"Success","floor":2.0,"gold_loss":0.0,"damage_taken":5.0,"relics_obtained":["Bag of Preparation"]},{"damage_healed":0.0,"max_hp_gain":0.0,"max_hp_loss":0.0,"gold_gain":150.0,"event_name":"Liars Game","player_choice":"AGREE","floor":3.0,"gold_loss":0.0,"damage_taken":0.0,"cards_obtained":["Doubt"]}],"is_beta":true,"boss_relics":[],"items_purged_floors":[11],"is_endless":false,"potions_floor_spawned":[1,8],"killed_by":"Exordium Wildlife","ascension_level":17}