{"path_per_floor":["M","$","?","$","?","R","E","R","T","M","R","T","T","E","R","B",null,"M","?","M","M"],"character_chosen":"IRONCLAD","items_purchased":["Dual Wield","Infernal Blade"],"gold_per_floor":[110,84,84,49,49,49,380,380,406,427,427,504,504,539,539,658,696,712,712,724,736],"floor_reached":22,"campfire_rested":4,"playtime":2254,"current_hp_per_floor":[80,80,60,60,60,80,28,52,52,47,71,71,71,60,80,40,85,70,70,67,70],"items_purged":[],"gold":736,"play_id":"72e92f52-da99-4e50-bf21-18726a6526d8","is_prod":false,"is_daily":false,"campfire_rituals":0,"campfire_upgraded":0,"is_hardmode":false,"path_taken":["M","$","?","$","?","R","E","R","T","?","R","?","?","E","R","BOSS","M","?","M","M","M"],"build_version":"2018-01-11-PROD2","purchased_purges":0,"victory":false,"master_deck":["Strike_R","Strike_R","Strike_R","Strike_R","Strike_R","Defend_R","Defend_R","Defend_R","Bash","Limit Break","Perfected Strike","Dual Wield","Infernal Blade","Inflame","Double Tap","Shrug It Off","Double Tap","Anger","Intimidate","Twin Strike","Sever Soul"],"max_hp_per_floor":[80,80,80,80,80,80,80,80,80,80,80,80,80,80,80,80,85,85,85,85,85],"relics":["Burning Blood","Bloody Idol","Old Coin","Frozen Egg","Bottled Lightning","Torii","Orichalcum","Tiny House"],"campfire_meditates":0,"card_choices":[{"not_picked":["Sever Soul","Anger"],"picked":"Perfected Strike"},{"not_picked":["Shockwave","Uppercut"],"picked":"Inflame"},{"not_picked":["Feel No Pain","Armaments"],"picked":"Double Tap"},{"not_picked":["True Grit","Armaments"],"picked":"Shrug It Off"},{"not_picked":["Juggernaut","Fiend Fire"],"picked":"Double Tap"},{"not_picked":["Blood for Blood","Inflame"],"picked":"Anger"},{"not_picked":["Twin Strike","Dual Wield"],"picked":"Intimidate"},{"not_picked":["Disarm","Clash"],"picked":"Twin Strike"},{"not_picked":["Thunderclap","Cleave"],"picked":"Sever Soul"}],"player_experience":14710,"potions_floor_usage":[7,21],"damage_taken":[{"damage":0,"enemies":"2 Louse","floor":1,"turns":2},{"damage":58,"enemies":"Lagavulin","floor":7,"turns":7},{"damage":11,"enemies":"Jaw Worm","floor":10,"turns":3},{"damage":17,"enemies":"3 Sentries","floor":14,"turns":5},{"damage":46,"enemies":"Hexaghost","floor":16,"turns":8},{"damage":21,"enemies":"Shell Parasite","floor":18,"turns":6},{"damage":19,"enemies":"2 Thieves","floor":20,"turns":4},{"damage":16,"enemies":"Centurion and Healer","floor":21,"turns":7},{"damage":70,"enemies":"Slaver and Parasite","floor":22,"turns":4}],"event_choices":[{"event_name":"Golden Idol","player_choice":"Take Damage","floor":3,"damage_taken":0},{"event_name":"Purifier","player_choice":"One Purge","floor":5,"damage_taken":0},{"event_name":"Forgotten Altar","player_choice":"Gave Idol","floor":19,"damage_taken":0}],"boss_relics":[{"not_picked":["Black Star","Eternal Feather"],"picked":"Tiny House"}],"potions_floor_spawned":[1,14,16],"seed_played":"-160057778956048656","killed_by":"Slaver and Parasite","is_trial":false}