{"gold_per_floor":[113,113,129,79,91,91,103,103,103,103,121,134,151,169,169,265,265,281,281,4,18,37,72,72,72,72,102,124,136],"floor_reached":29,"playtime":12085,"items_purged":[],"score":259,"play_id":"b816dfb1-6c17-4f62-85a4-2a1664dfc4f7","local_time":"20181118201417","is_ascension_mode":false,"campfire_choices":[{"data":"Footwork","floor":6,"key":"SMITH"},{"data":"Neutralize","floor":8,"key":"SMITH"},{"floor":10,"key":"RECALL"},{"floor":15,"key":"REST"},{"data":"Footwork","floor":24,"key":"SMITH"}],"neow_cost":"NONE","seed_source_timestamp":412681236752572,"circlet_count":0,"master_deck":["Defend_G+1","Defend_G+1","Defend_G+1","Defend_G+1","Defend_G+1","Strike_G+1","Strike_G+1","Strike_G+1","Strike_G+1","Survivor","Neutralize+1","Footwork+1","Sucker Punch","Caltrops","Backflip","Blur","After Image","Poisoned Stab","Flying Knee","Skewer","Night Terror","Dodge and Roll","Footwork+1","Footwork","Malaise","Blur"],"relics":["Ring of the Snake","Bronze Scales","Philosopher\u0027s Stone","Chemical X","Bottled Lightning","Nunchaku","MawBank"],"potions_floor_usage":[12,13,16,27,27,27,28],"damage_taken":[{"damage":0,"enemies":"2 Louse","floor":1,"turns":3},{"damage":7,"enemies":"Small Slimes","floor":3,"turns":4},{"damage":1,"enemies":"Jaw Worm","floor":5,"turns":5},{"damage":8,"enemies":"Exordium Thugs","floor":7,"turns":9},{"damage":0,"enemies":"Exordium Wildlife","floor":11,"turns":5},{"damage":13,"enemies":"Gremlin Gang","floor":12,"turns":6},{"damage":1,"enemies":"Large Slime","floor":13,"turns":6},{"damage":2,"enemies":"2 Fungi Beasts","floor":14,"turns":4},{"damage":17,"enemies":"Slime Boss","floor":16,"turns":13},{"damage":1,"enemies":"Chosen","floor":18,"turns":4},{"damage":0,"enemies":"Shell Parasite","floor":21,"turns":5},{"damage":11,"enemies":"Snake Plant","floor":22,"turns":4},{"damage":8,"enemies":"Book of Stabbing","floor":23,"turns":6},{"damage":32,"enemies":"Slavers","floor":27,"turns":6},{"damage":2,"enemies":"Shelled Parasite and Fungi","floor":28,"turns":6},{"damage":17,"enemies":"3 Cultists","floor":29,"turns":4}],"seed_played":"8997782618518964762","potions_obtained":[{"floor":1,"key":"SteroidPotion"},{"floor":11,"key":"Regen Potion"},{"floor":12,"key":"AttackPotion"},{"floor":16,"key":"Swift Potion"},{"floor":22,"key":"SpeedPotion"},{"floor":27,"key":"GhostInAJar"}],"is_trial":false,"path_per_floor":["M","?","M","?","M","R","M","R","T","R","M","M","M","M","R","B",null,"M","?","$","M","M","E","R","T","T","E","M","M"],"character_chosen":"THE_SILENT","items_purchased":["Footwork","Chemical X","Strength Potion"],"campfire_rested":1,"item_purchase_floors":[20,20,20],"current_hp_per_floor":[70,56,49,49,48,48,40,40,40,40,40,42,41,39,60,43,70,69,69,69,69,58,50,50,50,50,18,16,0],"gold":136,"neow_bonus":"THREE_CARDS","is_prod":false,"is_daily":false,"chose_seed":false,"campfire_upgraded":3,"win_rate":0,"timestamp":1542590057,"path_taken":["M","?","M","?","M","R","M","R","T","R","M","M","M","M","R","BOSS","M","?","$","M","M","E","R","?","T","E","?","M"],"build_version":"2018-11-15","purchased_purges":0,"victory":false,"max_hp_per_floor":[70,70,70,70,70,70,70,70,70,70,70,70,70,70,70,70,70,70,70,70,70,70,70,70,70,70,70,70,70],"card_choices":[{"not_picked":["Setup","Sucker Punch"],"picked":"Footwork","floor":0},{"not_picked":["Caltrops","Prepared"],"picked":"Sucker Punch","floor":1},{"not_picked":["All Out Attack","Endless Agony"],"picked":"Caltrops","floor":3},{"not_picked":["Slice","Sucker Punch"],"picked":"Backflip","floor":5},{"not_picked":["Well Laid Plans","Quick Slash"],"picked":"Blur","floor":7},{"not_picked":["Leg Sweep","Dagger Throw"],"picked":"After Image","floor":11},{"not_picked":["Quick Slash","Dagger Throw"],"picked":"Poisoned Stab","floor":12},{"not_picked":["Acrobatics","Bane"],"picked":"Flying Knee","floor":13},{"not_picked":["Dagger Throw","Expertise"],"picked":"Skewer","floor":14},{"not_picked":["Bullet Time","Phantasmal Killer"],"picked":"Night Terror","floor":16},{"not_picked":["Flying Knee","Expertise"],"picked":"Dodge and Roll","floor":18},{"not_picked":["Quick Slash","Deadly Poison","Bane+1"],"picked":"SKIP","floor":21},{"not_picked":["Outmaneuver","Choke+1","Flechettes"],"picked":"SKIP","floor":22},{"not_picked":["Dagger Throw","Dagger Spray"],"picked":"Footwork","floor":23},{"not_picked":["Infinite Blades","Bouncing Flask+1"],"picked":"Malaise","floor":27},{"not_picked":["Slice","Outmaneuver"],"picked":"Blur","floor":28}],"player_experience":2361466,"relics_obtained":[{"floor":9,"key":"Bronze Scales"},{"floor":23,"key":"Bottled Lightning"},{"floor":26,"key":"Nunchaku"},{"floor":27,"key":"MawBank"}],"event_choices":[{"damage_healed":0,"gold_gain":0,"player_choice":"Entered Light","damage_taken":14,"max_hp_gain":0,"max_hp_loss":0,"event_name":"Shining Light","floor":2,"gold_loss":0,"cards_upgraded":["Strike_G","Defend_G"]},{"cards_removed":["Strike_G"],"damage_healed":0,"gold_gain":0,"player_choice":"Card Removal","damage_taken":0,"max_hp_gain":0,"max_hp_loss":0,"event_name":"The Cleric","floor":4,"gold_loss":50},{"damage_healed":0,"gold_gain":0,"player_choice":"Simplicity","damage_taken":0,"max_hp_gain":0,"max_hp_loss":0,"event_name":"Back to Basics","floor":19,"gold_loss":0,"cards_upgraded":["Defend_G","Defend_G","Defend_G","Defend_G","Strike_G","Strike_G","Strike_G"]}],"is_beta":false,"boss_relics":[{"not_picked":["Eternal Feather","Ring of the Serpent"],"picked":"Philosopher\u0027s Stone"}],"items_purged_floors":[],"is_endless":false,"potions_floor_spawned":[1,11,12,16,22,23,27],"killed_by":"3 Cultists","ascension_level":0}