{"path_per_floor":["M","$","M","M","M","R","E","R","T","?","M","R","M","M","R","B",null,"M","$","?","M","M","E","R","E","T","R","M","M","M","M","R","B",null,"M","?","M","$","M","R"],"character_chosen":"THE_SILENT","items_purchased":["Dagger Throw","Cloak And Dagger","Oddly Smooth Stone","Backflip","Dexterity Potion","Panache","Dramatic Entrance"],"gold_per_floor":[114,41,58,75,92,92,122,122,122,122,139,139,154,170,170,273,273,285,42,42,60,78,113,113,144,144,144,157,167,183,197,197,296,296,308,308,322,31,42,42,42],"floor_reached":41,"campfire_rested":2,"playtime":3326,"current_hp_per_floor":[63,63,63,63,56,56,54,54,54,47,47,47,46,46,46,35,63,56,56,56,56,56,52,52,23,23,41,39,38,38,37,55,16,63,62,62,52,52,42,42,0],"items_purged":[],"gold":42,"score":439,"play_id":"9f888e3f-67a1-4c99-be55-62eac8079f34","local_time":"20180409125250","is_prod":false,"is_daily":false,"is_ascension_mode":false,"campfire_upgraded":5,"timestamp":1523292770,"path_taken":["M","$","M","M","M","R","E","R","T","?","M","R","?","M","R","BOSS","M","?","?","?","M","E","R","E","T","R","M","?","?","M","R","BOSS","M","?","M","?","M","R","E"],"build_version":"2018-04-05v2","purchased_purges":0,"victory":false,"master_deck":["Defend_G","Defend_G","Defend_G","Defend_G","Defend_G","Strike_G","Strike_G","Strike_G","Survivor","Neutralize+1","Quick Slash","Dagger Throw","Cloak And Dagger","Malaise+1","Noxious Fumes+1","Noxious Fumes+1","Cloak And Dagger","Deflect","Dagger Spray","Bullet Time","Terror+1","Backflip","Distraction+1","Flying Knee+1","Catalyst","Dodge and Roll","Catalyst+1","Well Laid Plans","Panache+1","Dramatic Entrance+1","Prepared"],"max_hp_per_floor":[63,63,63,63,63,63,63,63,63,63,63,63,63,63,63,63,63,63,63,63,63,63,63,63,63,63,63,63,63,63,63,63,63,63,63,63,63,63,63,63,63],"relics":["Ring of the Snake","Du-Vu Doll","Anchor","Peace Pipe","Lizard Tail","Oddly Smooth Stone","Meat on the Bone","Molten Egg 2","Matryoshka","Runic Pyramid"],"card_choices":[{"not_picked":["Deflect","Outmaneuver"],"picked":"Quick Slash","floor":1},{"not_picked":["Slice","Flying Knee"],"picked":"Malaise","floor":3},{"not_picked":["Leg Sweep","Outmaneuver"],"picked":"Noxious Fumes","floor":5},{"not_picked":["Underhanded Strike","Poisoned Stab"],"picked":"Noxious Fumes","floor":7},{"not_picked":["Deadly Poison","Dodge and Roll"],"picked":"Cloak And Dagger","floor":11},{"not_picked":["Flechettes","Terror"],"picked":"Deflect","floor":13},{"not_picked":["Flying Knee","Noxious Fumes"],"picked":"Dagger Spray","floor":14},{"not_picked":["Corpse Explosion","Storm of Steel"],"picked":"Bullet Time","floor":16},{"not_picked":["Expertise","Caltrops"],"picked":"Terror","floor":18},{"not_picked":["Backstab","Leg Sweep"],"picked":"Distraction","floor":22},{"not_picked":["PiercingWail","Endless Agony"],"picked":"Flying Knee","floor":25},{"not_picked":["Slice","Heel Hook"],"picked":"Catalyst","floor":28},{"not_picked":["Dagger Throw","Flying Knee"],"picked":"Dodge and Roll","floor":30},{"not_picked":["Deflect","Endless Agony"],"picked":"Catalyst","floor":31},{"not_picked":["Acrobatics","Deadly Poison"],"picked":"Well Laid Plans","floor":37},{"not_picked":["Expertise","Flying Knee"],"picked":"Prepared","floor":39}],"player_experience":1139853,"potions_floor_usage":[7,18,23,25,30,33,37,41,41],"damage_taken":[{"damage":0,"enemies":"Small Slimes","floor":1,"turns":3},{"damage":0,"enemies":"2 Louse","floor":3,"turns":2},{"damage":0,"enemies":"Cultist","floor":4,"turns":4},{"damage":7,"enemies":"Exordium Thugs","floor":5,"turns":5},{"damage":17,"enemies":"3 Sentries","floor":7,"turns":7},{"damage":0,"enemies":"Lots of Slimes","floor":11,"turns":5},{"damage":1,"enemies":"Exordium Wildlife","floor":13,"turns":4},{"damage":0,"enemies":"Blue Slaver","floor":14,"turns":4},{"damage":11,"enemies":"Hexaghost","floor":16,"turns":10},{"damage":7,"enemies":"3 Byrds","floor":18,"turns":5},{"damage":0,"enemies":"Chosen","floor":21,"turns":5},{"damage":0,"enemies":"Snecko","floor":22,"turns":6},{"damage":4,"enemies":"Book of Stabbing","floor":23,"turns":6},{"damage":41,"enemies":"Gremlin Leader","floor":25,"turns":6},{"damage":14,"enemies":"3 Cultists","floor":28,"turns":6},{"damage":13,"enemies":"Chosen and Byrds","floor":29,"turns":6},{"damage":0,"enemies":"Snake Plant","floor":30,"turns":4},{"damage":1,"enemies":"Snecko","floor":31,"turns":7},{"damage":97,"enemies":"Automaton","floor":33,"turns":13},{"damage":1,"enemies":"3 Shapes","floor":35,"turns":6},{"damage":10,"enemies":"3 Darklings","floor":37,"turns":9},{"damage":10,"enemies":"Sphere and 2 Shapes","floor":39,"turns":5},{"damage":43,"enemies":"2 Orb Walkers","floor":41,"turns":5}],"event_choices":[{"event_name":"Golden Wing","player_choice":"Card Removal","floor":10,"damage_taken":0},{"event_name":"Beggar","player_choice":"Ignored","floor":20,"damage_taken":0},{"event_name":"Tomb of Lord Red Mask","player_choice":"Ignored","floor":36,"damage_taken":0}],"boss_relics":[{"not_picked":["Tiny House","Snecko Eye"],"picked":"Lizard Tail"},{"not_picked":["Orrery","Astrolabe"],"picked":"Runic Pyramid"}],"potions_floor_spawned":[4,11,14,16,21,22,28,31,33,39],"seed_played":"-2068917220363931277","killed_by":"2 Orb Walkers","ascension_level":0,"is_trial":false}