{"gold_per_floor":[112,112,130,147,125,125,40,40,40,40,58,58,93,112,112,185,185,85,85,0,0,0,0,0,0,0,0,0,0,0,0,0,0,0,0,0,0,0,0,0,0,0],"floor_reached":42,"playtime":3457,"items_purged":[],"score":944,"play_id":"1ecb30b9-5203-4e07-9004-02fb779e475e","local_time":"20181114125605","is_ascension_mode":true,"campfire_choices":[{"data":"Crippling Poison","floor":6,"key":"SMITH"},{"data":"Neutralize","floor":10,"key":"SMITH"},{"data":"Footwork","floor":12,"key":"SMITH"},{"data":"Backflip","floor":15,"key":"SMITH"},{"data":"Dodge and Roll","floor":23,"key":"SMITH"},{"floor":25,"key":"REST"},{"floor":32,"key":"REST"},{"floor":40,"key":"REST"}],"neow_cost":"TEN_PERCENT_HP_LOSS","seed_source_timestamp":49418374748383,"circlet_count":0,"master_deck":["AscendersBane","Defend_G","Defend_G","Defend_G","Defend_G","Defend_G","Strike_G","Strike_G","Survivor","Neutralize+1","Footwork+1","PiercingWail","Crippling Poison+1","Backflip+1","Noxious Fumes+1","Footwork+1","PiercingWail","PiercingWail","After Image+1","Dagger Spray","Well Laid Plans+1","Writhe","Dodge and Roll+1","Well Laid Plans+1","Blade Dance","Outmaneuver","Backstab","Bane","Noxious Fumes+1","Adrenaline","Reflex","Caltrops+1","Backstab"],"relics":["Ring of the Snake","Calipers","Shuriken","Frozen Egg 2","Ectoplasm","Potion Belt","Kunai","Anchor","Paper Crane","Boot","White Beast Statue"],"potions_floor_usage":[13,13,14,24,27,30,38],"damage_taken":[{"damage":6,"enemies":"Small Slimes","floor":1,"turns":5},{"damage":0,"enemies":"Cultist","floor":3,"turns":4},{"damage":2,"enemies":"2 Louse","floor":4,"turns":4},{"damage":3,"enemies":"Exordium Thugs","floor":5,"turns":4},{"damage":7,"enemies":"Large Slime","floor":11,"turns":8},{"damage":4,"enemies":"Lagavulin","floor":13,"turns":8},{"damage":9,"enemies":"Exordium Wildlife","floor":14,"turns":5},{"damage":22,"enemies":"The Guardian","floor":16,"turns":11},{"damage":4,"enemies":"2 Thieves","floor":18,"turns":5},{"damage":7,"enemies":"3 Byrds","floor":19,"turns":4},{"damage":1,"enemies":"Snake Plant","floor":22,"turns":7},{"damage":11,"enemies":"Book of Stabbing","floor":24,"turns":8},{"damage":32,"enemies":"Slavers","floor":27,"turns":6},{"damage":7,"enemies":"Centurion and Healer","floor":30,"turns":7},{"damage":0,"enemies":"Champ","floor":33,"turns":17},{"damage":36,"enemies":"3 Darklings","floor":35,"turns":7},{"damage":5,"enemies":"Orb Walker","floor":38,"turns":5},{"damage":6,"enemies":"3 Darklings","floor":41,"turns":8},{"damage":25,"enemies":"Transient","floor":42,"turns":2}],"seed_played":"-8276005318420974133","potions_obtained":[{"floor":4,"key":"SkillPotion"},{"floor":11,"key":"Regen Potion"},{"floor":13,"key":"Regen Potion"},{"floor":16,"key":"Weak Potion"},{"floor":19,"key":"FearPotion"},{"floor":27,"key":"Explosive Potion"},{"floor":30,"key":"Energy Potion"},{"floor":35,"key":"Strength Potion"},{"floor":38,"key":"Ancient Potion"},{"floor":41,"key":"Strength Potion"}],"is_trial":false,"path_per_floor":["M","?","M","M","M","R","$","?","T","R","M","R","E","M","R","B",null,"M","M","$","?","M","R","E","R","T","E","T","?","M","?","R","B",null,"M","?","$","M","?","R","M","M"],"character_chosen":"THE_SILENT","items_purchased":["Noxious Fumes","Well Laid Plans+1"],"campfire_rested":3,"item_purchase_floors":[7,20],"current_hp_per_floor":[53,53,53,51,48,48,48,48,48,48,41,41,52,58,58,36,54,50,43,43,43,42,42,31,49,49,17,17,17,10,10,28,28,52,16,16,16,11,11,29,23,0],"gold":0,"neow_bonus":"ONE_RARE_RELIC","is_prod":false,"is_daily":false,"chose_seed":false,"campfire_upgraded":5,"win_rate":0,"timestamp":1542218165,"path_taken":["M","?","?","M","?","R","$","?","T","R","M","R","E","M","R","BOSS","M","M","$","?","M","R","E","R","T","E","?","?","?","?","R","BOSS","M","?","?","M","?","R","M","M"],"build_version":"2018-11-08","purchased_purges":0,"victory":false,"max_hp_per_floor":[60,60,60,60,60,60,60,60,60,60,60,60,60,60,60,60,60,60,60,60,60,60,60,60,60,60,60,60,60,60,60,60,60,60,60,60,60,60,60,60,60,60],"card_choices":[{"not_picked":["Bane","Infinite Blades"],"picked":"Footwork","floor":1},{"not_picked":["Distraction","Deadly Poison"],"picked":"PiercingWail","floor":3},{"not_picked":["Bane","Well Laid Plans"],"picked":"Crippling Poison","floor":4},{"not_picked":["Underhanded Strike","Acrobatics"],"picked":"Backflip","floor":5},{"not_picked":["Setup","Unload"],"picked":"Footwork","floor":11},{"not_picked":["Predator","Bouncing Flask"],"picked":"PiercingWail","floor":13},{"not_picked":["Underhanded Strike","Endless Agony"],"picked":"PiercingWail","floor":14},{"not_picked":["Wraith Form v2+1","A Thousand Cuts+1"],"picked":"After Image+1","floor":16},{"not_picked":["Concentrate","PiercingWail"],"picked":"Dagger Spray","floor":18},{"not_picked":["Choke","Poisoned Stab","Quick Slash"],"picked":"SKIP","floor":19},{"not_picked":["Quick Slash","Underhanded Strike"],"picked":"Dodge and Roll","floor":22},{"not_picked":["Dagger Spray","Phantasmal Killer"],"picked":"Well Laid Plans+1","floor":24},{"not_picked":["Bane","Tactician"],"picked":"Blade Dance","floor":27},{"not_picked":["Poisoned Stab+1","Deflect"],"picked":"Bane","floor":30},{"not_picked":["Storm of Steel","Die Die Die"],"picked":"Adrenaline","floor":33},{"not_picked":["Underhanded Strike","Deflect+1","Deadly Poison"],"picked":"SKIP","floor":35},{"not_picked":["Acrobatics","Flying Knee+1"],"picked":"Caltrops+1","floor":38},{"not_picked":["Bane","Prepared"],"picked":"Backstab","floor":41}],"player_experience":2293779,"relics_obtained":[{"floor":9,"key":"Shuriken"},{"floor":13,"key":"Frozen Egg 2"},{"floor":24,"key":"Kunai"},{"floor":26,"key":"Anchor"},{"floor":27,"key":"Paper Crane"},{"floor":28,"key":"Boot"}],"event_choices":[{"damage_healed":0,"gold_gain":0,"player_choice":"Upgraded","damage_taken":0,"max_hp_gain":0,"max_hp_loss":0,"event_name":"Upgrade Shrine","floor":2,"gold_loss":0,"cards_upgraded":["Footwork"]},{"damage_healed":0,"gold_gain":0,"player_choice":"Grow","damage_taken":0,"max_hp_gain":0,"max_hp_loss":0,"event_name":"Living Wall","floor":8,"gold_loss":0,"cards_upgraded":["Noxious Fumes"]},{"damage_healed":0,"gold_gain":0,"player_choice":"Opened","damage_taken":0,"relics_obtained":["Potion Belt"],"max_hp_gain":0,"max_hp_loss":0,"event_name":"The Mausoleum","floor":21,"gold_loss":0,"cards_obtained":["Writhe"]},{"damage_healed":0,"gold_gain":0,"cards_transformed":["Strike_G","Strike_G"],"player_choice":"Became Test Subject","damage_taken":0,"max_hp_gain":0,"max_hp_loss":0,"event_name":"Drug Dealer","floor":29,"gold_loss":0,"cards_obtained":["Outmaneuver","Backstab"]},{"damage_healed":0,"gold_gain":0,"player_choice":"Copied","damage_taken":0,"max_hp_gain":0,"max_hp_loss":0,"event_name":"Duplicator","floor":31,"gold_loss":0,"cards_obtained":["Noxious Fumes"]},{"damage_healed":0,"gold_gain":0,"cards_transformed":["Strike_G"],"player_choice":"Transformed","damage_taken":0,"max_hp_gain":0,"max_hp_loss":0,"event_name":"Transmorgrifier","floor":36,"gold_loss":0,"cards_obtained":["Reflex"]},{"damage_healed":0,"gold_gain":0,"player_choice":"Ignored","damage_taken":0,"max_hp_gain":0,"max_hp_loss":0,"event_name":"Mysterious Sphere","floor":39,"gold_loss":0}],"is_beta":false,"boss_relics":[{"not_picked":["Orrery","Eternal Feather"],"picked":"Ectoplasm"},{"not_picked":["WristBlade","HoveringKite"],"picked":"White Beast Statue"}],"items_purged_floors":[],"is_endless":false,"potions_floor_spawned":[4,11,13,16,19,27,30,35,38,41],"killed_by":"Transient","ascension_level":19}