{"gold_per_floor":[111,111,127,140,71,99,99,99,178,193,193,193,193,210,210,313,313,326,326,326,326,341,341,371,371,447,547,567,567],"floor_reached":29,"playtime":1365,"items_purged":[],"score":407,"play_id":"1f3f39d8-08fd-4645-9c90-a392e87d595f","local_time":"20181205181222","is_ascension_mode":true,"campfire_choices":[{"data":"Parasite","floor":8,"key":"PURGE"},{"floor":12,"key":"REST"},{"data":"Buffer","floor":15,"key":"SMITH"},{"data":"Loop","floor":23,"key":"SMITH"},{"floor":25,"key":"REST"}],"neow_cost":"TEN_PERCENT_HP_LOSS","seed_source_timestamp":1884900426084318,"circlet_count":0,"master_deck":["Defend_B","Defend_B","Defend_B","Defend_B","Zap","Dualcast","Loop+1","Conserve Battery","Coolheaded","Doom and Gloom","Hologram","Core Surge","Buffer+1","BootSequence","Reboot","Capacitor+1","Static Discharge","Ball Lightning+1","Consume"],"relics":["Cracked Core","Peace Pipe","CultistMask","Vajra","Question Card","Snecko Eye","Matryoshka","Tiny Chest","Ancient Tea Set"],"potions_floor_usage":[10,16],"damage_taken":[{"damage":0,"enemies":"Cultist","floor":1,"turns":3},{"damage":8,"enemies":"Jaw Worm","floor":3,"turns":4},{"damage":4,"enemies":"Small Slimes","floor":4,"turns":4},{"damage":45,"enemies":"Gremlin Nob","floor":6,"turns":5},{"damage":1,"enemies":"3 Louse","floor":10,"turns":3},{"damage":0,"enemies":"Large Slime","floor":14,"turns":4},{"damage":0,"enemies":"The Guardian","floor":16,"turns":11},{"damage":0,"enemies":"Shell Parasite","floor":18,"turns":7},{"damage":12,"enemies":"2 Thieves","floor":22,"turns":4},{"damage":51,"enemies":"Gremlin Leader","floor":24,"turns":7},{"damage":16,"enemies":"Sentry and Sphere","floor":28,"turns":7},{"damage":24,"enemies":"Colosseum Slavers","floor":29,"turns":3}],"seed_played":"1830462275360324134","potions_obtained":[{"floor":3,"key":"SkillPotion"},{"floor":4,"key":"Energy Potion"},{"floor":14,"key":"Strength Potion"},{"floor":22,"key":"SteroidPotion"}],"is_trial":false,"path_per_floor":["M","?","M","M","$","E","?","R","T","M","?","R","?","M","R","B",null,"M","?","?","?","M","R","E","R","T","?","M","?"],"character_chosen":"DEFECT","items_purchased":["Doom and Gloom"],"campfire_rested":2,"item_purchase_floors":[5],"current_hp_per_floor":[68,68,60,56,56,11,28,28,28,27,27,46,39,39,39,39,59,59,48,48,70,58,58,7,28,28,28,12,0],"gold":567,"neow_bonus":"ONE_RARE_RELIC","is_prod":false,"is_daily":false,"chose_seed":false,"campfire_upgraded":2,"win_rate":0,"timestamp":1544051542,"path_taken":["M","?","M","?","?","E","?","R","T","M","?","R","?","M","R","BOSS","M","?","?","?","?","R","E","R","T","?","?","?"],"build_version":"2018-11-15","purchased_purges":0,"victory":false,"max_hp_per_floor":[68,68,68,68,68,68,68,65,65,65,65,65,65,65,65,65,65,65,70,70,70,70,70,70,70,70,70,70,70],"card_choices":[{"not_picked":["Hologram","Barrage"],"picked":"Loop","floor":1},{"not_picked":["Leap","Darkness"],"picked":"Conserve Battery","floor":3},{"not_picked":["Blizzard","Turbo"],"picked":"Coolheaded","floor":4},{"not_picked":["Sweeping Beam","Force Field"],"picked":"Hologram","floor":6},{"not_picked":["Beam Cell","Ball Lightning","Rebound"],"picked":"Core Surge","floor":10},{"not_picked":["Undo","Barrage","Ball Lightning"],"picked":"BootSequence","floor":14},{"not_picked":["Hyperbeam","Meteor Strike","Multi-Cast"],"picked":"Reboot","floor":16},{"not_picked":["Rebound","FTL","Conserve Battery"],"picked":"Capacitor+1","floor":18},{"not_picked":["Double Energy","Barrage","Conserve Battery"],"picked":"Ball Lightning+1","floor":22},{"not_picked":["Darkness","Rip and Tear","Beam Cell","Sunder"],"picked":"SKIP","floor":24},{"not_picked":["Scrape","Redo+1","Melter+1"],"picked":"Consume","floor":28}],"player_experience":2666768,"relics_obtained":[{"floor":6,"key":"Vajra"},{"floor":9,"key":"Question Card"},{"floor":24,"key":"Matryoshka"},{"floor":26,"key":"Tiny Chest"},{"floor":26,"key":"Ancient Tea Set"}],"event_choices":[{"damage_healed":0,"gold_gain":0,"player_choice":"Trade","damage_taken":0,"relics_obtained":["CultistMask"],"max_hp_gain":0,"max_hp_loss":0,"event_name":"FaceTrader","floor":2,"gold_loss":0},{"damage_healed":17,"gold_gain":0,"player_choice":"Healed and dodged fight","damage_taken":0,"max_hp_gain":0,"max_hp_loss":0,"event_name":"Mushrooms","floor":7,"gold_loss":0,"cards_obtained":["Parasite"]},{"damage_healed":0,"gold_gain":0,"cards_transformed":["Strike_B"],"player_choice":"Change","damage_taken":0,"max_hp_gain":0,"max_hp_loss":0,"event_name":"Living Wall","floor":11,"gold_loss":0,"cards_obtained":["Buffer"]},{"cards_removed":["Strike_B"],"damage_healed":0,"gold_gain":0,"player_choice":"Card Removal","damage_taken":7,"max_hp_gain":0,"max_hp_loss":0,"event_name":"Golden Wing","floor":13,"gold_loss":0},{"damage_healed":0,"gold_gain":0,"player_choice":"Shed Blood","damage_taken":16,"max_hp_gain":5,"max_hp_loss":0,"event_name":"Forgotten Altar","floor":19,"gold_loss":0},{"damage_healed":0,"gold_gain":0,"cards_transformed":["Strike_B","Strike_B"],"player_choice":"Became Test Subject","damage_taken":0,"max_hp_gain":0,"max_hp_loss":0,"event_name":"Drug Dealer","floor":20,"gold_loss":0,"cards_obtained":["Static Discharge","FTL"]},{"cards_removed":["FTL"],"damage_healed":22,"gold_gain":0,"player_choice":"Offered Uncommon","damage_taken":0,"max_hp_gain":0,"max_hp_loss":0,"event_name":"Bonfire Elementals","floor":21,"gold_loss":0},{"damage_healed":0,"gold_gain":100,"player_choice":"Pray","damage_taken":0,"max_hp_gain":0,"max_hp_loss":0,"event_name":"Golden Shrine","floor":27,"gold_loss":0},{"damage_healed":0,"gold_gain":0,"player_choice":"Fight","damage_taken":0,"max_hp_gain":0,"max_hp_loss":0,"event_name":"Colosseum","floor":29,"gold_loss":0}],"is_beta":false,"boss_relics":[{"not_picked":["Calling Bell","Lizard Tail"],"picked":"Snecko Eye"}],"items_purged_floors":[],"is_endless":false,"potions_floor_spawned":[3,4,14,22],"killed_by":"Colosseum Slavers","ascension_level":8}