{"gold_per_floor":[117,117,129,2,14,45,58,58,81,256,9,28,58,58],"floor_reached":14,"playtime":1486,"items_purged":["Strike_R"],"score":100,"play_id":"b4c8a997-ce65-4372-97ee-27966fea2756","local_time":"20190716120407","is_ascension_mode":false,"campfire_choices":[{"floor":8,"key":"REST"}],"neow_cost":"NONE","seed_source_timestamp":220862481591521,"circlet_count":0,"master_deck":["Strike_R","Strike_R","Strike_R","Strike_R","Defend_R","Defend_R","Defend_R","Defend_R","Bash+1","Shrug It Off","Pommel Strike","Pommel Strike","Cleave","Heavy Blade","Flame Barrier","Whirlwind","Doubt","The Bomb","Shrug It Off","Anger+1","Limit Break"],"relics":["Burning Blood","Centennial Puzzle","Orichalcum","Whetstone"],"potions_floor_usage":[13],"damage_taken":[{"damage":0,"enemies":"2 Louse","floor":1,"turns":4},{"damage":6,"enemies":"Jaw Worm","floor":3,"turns":4},{"damage":0,"enemies":"Small Slimes","floor":5,"turns":2},{"damage":73,"enemies":"Lagavulin","floor":6,"turns":10},{"damage":2,"enemies":"2 Fungi Beasts","floor":7,"turns":4},{"damage":8,"enemies":"Large Slime","floor":12,"turns":8},{"damage":13,"enemies":"3 Sentries","floor":13,"turns":4},{"damage":39,"enemies":"Gremlin Nob","floor":14,"turns":4}],"seed_played":"6794368709615141365","potions_obtained":[{"floor":3,"key":"Weak Potion"},{"floor":5,"key":"Poison Potion"},{"floor":7,"key":"LiquidBronze"}],"is_trial":false,"path_per_floor":["M","?","M","$","M","E","M","R","T","?","$","M","E","?"],"character_chosen":"IRONCLAD","items_purchased":["Cleave","The Bomb","Shrug It Off"],"campfire_rested":1,"item_purchase_floors":[4,11,11],"current_hp_per_floor":[80,85,85,85,85,18,22,47,47,47,47,45,38,0],"gold":58,"neow_bonus":"THREE_CARDS","is_prod":false,"is_daily":false,"chose_seed":false,"campfire_upgraded":0,"win_rate":0.0,"timestamp":1563296647,"path_taken":["M","?","M","$","M","E","M","R","T","?","?","M","E","?"],"build_version":"2019-07-05","purchased_purges":1,"victory":false,"max_hp_per_floor":[80,85,85,85,85,85,85,85,85,85,85,85,85,85],"card_choices":[{"not_picked":["Metallicize","Body Slam"],"picked":"Shrug It Off","floor":0},{"not_picked":["Twin Strike","Reckless Charge"],"picked":"Pommel Strike","floor":1},{"not_picked":["Clothesline","Bloodletting"],"picked":"Pommel Strike","floor":3},{"not_picked":["Corruption","Pommel Strike"],"picked":"Heavy Blade","floor":5},{"not_picked":["Thunderclap","Clothesline"],"picked":"Flame Barrier","floor":6},{"not_picked":["Intimidate","Pommel Strike"],"picked":"Whirlwind","floor":7},{"not_picked":["Corruption","Headbutt"],"picked":"Anger","floor":12},{"not_picked":["Twin Strike","Dark Embrace"],"picked":"Limit Break","floor":13}],"player_experience":19025,"relics_obtained":[{"floor":6,"key":"Centennial Puzzle"},{"floor":9,"key":"Orichalcum"},{"floor":13,"key":"Whetstone"}],"event_choices":[{"damage_healed":0,"gold_gain":0,"player_choice":"Donut","damage_taken":0,"max_hp_gain":5,"max_hp_loss":0,"event_name":"Big Fish","floor":2,"gold_loss":0},{"damage_healed":0,"gold_gain":175,"player_choice":"AGREE","damage_taken":0,"max_hp_gain":0,"max_hp_loss":0,"event_name":"Liars Game","floor":10,"gold_loss":0,"cards_obtained":["Doubt"]},{"damage_healed":0,"gold_gain":0,"player_choice":"Searched \u00271\u0027 times","damage_taken":0,"max_hp_gain":0,"max_hp_loss":0,"event_name":"Dead Adventurer","floor":14,"gold_loss":0}],"is_beta":false,"boss_relics":[],"items_purged_floors":[4],"is_endless":false,"potions_floor_spawned":[3,5,7],"killed_by":"Gremlin Nob","ascension_level":0}