{"path_per_floor":["M","M","$","?","$","R","?","?","T","R","M","M","?","M","R","B",null,"M","?","$","?","M","R","$","?","T","R","?","M","R","$","R"],"character_chosen":"IRONCLAD","items_purchased":["Combust","Fire Potion","Cleave","Sword Boomerang","Madness","Shrug It Off","Anger"],"gold_per_floor":[118,134,50,50,28,28,28,28,82,82,100,117,117,131,131,232,262,273,198,23,23,34,34,10,10,10,10,10,20,20,20,20],"floor_reached":33,"campfire_rested":4,"playtime":3257,"current_hp_per_floor":[80,80,80,64,64,64,64,64,64,64,59,57,57,55,79,25,85,69,69,69,69,34,60,60,60,60,86,86,65,65,65,88],"items_purged":[],"gold":20,"play_id":"7f332d46-a8f3-43b3-881e-c195b19ca91f","is_prod":false,"is_daily":false,"campfire_rituals":0,"campfire_upgraded":3,"is_hardmode":false,"path_taken":["M","M","$","?","$","R","?","?","T","R","?","M","?","?","R","BOSS","M","?","$","?","?","R","?","?","T","R","?","M","R","$","R","BOSS"],"build_version":"2018-01-11-PROD2","purchased_purges":0,"victory":false,"master_deck":["Strike_R","Strike_R","Strike_R","Defend_R","Defend_R","Defend_R","Bash","Pommel Strike","Uppercut","Combust","Cleave","Pummel","Whirlwind","Intimidate","Infernal Blade","Feed","Reckless Charge","Intimidate","Sword Boomerang","Madness","Shrug It Off","Uppercut","Madness","Perfected Strike","Anger","Sword Boomerang"],"max_hp_per_floor":[80,80,80,80,80,80,80,80,80,80,80,80,80,80,80,80,85,88,88,88,88,88,88,88,88,88,88,88,88,88,88,88],"relics":["Burning Blood","Shuriken","Oddly Smooth Stone","Tiny House","Bird Faced Urn","War Paint"],"campfire_meditates":0,"card_choices":[{"not_picked":["Armaments","Headbutt"],"picked":"Pommel Strike"},{"not_picked":["Thunderclap","Armaments"],"picked":"Uppercut"},{"not_picked":["Armaments","Thunderclap"],"picked":"Whirlwind"},{"not_picked":["Thunderclap","Iron Wave"],"picked":"Intimidate"},{"not_picked":["Clothesline","Thunderclap"],"picked":"Infernal Blade"},{"not_picked":["Barricade","Reaper"],"picked":"Feed"},{"not_picked":["Body Slam","Cleave"],"picked":"Reckless Charge"},{"not_picked":["Clothesline","Hemokinesis"],"picked":"Intimidate"},{"not_picked":["Cleave","Seeing Red"],"picked":"Perfected Strike"},{"not_picked":["Body Slam","Combust"],"picked":"Sword Boomerang"}],"player_experience":0,"potions_floor_usage":[16,16,16],"damage_taken":[{"damage":0,"enemies":"Small Slimes","floor":1,"turns":3},{"damage":1,"enemies":"Cultist","floor":2,"turns":3},{"damage":11,"enemies":"Blue Slaver","floor":11,"turns":3},{"damage":8,"enemies":"Looter","floor":12,"turns":3},{"damage":8,"enemies":"3 Louse","floor":14,"turns":2},{"damage":75,"enemies":"The Guardian","floor":16,"turns":12},{"damage":25,"enemies":"3 Byrds","floor":18,"turns":5},{"damage":41,"enemies":"Shell Parasite","floor":22,"turns":5},{"damage":29,"enemies":"Centurion and Healer","floor":29,"turns":7},{"damage":105,"enemies":"Champ","floor":33,"turns":9}],"event_choices":[{"event_name":"Shining Light","player_choice":"Entered Light","floor":4,"damage_taken":0},{"event_name":"Transmorgrifier","player_choice":"Transform","floor":7,"damage_taken":0},{"event_name":"Wheel of Change","player_choice":"Relic","floor":8,"damage_taken":0},{"event_name":"Bonfire Elementals","player_choice":"BASIC","floor":13,"damage_taken":0},{"event_name":"Beggar","player_choice":"Gave Gold","floor":19,"damage_taken":0},{"event_name":"Match and Keep!","player_choice":"2 cards matched","floor":21,"damage_taken":0},{"event_name":"Drug Dealer","player_choice":"Ignored","floor":25,"damage_taken":0},{"event_name":"The Mausoleum","player_choice":"Yes","floor":28,"damage_taken":0}],"boss_relics":[{"not_picked":["Cursed Key","Runic Dome"],"picked":"Tiny House"}],"potions_floor_spawned":[2,11,12,29],"seed_played":"523406298085145868","killed_by":"Champ","is_trial":false}