{"gold_per_floor":[118,64,64,25,38,38,73,73,119,137,186,186,249,249,249,327,327,345,361,28,45,45,78,78,1,1,21,21,39,59,59],"floor_reached":31,"playtime":1713,"items_purged":["Regret"],"score":528,"play_id":"62a1d9e4-8b9b-4a63-808e-58d1bd48804c","local_time":"20190409105625","is_ascension_mode":true,"campfire_choices":[{"data":"White Noise","floor":6,"key":"SMITH"},{"data":"Zap","floor":8,"key":"SMITH"},{"data":"Sweeping Beam","floor":12,"key":"SMITH"},{"data":"Dualcast","floor":15,"key":"SMITH"},{"floor":24,"key":"REST"},{"floor":28,"key":"REST"}],"neow_cost":"NONE","seed_source_timestamp":379462531019790,"circlet_count":0,"master_deck":["AscendersBane","Strike_B","Strike_B","Strike_B","Strike_B","Defend_B","Defend_B","Defend_B","Defend_B","Zap+1","Dualcast+1","Sweeping Beam+1","Gash","White Noise+1","Steam Power","Doom and Gloom","Undo","Gash","Electrodynamics","Go for the Eyes","Gash","Defragment","BootSequence","Rebound","Defragment","Capacitor","Coolheaded+1","Go for the Eyes+1","Defragment"],"relics":["Cracked Core","NeowsBlessing","Turnip","Lantern","DataDisk","Potion Belt","Pear","Runic Pyramid","Boot","Bottled Flame"],"potions_floor_usage":[16,18,18,19,21,23,23,23,31],"damage_taken":[{"damage":0,"enemies":"Jaw Worm","floor":1,"turns":1},{"damage":0,"enemies":"2 Louse","floor":5,"turns":1},{"damage":0,"enemies":"Gremlin Nob","floor":7,"turns":1},{"damage":0,"enemies":"Cultist","floor":10,"turns":3},{"damage":17,"enemies":"3 Sentries","floor":13,"turns":4},{"damage":49,"enemies":"Slime Boss","floor":16,"turns":8},{"damage":25,"enemies":"Chosen","floor":18,"turns":5},{"damage":25,"enemies":"Shell Parasite","floor":19,"turns":7},{"damage":4,"enemies":"Centurion and Healer","floor":21,"turns":5},{"damage":13,"enemies":"Book of Stabbing","floor":23,"turns":4},{"damage":21,"enemies":"Snake Plant","floor":27,"turns":5},{"damage":1,"enemies":"3 Cultists","floor":29,"turns":4},{"damage":23,"enemies":"Centurion and Healer","floor":30,"turns":7},{"damage":23,"enemies":"Sentry and Sphere","floor":31,"turns":3}],"seed_played":"-8873331900873720503","potions_obtained":[{"floor":5,"key":"LiquidBronze"},{"floor":7,"key":"Weak Potion"},{"floor":13,"key":"Dexterity Potion"},{"floor":14,"key":"Poison Potion"},{"floor":16,"key":"EssenceOfSteel"},{"floor":18,"key":"Dexterity Potion"},{"floor":19,"key":"Swift Potion"},{"floor":21,"key":"Dexterity Potion"},{"floor":30,"key":"PowerPotion"}],"is_trial":false,"path_per_floor":["M","$","?","$","M","R","E","R","T","M","T","R","?","?","R","B",null,"M","M","$","M","$","E","R","$","T","M","R","M","M","M"],"character_chosen":"DEFECT","items_purchased":["Gash","White Noise","Regen Potion","Defragment","BootSequence","Capacitor"],"campfire_rested":2,"item_purchase_floors":[2,4,20,20,20,25],"current_hp_per_floor":[64,64,64,64,64,64,64,64,64,64,64,64,57,57,57,8,63,38,13,13,23,23,10,34,34,34,13,37,36,13,0],"gold":59,"neow_bonus":"THREE_ENEMY_KILL","is_prod":false,"is_daily":false,"chose_seed":false,"campfire_upgraded":4,"win_rate":0,"timestamp":1554821785,"path_taken":["M","$","?","$","M","R","E","R","T","M","?","R","?","?","R","BOSS","M","M","$","?","?","E","R","$","T","M","R","M","M","M"],"build_version":"2019-01-23","purchased_purges":1,"victory":false,"max_hp_per_floor":[71,71,71,71,71,71,71,71,71,71,71,71,81,81,81,81,81,81,81,81,81,81,81,81,81,81,81,81,81,81,81],"card_choices":[{"not_picked":["Barrage","Steam Power"],"picked":"Sweeping Beam","floor":1},{"not_picked":["Compile Driver","Beam Cell"],"picked":"Steam Power","floor":5},{"not_picked":["Biased Cognition","Coolheaded"],"picked":"Doom and Gloom","floor":7},{"not_picked":["Sweeping Beam","Leap"],"picked":"Undo","floor":10},{"not_picked":["Steam Power","Barrage"],"picked":"Gash","floor":13},{"not_picked":["Rainbow","Buffer"],"picked":"Electrodynamics","floor":16},{"not_picked":["Fusion","Darkness"],"picked":"Go for the Eyes","floor":18},{"not_picked":["FTL","Sweeping Beam"],"picked":"Gash","floor":19},{"not_picked":["Leap","Turbo"],"picked":"Rebound","floor":21},{"not_picked":["Cold Snap","Coolheaded"],"picked":"Defragment","floor":23},{"not_picked":["Rip and Tear","Streamline"],"picked":"Coolheaded+1","floor":27},{"not_picked":["Aggregate","Gash"],"picked":"Go for the Eyes+1","floor":29},{"not_picked":["Force Field+1","Aggregate"],"picked":"Defragment","floor":30}],"player_experience":3316600,"relics_obtained":[{"floor":7,"key":"Lantern"},{"floor":9,"key":"DataDisk"},{"floor":11,"key":"Potion Belt"},{"floor":13,"key":"Pear"},{"floor":23,"key":"Boot"},{"floor":26,"key":"Bottled Flame"}],"event_choices":[{"damage_healed":0,"gold_gain":0,"player_choice":"Box","damage_taken":0,"relics_obtained":["Turnip"],"max_hp_gain":0,"max_hp_loss":0,"event_name":"Big Fish","floor":3,"gold_loss":0,"cards_obtained":["Regret"]},{"damage_healed":0,"gold_gain":30,"player_choice":"Searched \u00272\u0027 times","damage_taken":0,"max_hp_gain":0,"max_hp_loss":0,"event_name":"Dead Adventurer","floor":13,"gold_loss":0},{"damage_healed":0,"gold_gain":0,"player_choice":"Got Potions","damage_taken":0,"max_hp_gain":0,"max_hp_loss":0,"event_name":"Lab","floor":14,"gold_loss":0}],"is_beta":false,"boss_relics":[{"not_picked":["Ectoplasm","Philosopher\u0027s Stone"],"picked":"Runic Pyramid"}],"items_purged_floors":[20],"is_endless":false,"potions_floor_spawned":[5,7,13,16,18,19,21,30],"killed_by":"Sentry and Sphere","ascension_level":18}