{"gold_per_floor":[117,135,135,150,170,170,170,183,183,195,224,236,248,279,291,303],"floor_reached":16,"playtime":1346,"items_purged":[],"score":183,"play_id":"2f90f86b-a84b-44bd-a13c-9386c435e565","local_time":"20181114184634","is_ascension_mode":true,"campfire_choices":[{"data":"Noxious Fumes","floor":6,"key":"SMITH"},{"data":"Neutralize","floor":10,"key":"SMITH"},{"floor":15,"key":"REST"}],"neow_cost":"NONE","seed_source_timestamp":72563659313966,"circlet_count":0,"master_deck":["AscendersBane","Defend_G","Defend_G","Defend_G","Defend_G","Defend_G","Strike_G","Strike_G","Survivor","Neutralize+1","Dagger Throw","Noxious Fumes+1","Flying Knee","Quick Slash","Distraction","Well Laid Plans"],"relics":["Ring of the Snake","NeowsBlessing","MawBank","Golden Idol"],"potions_floor_usage":[5,11,14,16],"damage_taken":[{"damage":0,"enemies":"Jaw Worm","floor":1,"turns":1},{"damage":0,"enemies":"Cultist","floor":2,"turns":1},{"damage":0,"enemies":"2 Louse","floor":4,"turns":1},{"damage":13,"enemies":"Lots of Slimes","floor":5,"turns":4},{"damage":3,"enemies":"3 Louse","floor":8,"turns":4},{"damage":10,"enemies":"Exordium Thugs","floor":11,"turns":5},{"damage":31,"enemies":"Gremlin Gang","floor":14,"turns":5},{"damage":20,"enemies":"Hexaghost","floor":16,"turns":9}],"seed_played":"7953040996274709614","potions_obtained":[{"floor":1,"key":"Energy Potion"},{"floor":2,"key":"LiquidBronze"},{"floor":11,"key":"AttackPotion"},{"floor":14,"key":"FearPotion"}],"is_trial":false,"path_per_floor":["M","M","?","M","M","R","?","M","T","R","M","?","?","M","R","B"],"character_chosen":"THE_SILENT","items_purchased":[],"campfire_rested":1,"item_purchase_floors":[],"current_hp_per_floor":[59,59,59,59,46,46,46,43,43,43,33,33,33,2,20,0],"gold":303,"neow_bonus":"THREE_ENEMY_KILL","is_prod":false,"is_daily":false,"chose_seed":false,"campfire_upgraded":2,"win_rate":0,"timestamp":1542239194,"path_taken":["M","M","?","?","M","R","?","M","T","R","?","?","?","M","R","BOSS"],"build_version":"2018-11-08","purchased_purges":0,"victory":false,"max_hp_per_floor":[66,66,66,66,66,66,66,66,66,66,66,60,60,60,60,60],"card_choices":[{"not_picked":["Infinite Blades","Deflect"],"picked":"Dagger Throw","floor":1},{"not_picked":["Blade Dance","Endless Agony"],"picked":"Noxious Fumes","floor":2},{"not_picked":["Catalyst","Dodge and Roll"],"picked":"Flying Knee","floor":4},{"not_picked":["Underhanded Strike","Slice"],"picked":"Quick Slash","floor":5},{"not_picked":["Slice","Prepared","Outmaneuver"],"picked":"SKIP","floor":8},{"not_picked":["Eviscerate","Cloak And Dagger","Deadly Poison"],"picked":"SKIP","floor":11},{"not_picked":["Eviscerate","Cloak And Dagger","Deadly Poison"],"picked":"SKIP","floor":11},{"not_picked":["Quick Slash","Bane"],"picked":"Well Laid Plans","floor":14}],"player_experience":2301661,"relics_obtained":[{"floor":9,"key":"MawBank"}],"event_choices":[{"cards_removed":["Strike_G"],"damage_healed":0,"gold_gain":0,"player_choice":"Offered Basic","damage_taken":0,"max_hp_gain":0,"max_hp_loss":0,"event_name":"Bonfire Elementals","floor":3,"gold_loss":0},{"cards_removed":["Strike_G"],"damage_healed":0,"gold_gain":0,"player_choice":"Purged","damage_taken":0,"max_hp_gain":0,"max_hp_loss":0,"event_name":"Purifier","floor":7,"gold_loss":0},{"damage_healed":0,"gold_gain":0,"player_choice":"Lose Max HP","damage_taken":0,"relics_obtained":["Golden Idol"],"max_hp_gain":0,"max_hp_loss":6,"event_name":"Golden Idol","floor":12,"gold_loss":0},{"damage_healed":0,"gold_gain":0,"cards_transformed":["Strike_G"],"player_choice":"Transformed","damage_taken":0,"max_hp_gain":0,"max_hp_loss":0,"event_name":"Transmorgrifier","floor":13,"gold_loss":0,"cards_obtained":["Distraction"]}],"is_beta":false,"boss_relics":[],"items_purged_floors":[],"is_endless":false,"potions_floor_spawned":[1,2,11,14],"killed_by":"Hexaghost","ascension_level":19}