{"gold_per_floor":[115,115,131,131,131,131,151,175,175,214,239,239,252,267,267,393,393,408,431,444,90,106,106,125,125,125,125,148,148,148,161,161,282,282,303,636,187,187,198,198,230,249,249,264,264,274,17,34,34,34],"floor_reached":51,"playtime":5933,"items_purged":["Strike_G","Strike_G"],"score":710,"play_id":"ea54317b-7799-4a03-8b08-ba9113bfba42","local_time":"20190704233509","is_ascension_mode":false,"campfire_choices":[{"data":"Dagger Spray","floor":6,"key":"SMITH"},{"floor":15,"key":"REST"},{"floor":23,"key":"REST"},{"floor":25,"key":"REST"},{"data":"Blur","floor":27,"key":"SMITH"},{"data":"Dodge and Roll","floor":30,"key":"SMITH"},{"data":"Finesse","floor":32,"key":"SMITH"},{"data":"Footwork","floor":40,"key":"SMITH"},{"floor":49,"key":"REST"}],"neow_cost":"NONE","seed_source_timestamp":13578392491502,"circlet_count":0,"master_deck":["Strike_G","Strike_G+1","Strike_G+1","Defend_G","Defend_G","Defend_G","Defend_G","Survivor","Neutralize","Dagger Spray+1","PiercingWail","Blur+1","Outmaneuver","Finisher","Flying Knee","Noxious Fumes","Noxious Fumes","Tools of the Trade","Underhanded Strike","Poisoned Stab+1","Sucker Punch","Escape Plan","Finesse+1","Skewer","Footwork+1","Acrobatics+1","Dodge and Roll","Dodge and Roll+1","Backflip","After Image","Deadly Poison+1","Tactician","Escape Plan","Dramatic Entrance","Violence","Apotheosis","Secret Weapon","Violence","Footwork+1","Heel Hook+1","Parasite","Prepared+1","Backflip+1","Backflip+1","Footwork+1"],"relics":["Ring of the Snake","Lantern","Letter Opener","Sozu","Snake Skull","Pear","Runic Pyramid","Bottled Flame","Shuriken","Blood Vial"],"potions_floor_usage":[10,22],"damage_taken":[{"damage":0,"enemies":"Cultist","floor":1,"turns":3},{"damage":0,"enemies":"Small Slimes","floor":3,"turns":3},{"damage":0,"enemies":"2 Louse","floor":7,"turns":2},{"damage":2,"enemies":"Blue Slaver","floor":8,"turns":6},{"damage":32,"enemies":"Lagavulin","floor":10,"turns":15},{"damage":0,"enemies":"3 Louse","floor":11,"turns":2},{"damage":0,"enemies":"2 Fungi Beasts","floor":13,"turns":2},{"damage":0,"enemies":"Exordium Thugs","floor":14,"turns":4},{"damage":4,"enemies":"Hexaghost","floor":16,"turns":10},{"damage":17,"enemies":"2 Thieves","floor":18,"turns":4},{"damage":13,"enemies":"Shell Parasite","floor":19,"turns":5},{"damage":10,"enemies":"3 Cultists","floor":20,"turns":4},{"damage":16,"enemies":"Snecko","floor":22,"turns":5},{"damage":18,"enemies":"Snake Plant","floor":24,"turns":4},{"damage":6,"enemies":"Centurion and Healer","floor":28,"turns":6},{"damage":5,"enemies":"Chosen and Byrds","floor":31,"turns":6},{"damage":19,"enemies":"Automaton","floor":33,"turns":10},{"damage":5,"enemies":"Orb Walker","floor":35,"turns":5},{"damage":0,"enemies":"3 Shapes","floor":39,"turns":3},{"damage":1,"enemies":"Nemesis","floor":41,"turns":9},{"damage":4,"enemies":"Writhing Mass","floor":42,"turns":6},{"damage":7,"enemies":"Jaw Worm Horde","floor":44,"turns":4},{"damage":7,"enemies":"3 Darklings","floor":46,"turns":4},{"damage":0,"enemies":"Sphere and 2 Shapes","floor":48,"turns":3},{"damage":10,"enemies":"Donu and Deca","floor":50,"turns":9}],"seed_played":"-5521601410888430063","potions_obtained":[{"floor":7,"key":"Ancient Potion"},{"floor":10,"key":"Weak Potion"},{"floor":14,"key":"SteroidPotion"}],"is_trial":false,"path_per_floor":["M","?","M","?","?","R","M","M","T","E","M","?","M","M","R","B",null,"M","M","M","$","M","R","M","R","T","R","M","?","R","M","R","B",null,"M","?","$","?","M","R","E","M","T","M","?","M","$","M","R","B",null],"character_chosen":"THE_SILENT","items_purchased":["Escape Plan","Finesse","Skewer","Snake Skull","Tactician","Escape Plan","Dramatic Entrance","Violence","Blood Vial"],"campfire_rested":4,"item_purchase_floors":[21,21,21,21,37,37,37,37,47],"current_hp_per_floor":[77,62,62,62,43,43,43,41,41,9,9,9,9,9,32,28,77,60,47,37,37,21,44,26,49,59,59,53,53,53,48,48,29,87,82,82,82,72,72,72,71,67,67,60,60,53,53,55,81,73],"gold":34,"neow_bonus":"TEN_PERCENT_HP_BONUS","is_prod":false,"is_daily":false,"chose_seed":false,"campfire_upgraded":5,"win_rate":0.0,"timestamp":1562276109,"path_taken":["M","?","M","?","?","R","M","M","T","E","M","?","?","M","R","BOSS","M","M","M","$","M","R","?","R","T","R","M","?","R","M","R","BOSS","M","?","$","?","M","R","E","M","T","M","?","?","$","M","R","BOSS"],"build_version":"2019-07-01","purchased_purges":2,"victory":true,"max_hp_per_floor":[77,77,77,77,77,77,77,77,77,77,77,77,77,77,77,77,77,77,77,77,77,77,77,77,77,87,87,87,87,87,87,87,87,87,87,87,87,87,87,87,87,87,87,87,87,87,87,87,87,87],"card_choices":[{"not_picked":["Blade Dance","Masterful Stab"],"picked":"Dagger Spray","floor":1},{"not_picked":["Prepared","Deflect"],"picked":"PiercingWail","floor":3},{"not_picked":["Sucker Punch","Prepared"],"picked":"Blur","floor":7},{"not_picked":["Slice","Expertise"],"picked":"Outmaneuver","floor":8},{"not_picked":["Outmaneuver","Blade Dance"],"picked":"Finisher","floor":10},{"not_picked":["Dodge and Roll","Masterful Stab"],"picked":"Flying Knee","floor":11},{"not_picked":["A Thousand Cuts","Quick Slash"],"picked":"Noxious Fumes","floor":13},{"not_picked":["Prepared","Underhanded Strike"],"picked":"Noxious Fumes","floor":14},{"not_picked":["Wraith Form v2","Bullet Time"],"picked":"Tools of the Trade","floor":16},{"not_picked":["Dodge and Roll","Slice"],"picked":"Underhanded Strike","floor":18},{"not_picked":["Deadly Poison","Blade Dance+1"],"picked":"Poisoned Stab+1","floor":19},{"not_picked":["Outmaneuver","Deadly Poison"],"picked":"Sucker Punch","floor":20},{"not_picked":["Dodge and Roll+1","Outmaneuver+1"],"picked":"Footwork+1","floor":22},{"not_picked":["Predator","Phantasmal Killer"],"picked":"Acrobatics+1","floor":24},{"not_picked":["Outmaneuver","Bouncing Flask+1"],"picked":"Dodge and Roll","floor":28},{"not_picked":["Deflect","Acrobatics"],"picked":"Backflip","floor":31},{"not_picked":["Die Die Die","Venomology"],"picked":"After Image","floor":33},{"not_picked":["Caltrops+1","Acrobatics+1"],"picked":"Deadly Poison+1","floor":35},{"not_picked":["Madness","Impatience"],"picked":"Apotheosis","floor":38},{"not_picked":["Trip","Forethought"],"picked":"Secret Weapon","floor":38},{"not_picked":["Sadistic Nature","Forethought"],"picked":"Violence","floor":38},{"not_picked":["Escape Plan+1","Acrobatics"],"picked":"Footwork","floor":39},{"not_picked":["Poisoned Stab+1","Dagger Spray"],"picked":"Heel Hook+1","floor":41},{"not_picked":["Heel Hook+1","Reflex+1"],"picked":"Prepared+1","floor":42},{"not_picked":["Sucker Punch+1","Blade Dance"],"picked":"Backflip+1","floor":44},{"not_picked":["Acrobatics","Quick Slash"],"picked":"Backflip+1","floor":46},{"not_picked":["Infinite Blades+1","All Out Attack+1"],"picked":"Footwork+1","floor":48}],"player_experience":7049,"relics_obtained":[{"floor":9,"key":"Lantern"},{"floor":10,"key":"Letter Opener"},{"floor":26,"key":"Pear"},{"floor":41,"key":"Bottled Flame"},{"floor":43,"key":"Shuriken"}],"event_choices":[{"damage_healed":0,"gold_gain":0,"player_choice":"Entered Light","damage_taken":15,"max_hp_gain":0,"max_hp_loss":0,"event_name":"Shining Light","floor":2,"gold_loss":0,"cards_upgraded":["Strike_G","Strike_G"]},{"damage_healed":0,"gold_gain":0,"player_choice":"Ignored","damage_taken":0,"max_hp_gain":0,"max_hp_loss":0,"event_name":"Liars Game","floor":4,"gold_loss":0},{"damage_healed":0,"gold_gain":0,"player_choice":"Take Damage","damage_taken":19,"relics_obtained":["Golden Idol"],"max_hp_gain":0,"max_hp_loss":0,"event_name":"Golden Idol","floor":5,"gold_loss":0},{"cards_removed":["Defend_G"],"damage_healed":0,"gold_gain":0,"player_choice":"Purged","damage_taken":0,"max_hp_gain":0,"max_hp_loss":0,"event_name":"Purifier","floor":12,"gold_loss":0},{"damage_healed":0,"gold_gain":0,"player_choice":"Read","damage_taken":0,"max_hp_gain":0,"max_hp_loss":0,"event_name":"The Library","floor":29,"gold_loss":0,"cards_obtained":["Dodge and Roll"]},{"damage_healed":0,"gold_gain":333,"player_choice":"Gave Idol","damage_taken":0,"max_hp_gain":0,"max_hp_loss":0,"event_name":"The Moai Head","floor":36,"relics_lost":["Golden Idol"],"gold_loss":0},{"damage_healed":0,"gold_gain":0,"player_choice":"Memory 3","damage_taken":10,"max_hp_gain":0,"max_hp_loss":0,"event_name":"SensoryStone","floor":38,"gold_loss":0},{"damage_healed":0,"gold_gain":0,"player_choice":"Ignored","damage_taken":0,"max_hp_gain":0,"max_hp_loss":0,"event_name":"Tomb of Lord Red Mask","floor":45,"gold_loss":0}],"is_beta":false,"boss_relics":[{"not_picked":["Runic Dome","Black Star"],"picked":"Sozu"},{"not_picked":["Cursed Key","Coffee Dripper"],"picked":"Runic Pyramid"}],"items_purged_floors":[37,47],"is_endless":false,"potions_floor_spawned":[7,10,14,18,20,24,35,39,44],"ascension_level":0}