{"path_per_floor":["M","M","?","?","?","R","?","R","T","M","?","M","M","E","R","B",null,"M","M","M","?","?","M","E","?","T","M","T","$","M"],"character_chosen":"THE_SILENT","items_purchased":["Mummified Hand","Caltrops"],"gold_per_floor":[19,35,110,110,110,110,285,285,312,327,277,294,312,338,338,440,440,453,466,483,398,323,334,364,364,389,399,399,4,14],"floor_reached":31,"campfire_rested":0,"playtime":4811,"current_hp_per_floor":[70,70,59,45,70,70,70,70,70,70,70,70,70,66,66,55,70,70,64,55,55,55,51,23,23,23,18,18,18,15],"items_purged":["Strike_G"],"gold":14,"play_id":"0772a10b-b72e-4803-9b87-7ef1e931b23b","is_prod":false,"is_daily":false,"campfire_rituals":0,"campfire_upgraded":3,"is_hardmode":false,"path_taken":["M","M","?","?","?","R","?","R","T","M","?","?","M","E","R","BOSS","M","M","M","?","?","?","E","?","T","M","?","$","M","E"],"build_version":"2018-01-18-PROD4","purchased_purges":1,"victory":false,"master_deck":["Defend_G","Defend_G","Defend_G","Defend_G","Strike_G","Strike_G","Strike_G","Strike_G","Survivor","Neutralize","After Image","Noxious Fumes","Well Laid Plans","Prepared","Prepared","Tools of the Trade","Choke","Underhanded Strike","Masterful Stab","Dagger Spray","Acrobatics","Caltrops","Distraction"],"max_hp_per_floor":[70,70,70,70,70,70,70,70,70,70,70,70,70,70,70,70,70,70,70,70,70,70,70,70,70,70,70,70,70,70],"relics":["Ring of the Snake","Molten Egg","Centennial Puzzle","Eternal Feather","Lantern","Gambling Chip","Orichalcum","Vajra","Dream Catcher","Mummified Hand"],"campfire_meditates":0,"card_choices":[{"not_picked":["Unload","Adrenaline"],"picked":"After Image"},{"not_picked":["Dodge and Roll","Dagger Spray"],"picked":"Blade Dance"},{"not_picked":["Dash","Dagger Spray"],"picked":"Noxious Fumes"},{"not_picked":["Masterful Stab","Deadly Poison"],"picked":"Well Laid Plans"},{"not_picked":["Dagger Spray","Quick Slash"],"picked":"Prepared"},{"not_picked":["Dodge and Roll","Outmaneuver"],"picked":"Prepared"},{"not_picked":["Grand Finale","Glass Knife"],"picked":"Tools of the Trade"},{"not_picked":["Deadly Poison","Outmaneuver"],"picked":"Choke"},{"not_picked":["Cloak And Dagger","Poisoned Stab"],"picked":"Underhanded Strike"},{"not_picked":["Sucker Punch","Outmaneuver"],"picked":"Masterful Stab"},{"not_picked":["Grand Finale","Deadly Poison"],"picked":"Dagger Spray"},{"not_picked":["Prepared","Backflip"],"picked":"Acrobatics"},{"not_picked":["Quick Slash","Cloak And Dagger"],"picked":"Distraction"}],"player_experience":187502,"potions_floor_usage":[14,14,16,20,23,23,30],"damage_taken":[{"damage":0,"enemies":"2 Louse","floor":1,"turns":3},{"damage":0,"enemies":"Cultist","floor":2,"turns":5},{"damage":0,"enemies":"Jaw Worm","floor":10,"turns":8},{"damage":0,"enemies":"Looter","floor":12,"turns":4},{"damage":0,"enemies":"Large Slime","floor":13,"turns":7},{"damage":4,"enemies":"3 Sentries","floor":14,"turns":6},{"damage":26,"enemies":"Slime Boss","floor":16,"turns":11},{"damage":0,"enemies":"Shell Parasite","floor":18,"turns":9},{"damage":6,"enemies":"3 Byrds","floor":19,"turns":5},{"damage":24,"enemies":"Sentry and Sphere","floor":20,"turns":9},{"damage":19,"enemies":"Snecko","floor":23,"turns":6},{"damage":28,"enemies":"Gremlin Leader","floor":24,"turns":9},{"damage":5,"enemies":"Snake Plant","floor":27,"turns":4},{"damage":3,"enemies":"Sentry and Sphere","floor":30,"turns":3},{"damage":20,"enemies":"Slavers","floor":31,"turns":3}],"event_choices":[{"event_name":"World of Goop","player_choice":"Gather Gold","floor":3,"damage_taken":0},{"event_name":"Shining Light","player_choice":"Entered Light","floor":4,"damage_taken":0},{"event_name":"Bonfire Elementals","player_choice":"UNCOMMON","floor":5,"damage_taken":0},{"event_name":"Liars Game","player_choice":"agreed","floor":7,"damage_taken":0},{"event_name":"The Cleric","player_choice":"Card Removal","floor":11,"damage_taken":0},{"event_name":"Addict","player_choice":"Obtained Relic","floor":21,"damage_taken":0},{"event_name":"Beggar","player_choice":"Gave Gold","floor":22,"damage_taken":0},{"event_name":"The Mausoleum","player_choice":"Yes","floor":25,"damage_taken":0}],"boss_relics":[{"not_picked":["Cursed Key","Philosopher\u0027s Stone"],"picked":"Eternal Feather"}],"potions_floor_spawned":[1,2,13,16,19,20,24],"seed_played":"-2721102755448451708","killed_by":"Slavers","is_trial":false}