{"gold_per_floor":[216,226,226,1,12,47,47,47,47,47,59,9,28,63,63,63],"floor_reached":16,"playtime":591,"items_purged":[],"score":110,"play_id":"0aac6141-9d74-4906-86b8-6d0102c35bc3","local_time":"20190618151550","is_ascension_mode":false,"campfire_choices":[{"data":"Bash","floor":8,"key":"SMITH"},{"data":"Fiend Fire","floor":15,"key":"SMITH"}],"neow_cost":"NONE","seed_source_timestamp":486030261532652,"circlet_count":0,"master_deck":["Strike_R","Strike_R","Strike_R","Strike_R","Defend_R","Defend_R","Defend_R","Defend_R","Bash+1","Cleave","Thunderclap","Clothesline","Iron Wave","Shrug It Off","Corruption+1","Fiend Fire+1"],"relics":["Burning Blood","PreservedInsect","Self Forming Clay","Blue Candle","Frozen Egg 2","Bottled Flame"],"potions_floor_usage":[6,13,16,16],"damage_taken":[{"damage":2,"enemies":"Small Slimes","floor":1,"turns":4},{"damage":3,"enemies":"2 Louse","floor":2,"turns":2},{"damage":6,"enemies":"Jaw Worm","floor":5,"turns":3},{"damage":23,"enemies":"Lagavulin","floor":6,"turns":6},{"damage":6,"enemies":"Blue Slaver","floor":11,"turns":3},{"damage":2,"enemies":"Gremlin Gang","floor":13,"turns":2},{"damage":14,"enemies":"Gremlin Nob","floor":14,"turns":3},{"damage":60,"enemies":"Hexaghost","floor":16,"turns":14}],"seed_played":"-6054510555407223620","potions_obtained":[{"floor":1,"key":"Fire Potion"},{"floor":2,"key":"Swift Potion"},{"floor":13,"key":"Swift Potion"},{"floor":14,"key":"Weak Potion"}],"is_trial":false,"path_per_floor":["M","M","?","$","M","E","?","R","T","T","M","$","M","E","R","B"],"character_chosen":"IRONCLAD","items_purchased":["PreservedInsect","Clothesline","Iron Wave","PowerPotion"],"campfire_rested":0,"item_purchase_floors":[4,4,4,12],"current_hp_per_floor":[80,80,80,80,80,63,63,63,63,63,63,63,67,59,59,0],"gold":63,"neow_bonus":"HUNDRED_GOLD","is_prod":false,"is_daily":false,"chose_seed":false,"campfire_upgraded":2,"win_rate":0,"timestamp":1560885350,"path_taken":["M","M","?","$","M","E","?","R","T","?","M","?","?","E","R","BOSS"],"build_version":"2019-01-23","purchased_purges":0,"victory":false,"max_hp_per_floor":[80,80,80,80,80,80,80,80,80,80,80,80,80,80,80,80],"card_choices":[{"not_picked":["Sentinel","Thunderclap"],"picked":"Cleave","floor":1},{"not_picked":["Reckless Charge","Thunderclap","Combust"],"picked":"SKIP","floor":2},{"not_picked":["Flame Barrier","Body Slam"],"picked":"Shrug It Off","floor":5},{"not_picked":["Wild Strike","Second Wind","Infernal Blade"],"picked":"SKIP","floor":6},{"not_picked":["Havoc","Clothesline","Bloodletting"],"picked":"SKIP","floor":11},{"not_picked":["Thunderclap","Dropkick"],"picked":"Corruption+1","floor":13},{"not_picked":["Thunderclap","Cleave"],"picked":"Fiend Fire","floor":14}],"player_experience":3782544,"relics_obtained":[{"floor":6,"key":"Self Forming Clay"},{"floor":9,"key":"Blue Candle"},{"floor":10,"key":"Frozen Egg 2"},{"floor":14,"key":"Bottled Flame"}],"event_choices":[{"damage_healed":0,"gold_gain":0,"cards_transformed":["Strike_R"],"player_choice":"Change","damage_taken":0,"max_hp_gain":0,"max_hp_loss":0,"event_name":"Living Wall","floor":3,"gold_loss":0,"cards_obtained":["Thunderclap"]},{"damage_healed":0,"gold_gain":0,"player_choice":"Leave","damage_taken":0,"max_hp_gain":0,"max_hp_loss":0,"event_name":"The Cleric","floor":7,"gold_loss":0}],"is_beta":false,"boss_relics":[],"items_purged_floors":[],"is_endless":false,"potions_floor_spawned":[1,2,13,14],"killed_by":"Hexaghost","ascension_level":0}