{"gold_per_floor":[114,114,11,26,26,26,54,70,70,70,70,70,70,80,80,158,158,178,178,105,120,140,140,169,169,251,251,132,132,152,162,162,235,235,253,269,45,62,62],"floor_reached":39,"playtime":1940,"items_purged":["Strike_R"],"score":798,"play_id":"4b3acf1c-02ae-4d70-a0ce-11b81f803723","local_time":"20190424200458","is_ascension_mode":true,"campfire_choices":[{"data":"Metallicize","floor":6,"key":"SMITH"},{"floor":10,"key":"REST"},{"data":"Whirlwind","floor":13,"key":"SMITH"},{"data":"Iron Wave","floor":15,"key":"SMITH"},{"data":"Body Slam","floor":23,"key":"SMITH"},{"data":"1","floor":25,"key":"LIFT"},{"data":"2","floor":29,"key":"LIFT"},{"data":"Entrench","floor":32,"key":"SMITH"}],"neow_cost":"NONE","seed_source_timestamp":1297595577009376,"circlet_count":0,"master_deck":["AscendersBane","Strike_R+1","Strike_R+1","Strike_R+1","Strike_R+1","Defend_R+1","Defend_R+1","Defend_R+1","Defend_R+1","Bash+1","Anger","Anger","Metallicize+1","Whirlwind+1","Iron Wave+1","Double Tap","Shrug It Off","Spot Weakness","Body Slam+1","Fire Breathing+1","Entrench+1","Limit Break","Shrug It Off+1","Offering","Shockwave","Heavy Blade","Entrench","Flame Barrier","Pummel"],"relics":["Burning Blood","Oddly Smooth Stone","Pear","War Paint","Kunai","Sozu","Incense Burner","Girya","Frozen Egg 2","Orrery","Chemical X"],"potions_floor_usage":[16],"damage_taken":[{"damage":12,"enemies":"Jaw Worm","floor":1,"turns":5},{"damage":0,"enemies":"2 Louse","floor":4,"turns":3},{"damage":28,"enemies":"Gremlin Nob","floor":7,"turns":4},{"damage":2,"enemies":"Cultist","floor":8,"turns":3},{"damage":0,"enemies":"2 Fungi Beasts","floor":14,"turns":2},{"damage":37,"enemies":"The Guardian","floor":16,"turns":11},{"damage":3,"enemies":"3 Byrds","floor":18,"turns":4},{"damage":5,"enemies":"2 Thieves","floor":21,"turns":4},{"damage":16,"enemies":"Sentry and Sphere","floor":22,"turns":7},{"damage":29,"enemies":"Gremlin Leader","floor":24,"turns":4},{"damage":2,"enemies":"3 Cultists","floor":30,"turns":5},{"damage":30,"enemies":"Snake Plant","floor":31,"turns":3},{"damage":22,"enemies":"Collector","floor":33,"turns":8},{"damage":15,"enemies":"3 Shapes","floor":35,"turns":8},{"damage":23,"enemies":"3 Darklings","floor":36,"turns":3},{"damage":15,"enemies":"Spire Growth","floor":38,"turns":5},{"damage":61,"enemies":"Maw","floor":39,"turns":8}],"seed_played":"4458081434782788635","potions_obtained":[{"floor":8,"key":"LiquidBronze"},{"floor":16,"key":"Dexterity Potion"}],"is_trial":false,"path_per_floor":["M","?","$","M","?","R","E","M","T","R","?","$","R","M","R","B",null,"M","?","?","M","M","R","E","R","T","?","$","R","M","M","R","B",null,"M","M","$","M","M"],"character_chosen":"IRONCLAD","items_purchased":["Anger","Fire Breathing+1","Entrench","Chemical X"],"campfire_rested":1,"item_purchase_floors":[3,28,28,37],"current_hp_per_floor":[62,46,46,52,52,52,30,34,34,59,64,64,64,70,70,39,77,80,80,80,81,71,71,48,48,48,90,90,90,90,66,66,50,80,71,54,54,45,0],"gold":62,"neow_bonus":"RANDOM_COMMON_RELIC","is_prod":false,"is_daily":false,"chose_seed":false,"campfire_upgraded":5,"win_rate":0,"timestamp":1556150698,"path_taken":["M","?","$","M","?","R","E","?","T","R","?","$","R","M","R","BOSS","M","?","?","M","?","R","E","R","T","?","$","R","M","M","R","BOSS","M","?","$","?","?"],"build_version":"2019-01-23","purchased_purges":1,"victory":false,"max_hp_per_floor":[75,85,85,85,85,85,85,85,85,85,90,90,90,90,90,90,90,90,90,90,90,90,90,90,90,90,90,90,90,90,90,90,90,90,90,90,90,90,90],"card_choices":[{"not_picked":["True Grit","Sever Soul"],"picked":"Anger","floor":1},{"not_picked":["Sword Boomerang","Heavy Blade"],"picked":"Metallicize","floor":4},{"not_picked":["Thunderclap","Clothesline"],"picked":"Whirlwind","floor":7},{"not_picked":["Sword Boomerang","Havoc"],"picked":"Iron Wave","floor":8},{"not_picked":["Thunderclap","Warcry","Flex"],"picked":"SKIP","floor":14},{"not_picked":["Dark Embrace","Exhume"],"picked":"Double Tap","floor":16},{"not_picked":["Combust+1","Pommel Strike"],"picked":"Shrug It Off","floor":18},{"not_picked":["Clothesline","Thunderclap"],"picked":"Spot Weakness","floor":21},{"not_picked":["Heavy Blade","Sword Boomerang"],"picked":"Body Slam","floor":22},{"not_picked":["Whirlwind","Sentinel"],"picked":"Corruption","floor":24},{"not_picked":["Havoc","Pommel Strike","Warcry"],"picked":"SKIP","floor":30},{"not_picked":["Combust+1","Cleave","Pommel Strike"],"picked":"SKIP","floor":31},{"not_picked":["Impervious","Immolate"],"picked":"Limit Break","floor":33},{"not_picked":["Cleave","Flex"],"picked":"Shrug It Off+1","floor":34},{"not_picked":["Thunderclap","Sword Boomerang"],"picked":"Offering","floor":34},{"not_picked":["Bloodletting","Wild Strike"],"picked":"Shockwave","floor":34},{"not_picked":["Power Through","Reckless Charge"],"picked":"Heavy Blade","floor":34},{"not_picked":["Warcry","Dropkick"],"picked":"Entrench","floor":34},{"not_picked":["True Grit","Anger"],"picked":"Flame Barrier","floor":35},{"not_picked":["Thunderclap+1","Headbutt","Body Slam"],"picked":"SKIP","floor":36},{"not_picked":["Warcry","Wild Strike"],"picked":"Pummel","floor":38}],"player_experience":3493476,"relics_obtained":[{"floor":7,"key":"War Paint"},{"floor":9,"key":"Kunai"},{"floor":24,"key":"Girya"},{"floor":26,"key":"Frozen Egg 2"}],"event_choices":[{"damage_healed":0,"gold_gain":0,"player_choice":"Success","damage_taken":26,"relics_obtained":["Pear"],"max_hp_gain":0,"max_hp_loss":0,"event_name":"Scrap Ooze","floor":2,"gold_loss":0},{"damage_healed":0,"gold_gain":0,"player_choice":"Forge","damage_taken":0,"max_hp_gain":0,"max_hp_loss":0,"event_name":"Accursed Blacksmith","floor":5,"gold_loss":0,"cards_upgraded":["Bash"]},{"damage_healed":0,"gold_gain":0,"player_choice":"Donut","damage_taken":0,"max_hp_gain":5,"max_hp_loss":0,"event_name":"Big Fish","floor":11,"gold_loss":0},{"damage_healed":0,"gold_gain":0,"player_choice":"Simplicity","damage_taken":0,"max_hp_gain":0,"max_hp_loss":0,"event_name":"Back to Basics","floor":19,"gold_loss":0,"cards_upgraded":["Strike_R","Strike_R","Strike_R","Strike_R","Defend_R","Defend_R"]},{"damage_healed":0,"gold_gain":0,"player_choice":"Paid Gold","damage_taken":0,"relics_obtained":["Incense Burner"],"max_hp_gain":0,"max_hp_loss":0,"event_name":"WeMeetAgain","floor":20,"gold_loss":73},{"cards_removed":["Corruption"],"damage_healed":42,"gold_gain":0,"player_choice":"Offered Uncommon","damage_taken":0,"max_hp_gain":0,"max_hp_loss":0,"event_name":"Bonfire Elementals","floor":27,"gold_loss":0}],"is_beta":false,"boss_relics":[{"not_picked":["Black Blood","Runic Pyramid"],"picked":"Sozu"},{"not_picked":["Runic Dome","Philosopher\u0027s Stone"],"picked":"Orrery"}],"items_purged_floors":[3],"is_endless":false,"potions_floor_spawned":[8,16,30,31],"killed_by":"Maw","ascension_level":20}