{"path_per_floor":["M","M","M","M","?","E","$","E","T","M","M","M","R","M","R","B",null,"M","M","M","M","M","E","R"],"character_chosen":"THE_SILENT","items_purchased":["Apotheosis"],"gold_per_floor":[144,157,177,194,194,227,46,77,124,142,154,169,169,184,184,288,288,273,284,298,317,333,368,368,368],"floor_reached":25,"campfire_rested":2,"playtime":1668,"item_purchase_floors":[7],"current_hp_per_floor":[75,75,75,66,75,70,70,47,47,47,36,33,57,57,57,49,80,61,56,46,44,22,7,31,0],"items_purged":[],"gold":368,"score":241,"play_id":"013585c3-4ddf-4010-993f-aa4caeaa60b4","local_time":"20180602170314","is_prod":false,"is_daily":false,"chose_seed":false,"is_ascension_mode":false,"campfire_upgraded":1,"win_rate":0,"timestamp":1527973394,"campfire_choices":[{"floor":13,"key":"REST"},{"data":"Apotheosis","floor":15,"key":"SMITH"},{"floor":24,"key":"REST"}],"path_taken":["M","M","M","M","?","E","$","E","T","M","M","M","R","M","R","BOSS","M","M","M","M","M","E","R","E"],"build_version":"2018-05-31","seed_source_timestamp":415772071736673,"purchased_purges":0,"victory":false,"master_deck":["Defend_G","Defend_G","Defend_G","Defend_G","Defend_G","Strike_G","Strike_G","Strike_G","Strike_G","Strike_G","Survivor","Neutralize+1","Slice","Terror","Quick Slash","Dagger Throw","Cloak And Dagger","Apotheosis+1","Blur","PiercingWail","Dash","Footwork","Dagger Spray","Adrenaline","Backflip","Malaise","Backflip","Backstab","Backstab+1","Escape Plan","Predator+1","Backflip+1"],"max_hp_per_floor":[75,75,75,75,75,75,75,75,75,75,80,80,80,80,80,80,80,80,80,80,80,80,80,80,80],"relics":["Tiny House","Dream Catcher","Mercury Hourglass","Ancient Tea Set","Orrery","Anchor"],"card_choices":[{"not_picked":["Flechettes","Finisher"],"picked":"Slice","floor":0},{"not_picked":["Slice","Blade Dance"],"picked":"Terror","floor":1},{"not_picked":["Calculated Gamble","Underhanded Strike"],"picked":"Quick Slash","floor":2},{"not_picked":["Bane","Sucker Punch"],"picked":"Dagger Throw","floor":3},{"not_picked":["Doppelganger","Choke"],"picked":"Cloak And Dagger","floor":4},{"not_picked":["Acrobatics","Crippling Poison","Deflect"],"picked":"SKIP","floor":6},{"not_picked":["Eviscerate","Grand Finale","Night Terror"],"picked":"SKIP","floor":8},{"not_picked":["Prepared","Dagger Throw"],"picked":"Blur","floor":10},{"not_picked":["Well Laid Plans","Dagger Throw"],"picked":"PiercingWail","floor":11},{"not_picked":["Slice","Concentrate"],"picked":"Dash","floor":12},{"not_picked":["Backflip","Blade Dance"],"picked":"Footwork","floor":13},{"not_picked":["Flechettes","Predator"],"picked":"Dagger Spray","floor":14},{"not_picked":["Envenom","A Thousand Cuts"],"picked":"Adrenaline","floor":16},{"not_picked":["Bane","Setup"],"picked":"Backflip","floor":17},{"not_picked":["Distraction","Skewer"],"picked":"Malaise","floor":17},{"not_picked":["Prepared","Finisher"],"picked":"Backflip","floor":17},{"not_picked":["Setup","Dodge and Roll"],"picked":"Backstab","floor":17},{"not_picked":["Bane+1","Dodge and Roll","Eviscerate+1"],"picked":"SKIP","floor":18},{"not_picked":["Poisoned Stab+1","Wraith Form v2"],"picked":"Backstab+1","floor":19},{"not_picked":["Choke","Poisoned Stab","Acrobatics"],"picked":"SKIP","floor":20},{"not_picked":["Flying Knee","Choke"],"picked":"Escape Plan","floor":21},{"not_picked":["Bouncing Flask","Accuracy"],"picked":"Predator+1","floor":22},{"not_picked":["Blur","Prepared+1"],"picked":"Backflip+1","floor":23}],"player_experience":1225747,"potions_floor_usage":[1,6,6,8,8,11,16,16,22,23],"damage_taken":[{"damage":0,"enemies":"Cultist","floor":1,"turns":4},{"damage":0,"enemies":"Small Slimes","floor":2,"turns":3},{"damage":0,"enemies":"2 Louse","floor":3,"turns":2},{"damage":9,"enemies":"Red Slaver","floor":4,"turns":2},{"damage":5,"enemies":"Gremlin Nob","floor":6,"turns":4},{"damage":23,"enemies":"Lagavulin","floor":8,"turns":5},{"damage":0,"enemies":"Blue Slaver","floor":10,"turns":3},{"damage":16,"enemies":"Exordium Thugs","floor":11,"turns":3},{"damage":3,"enemies":"Exordium Wildlife","floor":12,"turns":3},{"damage":0,"enemies":"3 Louse","floor":14,"turns":2},{"damage":8,"enemies":"Slime Boss","floor":16,"turns":10},{"damage":19,"enemies":"2 Thieves","floor":18,"turns":4},{"damage":5,"enemies":"3 Byrds","floor":19,"turns":5},{"damage":10,"enemies":"Centurion and Healer","floor":20,"turns":6},{"damage":2,"enemies":"Snake Plant","floor":21,"turns":5},{"damage":22,"enemies":"Cultist and Chosen","floor":22,"turns":7},{"damage":15,"enemies":"Book of Stabbing","floor":23,"turns":7},{"damage":42,"enemies":"Gremlin Leader","floor":25,"turns":6}],"relics_obtained":[{"floor":6,"key":"Dream Catcher"},{"floor":8,"key":"Mercury Hourglass"},{"floor":9,"key":"Ancient Tea Set"},{"floor":23,"key":"Anchor"}],"event_choices":[{"event_name":"Wheel of Change","player_choice":"Full Heal","floor":5,"damage_taken":0}],"boss_relics":[{"not_picked":["Calling Bell","Astrolabe"],"picked":"Orrery"}],"items_purged_floors":[],"potions_floor_spawned":[2,6,10,11,12,14,21],"seed_played":"277222581188910486","killed_by":"Gremlin Leader","ascension_level":0,"potions_obtained":[{"floor":0,"key":"EntropicBrew"},{"floor":2,"key":"PowerPotion"},{"floor":6,"key":"Swift Potion"},{"floor":10,"key":"Fruit Juice"},{"floor":11,"key":"Dexterity Potion"},{"floor":12,"key":"Swift Potion"},{"floor":14,"key":"PowerPotion"},{"floor":21,"key":"Explosive Potion"}],"is_trial":false}