{"path_per_floor":["M","?","M","M","M","R","E","$","T","R","?","M","M","M","R","B",null,"M","?","?","$","M","R","E","M","T","M","M","M","R","$","R","B",null,"M","?","T","$","?","R","M","R","T","R","M","M","M","M","R"],"character_chosen":"THE_SILENT","items_purchased":["Footwork","Noxious Fumes","Cauldron","Noxious Fumes","Ancient Tea Set"],"gold_per_floor":[118,118,129,143,156,156,184,73,126,126,126,140,154,169,169,273,273,291,291,216,41,61,61,87,98,171,187,197,213,213,3,3,98,98,115,115,160,37,90,90,108,108,108,108,126,137,154,173,173],"floor_reached":50,"campfire_rested":5,"playtime":7670,"current_hp_per_floor":[61,61,57,57,43,43,48,48,48,48,41,26,23,23,23,10,50,49,49,49,49,49,63,37,37,37,19,34,6,29,29,52,46,69,66,66,66,66,42,42,29,29,29,52,45,30,30,10,33],"items_purged":["Strike_G","Strike_G"],"gold":173,"play_id":"86eec3de-9d5e-4b37-a28c-78e946bb9454","is_prod":false,"is_daily":false,"is_ascension_mode":true,"campfire_upgraded":3,"path_taken":["M","?","M","M","M","R","E","$","T","R","?","M","M","?","R","BOSS","M","?","?","$","M","R","E","M","T","M","M","M","R","$","R","BOSS","M","?","?","$","?","R","M","R","T","R","M","M","M","?","R","BOSS"],"build_version":"2018-02-01-PROD3","purchased_purges":2,"victory":false,"master_deck":["Defend_G","Defend_G","Defend_G","Survivor","Neutralize+1","A Thousand Cuts+1","Adrenaline","Choke+1","Acrobatics","Footwork+1","Backflip","After Image","Noxious Fumes","Bouncing Flask","Calculated Gamble+1","Bane+1","Noxious Fumes","Outmaneuver+1","Acrobatics+1","Footwork+1","All Out Attack+1","Bane+1","Blur+1","Catalyst+1","Distraction+1","Escape Plan+1","Dash","Backflip+1"],"max_hp_per_floor":[63,63,63,63,63,63,63,63,63,63,63,63,63,63,63,63,63,63,63,63,63,63,63,77,77,77,77,77,77,77,77,77,77,77,77,77,77,77,77,77,77,77,77,77,77,77,77,77,77],"relics":["Ring of the Snake","Dream Catcher","Omamori","Velvet Choker","Letter Opener","Mango","The Courier","Cauldron","Astrolabe","Prayer Wheel","Ancient Tea Set","Shovel","Whetstone","Snake Skull","Calipers"],"card_choices":[{"not_picked":["Bullet Time","Die Die Die"],"picked":"A Thousand Cuts"},{"not_picked":["Slice","Outmaneuver"],"picked":"Quick Slash"},{"not_picked":["Deadly Poison","Distraction"],"picked":"Adrenaline"},{"not_picked":["Distraction","Sucker Punch"],"picked":"Choke"},{"not_picked":["Setup","Deadly Poison"],"picked":"Acrobatics"},{"not_picked":["Dagger Spray","All Out Attack"],"picked":"Backflip"},{"not_picked":["Tools of the Trade","Wraith Form"],"picked":"After Image"},{"not_picked":["A Thousand Cuts","Accuracy"],"picked":"Bouncing Flask"},{"not_picked":["Dagger Spray","Infinite Blades"],"picked":"Calculated Gamble"},{"not_picked":["Dodge and Roll","Acrobatics"],"picked":"Bane"},{"not_picked":["Flechettes","Eviscerate"],"picked":"Outmaneuver"},{"not_picked":["Deadly Poison","PiercingWail"],"picked":"Bane"},{"not_picked":["Acrobatics","Dagger Throw"],"picked":"Blur"},{"not_picked":["Infinite Blades","Masterful Stab"],"picked":"Catalyst"},{"not_picked":["Sucker Punch","Night Terror"],"picked":"Distraction"},{"not_picked":["Flechettes","Sucker Punch"],"picked":"Escape Plan"},{"not_picked":["Calculated Gamble","Deadly Poison"],"picked":"Dash"},{"not_picked":["Outmaneuver","Acrobatics"],"picked":"Backflip"}],"player_experience":518892,"potions_floor_usage":[7,7,7,16,24,27,28,33,33,39,41,48,48,50],"damage_taken":[{"damage":2,"enemies":"Cultist","floor":1,"turns":5},{"damage":4,"enemies":"Small Slimes","floor":3,"turns":4},{"damage":0,"enemies":"Blue Slaver","floor":4,"turns":4},{"damage":14,"enemies":"2 Fungi Beasts","floor":5,"turns":3},{"damage":10,"enemies":"Lagavulin","floor":7,"turns":5},{"damage":15,"enemies":"Gremlin Gang","floor":12,"turns":4},{"damage":3,"enemies":"Looter","floor":13,"turns":4},{"damage":0,"enemies":"Large Slime","floor":14,"turns":5},{"damage":13,"enemies":"Slime Boss","floor":16,"turns":12},{"damage":1,"enemies":"3 Byrds","floor":18,"turns":5},{"damage":0,"enemies":"Spheric Guardian","floor":22,"turns":6},{"damage":40,"enemies":"Slavers","floor":24,"turns":5},{"damage":0,"enemies":"Centurion and Healer","floor":25,"turns":8},{"damage":18,"enemies":"Slaver and Parasite","floor":27,"turns":6},{"damage":0,"enemies":"Snecko","floor":28,"turns":5},{"damage":28,"enemies":"Snake Plant","floor":29,"turns":5},{"damage":21,"enemies":"Automaton","floor":33,"turns":9},{"damage":3,"enemies":"Orb Walker","floor":35,"turns":5},{"damage":24,"enemies":"Mysterious Sphere","floor":39,"turns":6},{"damage":13,"enemies":"3 Darklings","floor":41,"turns":5},{"damage":7,"enemies":"4 Shapes","floor":45,"turns":4},{"damage":15,"enemies":"Sphere and 2 Shapes","floor":46,"turns":5},{"damage":0,"enemies":"Maw","floor":47,"turns":6},{"damage":20,"enemies":"3 Darklings","floor":48,"turns":4},{"damage":42,"enemies":"Time Eater","floor":50,"turns":6}],"event_choices":[{"event_name":"Transmorgrifier","player_choice":"Transform","floor":2,"damage_taken":0},{"event_name":"Golden Wing","player_choice":"Card Removal","floor":11,"damage_taken":0},{"event_name":"The Mausoleum","player_choice":"Yes","floor":19,"damage_taken":0},{"event_name":"Beggar","player_choice":"Gave Gold","floor":20,"damage_taken":0},{"event_name":"Mysterious Sphere","player_choice":"Fight","floor":39,"damage_taken":0}],"boss_relics":[{"not_picked":["The Specimen","Eternal Feather"],"picked":"Velvet Choker"},{"not_picked":["Snecko Eye","Pandora\u0027s Box"],"picked":"Astrolabe"}],"potions_floor_spawned":[3,4,5,14,18,24,27,39,46,47,48],"seed_played":"3497729470192125810","killed_by":"Time Eater","ascension_level":6,"is_trial":false}