{"gold_per_floor":[116,127,143,156,156,156,156,177,177,177,198,198,236,250,250,378,378,391,110,110,125,224,265,265,286,286,286,286,302,302,92,92,92],"floor_reached":33,"playtime":2482,"items_purged":["Strike_G"],"score":333,"play_id":"e0dc7948-ce79-4d74-8f34-c98b8c995d11","local_time":"20190705220051","is_ascension_mode":true,"campfire_choices":[{"data":"Neutralize","floor":6,"key":"SMITH"},{"data":"Outmaneuver","floor":12,"key":"SMITH"},{"data":"Noxious Fumes","floor":15,"key":"SMITH"},{"data":"Corpse Explosion","floor":24,"key":"SMITH"},{"floor":27,"key":"REST"},{"data":"Footwork","floor":30,"key":"SMITH"},{"data":"Mayhem","floor":32,"key":"SMITH"}],"neow_cost":"NONE","seed_source_timestamp":50057156010930,"circlet_count":0,"master_deck":["Strike_G","Defend_G","Defend_G","Defend_G","Defend_G","Defend_G","Survivor","Neutralize+1","Outmaneuver+1","Quick Slash+1","Catalyst","Deadly Poison","Reflex","Noxious Fumes+1","Dash","Corpse Explosion+1","Dodge and Roll+1","Predator+1","Caltrops+1","PiercingWail+1","Footwork+1","Escape Plan","Dramatic Entrance","Leg Sweep","PiercingWail","Calculated Gamble+1","Backflip","Dodge and Roll","Mayhem+1"],"relics":["Philosopher\u0027s Stone","Bloody Idol","Ninja Scroll","Question Card","Astrolabe","MutagenicStrength","Dodecahedron","Regal Pillow"],"potions_floor_usage":[16,16,23,33],"damage_taken":[{"damage":0,"enemies":"2 Louse","floor":1,"turns":3},{"damage":0,"enemies":"Small Slimes","floor":2,"turns":4},{"damage":0,"enemies":"Cultist","floor":3,"turns":3},{"damage":1,"enemies":"Red Slaver","floor":4,"turns":5},{"damage":5,"enemies":"2 Fungi Beasts","floor":8,"turns":3},{"damage":0,"enemies":"Looter","floor":11,"turns":3},{"damage":5,"enemies":"Gremlin Nob","floor":13,"turns":3},{"damage":0,"enemies":"Exordium Thugs","floor":14,"turns":4},{"damage":0,"enemies":"Slime Boss","floor":16,"turns":7},{"damage":13,"enemies":"Spheric Guardian","floor":18,"turns":4},{"damage":0,"enemies":"3 Byrds","floor":21,"turns":4},{"damage":14,"enemies":"Slavers","floor":23,"turns":6},{"damage":30,"enemies":"Cultist and Chosen","floor":25,"turns":6},{"damage":4,"enemies":"Shelled Parasite and Fungi","floor":29,"turns":5},{"damage":66,"enemies":"Collector","floor":33,"turns":5}],"seed_played":"-4625827872780136129","potions_obtained":[{"floor":1,"key":"SpeedPotion"},{"floor":2,"key":"FearPotion"},{"floor":4,"key":"GamblersBrew"},{"floor":13,"key":"SteroidPotion"},{"floor":14,"key":"Fire Potion"},{"floor":23,"key":"Poison Potion"}],"is_trial":false,"path_per_floor":["M","M","M","M","?","R","?","M","T","?","M","R","E","M","R","B",null,"M","$","?","M","?","E","R","M","T","R","?","M","R","$","R","B"],"character_chosen":"THE_SILENT","items_purchased":["Footwork","Escape Plan","Dramatic Entrance","Dodge and Roll","Mayhem"],"campfire_rested":1,"item_purchase_floors":[19,19,19,31,31],"current_hp_per_floor":[70,70,70,69,52,52,52,47,47,52,52,52,47,47,47,47,70,57,57,57,57,57,43,43,13,13,49,49,50,50,50,50,0],"gold":92,"neow_bonus":"BOSS_RELIC","is_prod":false,"is_daily":false,"chose_seed":false,"campfire_upgraded":6,"win_rate":1,"timestamp":1562356851,"path_taken":["M","M","M","M","?","R","?","M","T","?","?","R","E","M","R","BOSS","M","$","?","M","?","E","R","M","T","R","?","M","R","$","R","BOSS"],"build_version":"2019-07-01","purchased_purges":1,"victory":false,"max_hp_per_floor":[70,70,70,70,70,70,70,70,70,70,70,70,70,70,70,70,70,70,70,70,70,70,70,70,70,70,70,70,70,70,70,70,70],"card_choices":[{"not_picked":["Bouncing Flask","Heel Hook"],"picked":"Outmaneuver","floor":1},{"not_picked":["Bane","Eviscerate"],"picked":"Quick Slash","floor":2},{"not_picked":["Terror","Endless Agony"],"picked":"Catalyst","floor":3},{"not_picked":["Dagger Spray","Choke"],"picked":"Sucker Punch","floor":4},{"not_picked":["Skewer","Heel Hook"],"picked":"Deadly Poison","floor":8},{"not_picked":["Dagger Throw","Choke"],"picked":"Reflex","floor":11},{"not_picked":["Deflect","Well Laid Plans"],"picked":"Noxious Fumes","floor":13},{"not_picked":["Acrobatics","Bane","Poisoned Stab"],"picked":"Dash","floor":14},{"not_picked":["Malaise","Tools of the Trade","Envenom"],"picked":"Corpse Explosion","floor":16},{"not_picked":["Quick Slash","Heel Hook","Deflect+1"],"picked":"PiercingWail+1","floor":18},{"not_picked":["Outmaneuver","Flying Knee+1","Acrobatics"],"picked":"Leg Sweep","floor":21},{"not_picked":["Eviscerate+1","Dagger Spray","Deflect+1"],"picked":"PiercingWail","floor":23},{"not_picked":["Bane","Riddle With Holes","Dagger Spray"],"picked":"Calculated Gamble+1","floor":25},{"not_picked":["Dagger Spray","Flying Knee+1","Blur"],"picked":"Backflip","floor":29}],"player_experience":22652,"relics_obtained":[{"floor":9,"key":"Ninja Scroll"},{"floor":13,"key":"Question Card"},{"floor":23,"key":"Dodecahedron"},{"floor":26,"key":"Regal Pillow"}],"event_choices":[{"damage_healed":0,"gold_gain":0,"player_choice":"Take Damage","damage_taken":17,"relics_obtained":["Golden Idol"],"max_hp_gain":0,"max_hp_loss":0,"event_name":"Golden Idol","floor":5,"gold_loss":0},{"damage_healed":0,"gold_gain":0,"player_choice":"Grow","damage_taken":0,"max_hp_gain":0,"max_hp_loss":0,"event_name":"Living Wall","floor":7,"gold_loss":0,"cards_upgraded":["Quick Slash"]},{"cards_removed":["Sucker Punch"],"damage_healed":5,"gold_gain":0,"player_choice":"Offered Common","damage_taken":0,"max_hp_gain":0,"max_hp_loss":0,"event_name":"Bonfire Elementals","floor":10,"gold_loss":0},{"cards_removed":["Sucker Punch"],"damage_healed":5,"gold_gain":0,"player_choice":"Offered Special","damage_taken":0,"max_hp_gain":0,"max_hp_loss":0,"event_name":"Bonfire Elementals","floor":10,"gold_loss":0},{"damage_healed":0,"gold_gain":0,"player_choice":"Inject Mutagens","damage_taken":0,"relics_obtained":["MutagenicStrength"],"max_hp_gain":0,"max_hp_loss":0,"event_name":"Drug Dealer","floor":20,"gold_loss":0},{"damage_healed":0,"gold_gain":99,"player_choice":"Stole From Cult","damage_taken":0,"max_hp_gain":0,"max_hp_loss":0,"event_name":"Nest","floor":22,"gold_loss":0},{"damage_healed":0,"gold_gain":0,"player_choice":"Gave Idol","damage_taken":0,"relics_obtained":["Bloody Idol"],"max_hp_gain":0,"max_hp_loss":0,"event_name":"Forgotten Altar","floor":28,"relics_lost":["Golden Idol"],"gold_loss":0}],"is_beta":false,"boss_relics":[{"not_picked":["Runic Dome","Eternal Feather"],"picked":"Astrolabe"}],"items_purged_floors":[19],"is_endless":false,"potions_floor_spawned":[1,2,4,13,14,23],"killed_by":"Collector","ascension_level":1}