{"gold_per_floor":[112,112,123,139,154,165,192,192,192,210,235,235,23,39,39,143,143,68,68,68,17,32,32],"floor_reached":23,"playtime":2652,"items_purged":[],"score":191,"play_id":"12619f49-4088-41e4-b1b6-76c59308aaf7","local_time":"20190721112539","is_ascension_mode":false,"campfire_choices":[{"data":"Backflip","floor":8,"key":"SMITH"},{"data":"Corpse Explosion","floor":12,"key":"SMITH"},{"data":"Bouncing Flask","floor":15,"key":"SMITH"}],"neow_cost":"NONE","seed_source_timestamp":862603754911507,"circlet_count":0,"master_deck":["Strike_G+1","Strike_G+1","Strike_G+1","Strike_G+1","Strike_G+1","Defend_G+1","Defend_G+1","Defend_G+1","Defend_G+1","Survivor","Neutralize","PiercingWail","Dodge and Roll","Backflip+1","Blur","Corpse Explosion+1","Leg Sweep","Bane","Outmaneuver","Skewer","Blur","Bouncing Flask+1","Venomology","Bouncing Flask","Shame","PiercingWail"],"relics":["Ring of the Snake","Potion Belt","Odd Mushroom","Mango","Dodecahedron","Eternal Feather","Prayer Wheel"],"potions_floor_usage":[6,16,18,18,22,23,23,23],"damage_taken":[{"damage":0,"enemies":"Small Slimes","floor":1,"turns":4},{"damage":1,"enemies":"Jaw Worm","floor":3,"turns":5},{"damage":1,"enemies":"2 Louse","floor":4,"turns":3},{"damage":2,"enemies":"Exordium Wildlife","floor":5,"turns":5},{"damage":7,"enemies":"Exordium Thugs","floor":6,"turns":6},{"damage":1,"enemies":"The Mushroom Lair","floor":7,"turns":2},{"damage":4,"enemies":"2 Fungi Beasts","floor":10,"turns":3},{"damage":5,"enemies":"3 Sentries","floor":11,"turns":4},{"damage":0,"enemies":"Red Slaver","floor":14,"turns":4},{"damage":15,"enemies":"Hexaghost","floor":16,"turns":9},{"damage":9,"enemies":"2 Thieves","floor":18,"turns":5},{"damage":12,"enemies":"Shell Parasite","floor":22,"turns":5},{"damage":87,"enemies":"Gremlin Leader","floor":23,"turns":11}],"seed_played":"-9061679098891701300","potions_obtained":[{"floor":3,"key":"Block Potion"},{"floor":10,"key":"FairyPotion"},{"floor":16,"key":"Weak Potion"},{"floor":22,"key":"SpeedPotion"}],"is_trial":false,"path_per_floor":["M","?","M","M","M","M","?","R","T","M","E","R","$","M","R","B",null,"M","?","?","$","M","E"],"character_chosen":"THE_SILENT","items_purchased":["Skewer","Blur","Poison Potion","Explosive Potion"],"campfire_rested":0,"item_purchase_floors":[13,13,13,21],"current_hp_per_floor":[70,63,62,61,59,52,51,51,65,61,56,56,56,56,56,41,84,75,75,75,75,63,0],"gold":32,"neow_bonus":"RANDOM_COMMON_RELIC","is_prod":false,"is_daily":false,"chose_seed":false,"campfire_upgraded":3,"win_rate":0.0,"timestamp":1563726339,"path_taken":["M","?","M","M","M","M","?","R","T","M","E","R","$","M","R","BOSS","M","?","?","?","M","E"],"build_version":"2019-07-17","purchased_purges":0,"victory":false,"max_hp_per_floor":[70,70,70,70,70,70,70,70,84,84,84,84,84,84,84,84,84,84,84,84,84,84,84],"card_choices":[{"not_picked":["Blade Dance","Masterful Stab"],"picked":"PiercingWail","floor":1},{"not_picked":["Acrobatics","Dagger Spray"],"picked":"Dodge and Roll","floor":3},{"not_picked":["Catalyst","Flying Knee"],"picked":"Backflip","floor":4},{"not_picked":["Dodge and Roll","Predator"],"picked":"Blur","floor":5},{"not_picked":["PiercingWail","Underhanded Strike"],"picked":"Corpse Explosion","floor":6},{"not_picked":["Outmaneuver","Acrobatics"],"picked":"Leg Sweep","floor":7},{"not_picked":["Dagger Throw","PiercingWail"],"picked":"Bane","floor":10},{"not_picked":["Underhanded Strike","Expertise"],"picked":"Outmaneuver","floor":11},{"not_picked":["Accuracy","Sucker Punch"],"picked":"Bouncing Flask","floor":14},{"not_picked":["Corpse Explosion","Burst"],"picked":"Venomology","floor":16},{"not_picked":["Quick Slash+1","Reflex"],"picked":"Bouncing Flask","floor":18},{"not_picked":["Underhanded Strike","Accuracy"],"picked":"PiercingWail","floor":22},{"not_picked":["Sucker Punch","All Out Attack","Masterful Stab"],"picked":"SKIP","floor":22}],"player_experience":47235,"relics_obtained":[{"floor":7,"key":"Odd Mushroom"},{"floor":9,"key":"Mango"},{"floor":11,"key":"Dodecahedron"}],"event_choices":[{"cards_removed":["Defend_G"],"damage_healed":0,"gold_gain":0,"player_choice":"Card Removal","damage_taken":7,"max_hp_gain":0,"max_hp_loss":0,"event_name":"Golden Wing","floor":2,"gold_loss":0},{"damage_healed":0,"gold_gain":0,"player_choice":"Fought Mushrooms","damage_taken":0,"max_hp_gain":0,"max_hp_loss":0,"event_name":"Mushrooms","floor":7,"gold_loss":0},{"damage_healed":0,"gold_gain":0,"player_choice":"Simplicity","damage_taken":0,"max_hp_gain":0,"max_hp_loss":0,"event_name":"Back to Basics","floor":19,"gold_loss":0,"cards_upgraded":["Strike_G","Strike_G","Strike_G","Strike_G","Strike_G","Defend_G","Defend_G","Defend_G","Defend_G"]},{"damage_healed":0,"gold_gain":0,"player_choice":"Stole Relic","damage_taken":0,"relics_obtained":["Prayer Wheel"],"max_hp_gain":0,"max_hp_loss":0,"event_name":"Addict","floor":20,"gold_loss":0,"cards_obtained":["Shame"]}],"is_beta":false,"boss_relics":[{"not_picked":["Black Star","Sozu"],"picked":"Eternal Feather"}],"items_purged_floors":[],"is_endless":false,"potions_floor_spawned":[3,10,16,22],"killed_by":"Gremlin Leader","ascension_level":0}