{"gold_per_floor":[112,125,141,161,181,181,208,19,19,47,60,76,92,105,105,105],"floor_reached":16,"playtime":2221,"items_purged":[],"score":118,"play_id":"e429f354-e074-4b60-9fde-468379cd8484","local_time":"20190712101755","is_ascension_mode":false,"campfire_choices":[{"floor":6.0,"key":"REST"},{"floor":15,"key":"REST"}],"neow_cost":"NONE","seed_source_timestamp":12571597432580,"circlet_count":0,"master_deck":["Strike_G","Strike_G","Strike_G","Strike_G","Strike_G","Defend_G","Defend_G","Defend_G","Defend_G","Defend_G","Survivor","Neutralize","Endless Agony","Expertise","Finisher","PiercingWail","Footwork","Escape Plan","Metamorphosis","Acrobatics","Corpse Explosion","Dodge and Roll","Noxious Fumes","Outmaneuver"],"special_seed":0,"relics":["Ring of the Snake","Pen Nib","Shuriken","Incense Burner"],"potions_floor_usage":[],"damage_taken":[{"damage":1.0,"enemies":"Cultist","floor":1.0,"turns":4.0},{"damage":0.0,"enemies":"Small Slimes","floor":2.0,"turns":4.0},{"damage":0.0,"enemies":"2 Louse","floor":3.0,"turns":3.0},{"damage":6.0,"enemies":"Blue Slaver","floor":4.0,"turns":5.0},{"damage":15.0,"enemies":"Exordium Thugs","floor":5.0,"turns":8.0},{"damage":45.0,"enemies":"Lagavulin","floor":7.0,"turns":14.0},{"damage":20.0,"enemies":"3 Sentries","floor":10.0,"turns":11.0},{"damage":3.0,"enemies":"3 Louse","floor":11.0,"turns":3.0},{"damage":1.0,"enemies":"Red Slaver","floor":12.0,"turns":5.0},{"damage":0.0,"enemies":"Large Slime","floor":13.0,"turns":4.0},{"damage":4,"enemies":"Exordium Wildlife","floor":14,"turns":8},{"damage":29,"enemies":"Hexaghost","floor":16,"turns":9}],"seed_played":"-2473608588392508688","potions_obtained":[{"floor":1.0,"key":"Strength Potion"},{"floor":2.0,"key":"Swift Potion"},{"floor":5.0,"key":"Swift Potion"},{"floor":7.0,"key":"GhostInAJar"},{"floor":12.0,"key":"Weak Potion"}],"is_trial":false,"path_per_floor":["M","M","M","M","M","R","E","$","T","E","M","M","M","M","R","B"],"character_chosen":"THE_SILENT","items_purchased":["Metamorphosis"],"campfire_rested":2,"item_purchase_floors":[8],"current_hp_per_floor":[76,76,76,70,55,77,32,32,32,12,9,8,8,4,27,0],"gold":105,"neow_bonus":"TEN_PERCENT_HP_BONUS","is_prod":false,"is_daily":false,"chose_seed":false,"campfire_upgraded":0,"win_rate":0.0,"timestamp":1562919475,"path_taken":["M","M","M","M","M","R","E","$","T","E","M","M","?","M","R","BOSS"],"build_version":"2019-07-05","purchased_purges":0,"victory":false,"max_hp_per_floor":[77,77,77,77,77,77,77,77,77,77,77,77,77,77,77,77],"card_choices":[{"not_picked":["Prepared","Calculated Gamble"],"picked":"Endless Agony","floor":1.0},{"not_picked":["Heel Hook","Dagger Spray"],"picked":"Expertise","floor":2.0},{"not_picked":["Eviscerate","Tactician"],"picked":"Finisher","floor":3.0},{"not_picked":["Deadly Poison","Underhanded Strike"],"picked":"PiercingWail","floor":4.0},{"not_picked":["Quick Slash","Cloak And Dagger"],"picked":"Footwork","floor":5.0},{"not_picked":["Dagger Spray","Heel Hook"],"picked":"Escape Plan","floor":7.0},{"not_picked":["Underhanded Strike","Flechettes"],"picked":"Acrobatics","floor":10.0},{"not_picked":["Dagger Spray","Poisoned Stab"],"picked":"Corpse Explosion","floor":11.0},{"not_picked":["Finisher","Tactician"],"picked":"Dodge and Roll","floor":12.0},{"not_picked":["Deflect","Well Laid Plans"],"picked":"Noxious Fumes","floor":13.0},{"not_picked":["Leg Sweep","PiercingWail"],"picked":"Outmaneuver","floor":14}],"player_experience":109881,"relics_obtained":[{"floor":7.0,"key":"Pen Nib"},{"floor":9.0,"key":"Shuriken"},{"floor":10.0,"key":"Incense Burner"}],"event_choices":[],"is_beta":false,"boss_relics":[],"items_purged_floors":[],"is_endless":false,"potions_floor_spawned":[1,2,5,7,12,13],"killed_by":"Hexaghost","ascension_level":0}