{"path_per_floor":["M","?","?","M","M","M","R","$","T","E","R","?","R","M","R","B",null,"M","M","$","M","M","R"],"character_chosen":"THE_SILENT","items_purchased":["Pen Nib","Secret Weapon"],"gold_per_floor":[117,117,117,130,150,171,171,15,61,97,97,97,97,121,121,251,251,271,296,8,33,53,53],"floor_reached":24,"campfire_rested":1,"playtime":1699,"current_hp_per_floor":[70,70,65,65,65,64,64,64,64,58,58,63,63,63,63,31,70,67,67,67,61,29,50],"items_purged":["Strike_G"],"gold":53,"score":198,"play_id":"5c208865-1df9-44a5-8a77-44d682980995","is_prod":false,"is_daily":false,"is_ascension_mode":false,"campfire_upgraded":2,"path_taken":["M","?","?","M","M","M","R","?","T","E","R","?","R","?","R","BOSS","M","M","$","M","M","R","E"],"build_version":"2018-02-15-PROD1","purchased_purges":1,"victory":false,"master_deck":["Defend_G","Defend_G","Defend_G","Defend_G","Defend_G","Strike_G","Strike_G","Strike_G","Strike_G","Survivor","Neutralize+1","Deadly Poison+1","Backstab","Escape Plan","Tactician","Adrenaline","Escape Plan","Sucker Punch","Secret Weapon","Blur"],"max_hp_per_floor":[70,70,65,65,65,65,65,65,65,65,65,70,70,70,70,70,70,70,70,70,70,70,70],"relics":["Ring of the Snake","NeowsBlessing","Golden Idol","Pen Nib","Vajra","Girya","Cursed Key"],"card_choices":[{"not_picked":["Flying Knee","Leg Sweep"],"picked":"Deadly Poison"},{"not_picked":["Dash","Slice"],"picked":"Backstab"},{"not_picked":["PiercingWail","Eviscerate"],"picked":"Escape Plan"},{"not_picked":["Sucker Punch","Poisoned Stab"],"picked":"Tactician"},{"not_picked":["Wraith Form","Phantasmal Killer"],"picked":"Adrenaline"},{"not_picked":["Dodge and Roll","Deadly Poison"],"picked":"Escape Plan"},{"not_picked":["Underhanded Strike","Caltrops"],"picked":"Sucker Punch"},{"not_picked":["Deflect","Endless Agony"],"picked":"Blur"}],"player_experience":804816,"potions_floor_usage":[10,10,14,16,16,21,24],"damage_taken":[{"damage":0,"enemies":"2 Louse","floor":1,"turns":1},{"damage":0,"enemies":"Cultist","floor":4,"turns":1},{"damage":0,"enemies":"Small Slimes","floor":5,"turns":1},{"damage":1,"enemies":"2 Fungi Beasts","floor":6,"turns":3},{"damage":6,"enemies":"Lagavulin","floor":10,"turns":5},{"damage":0,"enemies":"Large Slime","floor":14,"turns":4},{"damage":32,"enemies":"Slime Boss","floor":16,"turns":13},{"damage":3,"enemies":"2 Thieves","floor":18,"turns":4},{"damage":0,"enemies":"Shell Parasite","floor":19,"turns":4},{"damage":6,"enemies":"Snecko","floor":21,"turns":4},{"damage":32,"enemies":"Sentry and Sphere","floor":22,"turns":7},{"damage":55,"enemies":"Gremlin Leader","floor":24,"turns":9}],"event_choices":[{"event_name":"The Lab","player_choice":"Got Potions","floor":2,"damage_taken":0},{"event_name":"Golden Idol","player_choice":"Lose Max HP","floor":3,"damage_taken":0},{"event_name":"Big Fish","player_choice":"Donut","floor":12,"damage_taken":0}],"boss_relics":[{"not_picked":["Ectoplasm","Runic Pyramid"],"picked":"Cursed Key"}],"potions_floor_spawned":[10,14,18,19],"seed_played":"6116668814107691485","killed_by":"Gremlin Leader","ascension_level":0,"is_trial":false}