{"gold_per_floor":[212,212,17,30,30,64,64,78,78,78,107,107,107,11,11,83,83,98,0,17,32,32,32,50,0,47,62,62,80,80,80,80,80],"floor_reached":33,"playtime":1806,"items_purged":[],"score":506,"play_id":"5098554e-c01a-4c35-bba4-698b6a9659fe","local_time":"20181121152932","is_ascension_mode":true,"campfire_choices":[{"floor":7,"key":"REST"},{"floor":13,"key":"REST"},{"data":"Bouncing Flask","floor":15,"key":"SMITH"},{"floor":23,"key":"REST"},{"floor":28,"key":"REST"},{"data":"Glass Knife","floor":30,"key":"SMITH"},{"data":"Bouncing Flask","floor":32,"key":"SMITH"}],"neow_cost":"NONE","seed_source_timestamp":665082980762284,"circlet_count":0,"master_deck":["AscendersBane","Defend_G","Defend_G","Defend_G","Defend_G","Survivor","Neutralize","Flying Knee","Slice","Backflip","PiercingWail","Well Laid Plans","Backstab","Bouncing Flask+1","Sucker Punch","Glass Knife+1","Quick Slash+1","Dagger Throw+1","Heel Hook+1","Leg Sweep","PiercingWail","Escape Plan","Backflip","Dodge and Roll","Accuracy","Bouncing Flask+1"],"relics":["Ring of the Snake","Ancient Tea Set","NlothsMask","Pantograph","Oddly Smooth Stone","Astrolabe","PreservedInsect"],"potions_floor_usage":[6,6,11,16,24,29,33],"damage_taken":[{"damage":4,"enemies":"Jaw Worm","floor":1,"turns":5},{"damage":0,"enemies":"Cultist","floor":4,"turns":3},{"damage":19,"enemies":"Gremlin Nob","floor":6,"turns":6},{"damage":1,"enemies":"Small Slimes","floor":8,"turns":3},{"damage":42,"enemies":"3 Sentries","floor":11,"turns":15},{"damage":38,"enemies":"Slime Boss","floor":16,"turns":8},{"damage":0,"enemies":"3 Byrds","floor":18,"turns":6},{"damage":18,"enemies":"Spheric Guardian","floor":20,"turns":5},{"damage":35,"enemies":"Cultist and Chosen","floor":21,"turns":7},{"damage":0,"enemies":"Snake Plant","floor":24,"turns":5},{"damage":15,"enemies":"Shelled Parasite and Fungi","floor":27,"turns":8},{"damage":10,"enemies":"Snecko","floor":29,"turns":6},{"damage":50,"enemies":"Champ","floor":33,"turns":9}],"seed_played":"3540170992582179055","potions_obtained":[{"floor":2,"key":"Block Potion"},{"floor":2,"key":"GhostInAJar"},{"floor":8,"key":"Block Potion"},{"floor":11,"key":"Strength Potion"},{"floor":20,"key":"Ancient Potion"},{"floor":27,"key":"AttackPotion"},{"floor":29,"key":"Poison Potion"}],"is_trial":false,"path_per_floor":["M","?","$","M","?","E","R","M","T","?","E","?","R","$","R","B",null,"M","?","M","M","$","R","M","?","T","M","R","M","R","?","R","B"],"character_chosen":"THE_SILENT","items_purchased":["Ancient Tea Set","Slice","Bouncing Flask","Sucker Punch"],"campfire_rested":4,"item_purchase_floors":[3,3,14,14],"current_hp_per_floor":[55,55,55,55,55,36,55,54,54,47,5,10,31,31,31,18,58,58,58,40,5,5,26,26,26,26,11,32,22,22,22,22,0],"gold":80,"neow_bonus":"HUNDRED_GOLD","is_prod":false,"is_daily":false,"chose_seed":false,"campfire_upgraded":3,"win_rate":0,"timestamp":1542832172,"path_taken":["M","?","$","?","?","E","R","?","T","?","E","?","R","$","R","BOSS","M","?","M","M","$","R","M","?","T","?","R","M","R","?","R","BOSS"],"build_version":"2018-11-15","purchased_purges":0,"victory":false,"max_hp_per_floor":[66,66,66,66,66,66,66,66,66,66,66,71,71,71,71,71,71,71,71,71,71,71,71,71,71,71,71,71,71,71,71,71,71],"card_choices":[{"not_picked":["Flechettes","PiercingWail"],"picked":"Flying Knee","floor":1},{"not_picked":["Dodge and Roll","Flechettes"],"picked":"Backflip","floor":4},{"not_picked":["Quick Slash","Terror"],"picked":"PiercingWail","floor":6},{"not_picked":["Prepared","Blade Dance"],"picked":"Well Laid Plans","floor":8},{"not_picked":["Doppelganger","Concentrate"],"picked":"Backstab","floor":11},{"not_picked":["Storm of Steel","Die Die Die"],"picked":"Glass Knife","floor":16},{"not_picked":["Acrobatics","Dagger Spray"],"picked":"Leg Sweep","floor":18},{"not_picked":["Heel Hook","Slice"],"picked":"PiercingWail","floor":20},{"not_picked":["Reflex","Calculated Gamble"],"picked":"Escape Plan","floor":21},{"not_picked":["Cloak And Dagger","Sucker Punch"],"picked":"Backflip","floor":24},{"not_picked":["Acrobatics","Doppelganger"],"picked":"Dodge and Roll","floor":27},{"not_picked":["Dodge and Roll","Deflect","Eviscerate"],"picked":"SKIP","floor":29}],"player_experience":2466228,"relics_obtained":[{"floor":6,"key":"Pantograph"},{"floor":11,"key":"Oddly Smooth Stone"},{"floor":26,"key":"PreservedInsect"}],"event_choices":[{"damage_healed":0,"gold_gain":0,"player_choice":"Got Potions","damage_taken":0,"max_hp_gain":0,"max_hp_loss":0,"event_name":"Lab","floor":2,"gold_loss":0},{"damage_healed":0,"gold_gain":0,"player_choice":"Trade","damage_taken":0,"relics_obtained":["NlothsMask"],"max_hp_gain":0,"max_hp_loss":0,"event_name":"FaceTrader","floor":5,"gold_loss":0},{"cards_removed":["Strike_G"],"damage_healed":0,"gold_gain":0,"player_choice":"Card Removal","damage_taken":7,"max_hp_gain":0,"max_hp_loss":0,"event_name":"Golden Wing","floor":10,"gold_loss":0},{"damage_healed":0,"gold_gain":0,"player_choice":"Donut","damage_taken":0,"max_hp_gain":5,"max_hp_loss":0,"event_name":"Big Fish","floor":12,"gold_loss":0},{"damage_healed":0,"gold_gain":0,"player_choice":"Paid Fearfully","damage_taken":0,"max_hp_gain":0,"max_hp_loss":0,"event_name":"Masked Bandits","floor":19,"gold_loss":98},{"damage_healed":0,"gold_gain":0,"player_choice":"Bet on Murderer","damage_taken":0,"max_hp_gain":0,"max_hp_loss":0,"event_name":"The Joust","floor":25,"gold_loss":50},{"damage_healed":0,"gold_gain":0,"cards_transformed":["Strike_G","Defend_G"],"player_choice":"Became Test Subject","damage_taken":0,"max_hp_gain":0,"max_hp_loss":0,"event_name":"Drug Dealer","floor":31,"gold_loss":0,"cards_obtained":["Accuracy","Bouncing Flask"]}],"is_beta":false,"boss_relics":[{"not_picked":["Calling Bell","Lizard Tail"],"picked":"Astrolabe"}],"items_purged_floors":[],"is_endless":false,"potions_floor_spawned":[8,11,20,27,29],"killed_by":"Champ","ascension_level":20}