{"gold_per_floor":[112,187,22,22,37,37,52,70,123,123,223,223],"floor_reached":12,"playtime":416,"items_purged":["Shame"],"score":78,"play_id":"cca67259-c52d-44d4-9a2a-3a5ca7729a3d","local_time":"20190717214209","is_ascension_mode":true,"campfire_choices":[{"data":"Neutralize","floor":6,"key":"SMITH"}],"neow_cost":"NONE","seed_source_timestamp":12035030368890,"circlet_count":0,"master_deck":["Strike_G","Strike_G","Strike_G","Strike_G","Strike_G","Defend_G","Defend_G","Defend_G","Defend_G","Defend_G","Survivor","Neutralize+1","Parasite","Writhe","Calculated Gamble","Good Instincts","Finisher","Slice","Slice"],"relics":["Calling Bell","Potion Belt","Pear","Unceasing Top","Golden Idol","Bird Faced Urn"],"potions_floor_usage":[],"damage_taken":[{"damage":6,"enemies":"Cultist","floor":1,"turns":5},{"damage":0,"enemies":"Small Slimes","floor":5,"turns":4},{"damage":2,"enemies":"Jaw Worm","floor":7,"turns":5},{"damage":14,"enemies":"3 Louse","floor":8,"turns":4},{"damage":32,"enemies":"Exordium Thugs","floor":12,"turns":4}],"seed_played":"2623181340763097610","potions_obtained":[{"floor":1,"key":"Fire Potion"},{"floor":7,"key":"GamblersBrew"}],"is_trial":false,"path_per_floor":["M","?","$","?","M","R","M","M","T","T","?","M"],"character_chosen":"THE_SILENT","items_purchased":["Good Instincts"],"campfire_rested":0,"item_purchase_floors":[3],"current_hp_per_floor":[74,63,63,43,43,43,41,27,27,27,27,0],"gold":223,"neow_bonus":"BOSS_RELIC","is_prod":false,"is_daily":false,"chose_seed":false,"campfire_upgraded":1,"win_rate":0,"timestamp":1563392529,"path_taken":["M","?","$","?","M","R","M","M","T","?","?","M"],"build_version":"2019-07-05","purchased_purges":1,"victory":false,"max_hp_per_floor":[80,80,80,80,80,80,80,80,80,80,80,80],"card_choices":[{"not_picked":["Blade Dance","Backflip"],"picked":"Calculated Gamble","floor":1},{"not_picked":["Dodge and Roll","Noxious Fumes"],"picked":"Finisher","floor":5},{"not_picked":["Blur","Heel Hook"],"picked":"Slice","floor":7},{"not_picked":["Underhanded Strike","Eviscerate"],"picked":"Slice","floor":8}],"player_experience":139642,"relics_obtained":[{"floor":0,"key":"Potion Belt"},{"floor":0,"key":"Pear"},{"floor":0,"key":"Unceasing Top"},{"floor":10,"key":"Bird Faced Urn"}],"event_choices":[{"damage_healed":0,"gold_gain":75,"player_choice":"Gather Gold","damage_taken":11,"max_hp_gain":0,"max_hp_loss":0,"event_name":"World of Goop","floor":2,"gold_loss":0},{"damage_healed":0,"gold_gain":0,"player_choice":"Take Damage","damage_taken":20,"relics_obtained":["Golden Idol"],"max_hp_gain":0,"max_hp_loss":0,"event_name":"Golden Idol","floor":4,"gold_loss":0},{"damage_healed":0,"gold_gain":100,"player_choice":"Pray","damage_taken":0,"max_hp_gain":0,"max_hp_loss":0,"event_name":"Golden Shrine","floor":11,"gold_loss":0}],"is_beta":false,"boss_relics":[],"items_purged_floors":[3],"is_endless":false,"potions_floor_spawned":[1,7],"killed_by":"Exordium Thugs","ascension_level":3}