{"gold_per_floor":[219,238,36,52,52,78,78,78,123,45,45,45,76,91,91,186,186,199,213,213,2,21,21,36,51,76,99,111,136,148,180,192,299,311,333,345,377,401,425,437,468,480,492,516,539,36,36,51,51,51],"floor_reached":51,"playtime":4352,"items_purged":["Strike_G"],"score":640,"play_id":"6899a537-d736-42de-b670-5926a3d19f23","local_time":"20190705154713","is_ascension_mode":false,"campfire_choices":[{"data":"Catalyst","floor":7,"key":"SMITH"},{"data":"Noxious Fumes","floor":11,"key":"SMITH"},{"data":"Deadly Poison","floor":15,"key":"SMITH"},{"data":"Calculated Gamble","floor":23,"key":"SMITH"},{"data":"Tactician","floor":28,"key":"SMITH"},{"data":"Dash","floor":30,"key":"SMITH"},{"data":"Blur","floor":32,"key":"SMITH"},{"data":"Wraith Form v2","floor":40,"key":"SMITH"},{"data":"PiercingWail","floor":47,"key":"SMITH"},{"floor":49,"key":"REST"}],"neow_cost":"NONE","seed_source_timestamp":1952947517293317,"circlet_count":0,"master_deck":["Strike_G+1","Defend_G","Defend_G","Defend_G","Defend_G","Defend_G","Survivor+1","Neutralize+1","Slice","Deadly Poison+1","Dagger Throw","Catalyst+1","Noxious Fumes+1","Calculated Gamble+1","Adrenaline","Infinite Blades+1","Acrobatics+1","PiercingWail+1","PiercingWail+1","Dash+1","Escape Plan+1","Blur+1","Tactician+1","Wraith Form v2+1","Dash+1","Sucker Punch+1","PiercingWail","After Image","Reflex+1","Bouncing Flask+1"],"relics":["Ring of the Snake","TwistedFunnel","Strawberry","Lantern","Ornamental Fan","Astrolabe","Centennial Puzzle","MawBank","Cursed Key","FossilizedHelix"],"potions_floor_usage":[6,24,31,33,38,38,44,50,50,50],"damage_taken":[{"damage":0,"enemies":"2 Louse","floor":1,"turns":4},{"damage":2,"enemies":"Small Slimes","floor":2,"turns":3},{"damage":0,"enemies":"Cultist","floor":4,"turns":3},{"damage":10,"enemies":"Gremlin Nob","floor":6,"turns":3},{"damage":9,"enemies":"3 Sentries","floor":13,"turns":5},{"damage":0,"enemies":"2 Fungi Beasts","floor":14,"turns":3},{"damage":7,"enemies":"Slime Boss","floor":16,"turns":6},{"damage":0,"enemies":"Spheric Guardian","floor":18,"turns":3},{"damage":0,"enemies":"Chosen","floor":19,"turns":4},{"damage":3,"enemies":"Centurion and Healer","floor":22,"turns":5},{"damage":7,"enemies":"Snecko","floor":24,"turns":4},{"damage":0,"enemies":"Snake Plant","floor":25,"turns":2},{"damage":7,"enemies":"Cultist and Chosen","floor":27,"turns":6},{"damage":0,"enemies":"Chosen and Byrds","floor":29,"turns":4},{"damage":2,"enemies":"3 Cultists","floor":31,"turns":5},{"damage":40,"enemies":"Champ","floor":33,"turns":13},{"damage":0,"enemies":"3 Shapes","floor":35,"turns":4},{"damage":0,"enemies":"3 Darklings","floor":37,"turns":4},{"damage":7,"enemies":"Spire Growth","floor":38,"turns":5},{"damage":0,"enemies":"Writhing Mass","floor":39,"turns":5},{"damage":0,"enemies":"4 Shapes","floor":41,"turns":5},{"damage":11,"enemies":"Transient","floor":44,"turns":5},{"damage":0,"enemies":"Writhing Mass","floor":45,"turns":5},{"damage":0,"enemies":"4 Shapes","floor":48,"turns":4},{"damage":29,"enemies":"Awakened One","floor":50,"turns":15}],"seed_played":"-396922864292212308","potions_obtained":[{"floor":4,"key":"SteroidPotion"},{"floor":6,"key":"Energy Potion"},{"floor":16,"key":"Swift Potion"},{"floor":18,"key":"Regen Potion"},{"floor":27,"key":"AttackPotion"},{"floor":31,"key":"SteroidPotion"},{"floor":33,"key":"Ancient Potion"},{"floor":37,"key":"Weak Potion"},{"floor":39,"key":"SpeedPotion"},{"floor":45,"key":"SteroidPotion"}],"is_trial":false,"path_per_floor":["M","M","$","M","?","E","R","?","T","$","R","?","E","M","R","B",null,"M","M","?","$","M","R","M","M","T","M","R","M","R","M","R","B",null,"M","$","M","M","M","R","M","?","T","M","M","$","R","M","R","B",null],"character_chosen":"THE_SILENT","items_purchased":["TwistedFunnel","Noxious Fumes","Centennial Puzzle","Dash","FossilizedHelix","Weak Potion","LiquidBronze"],"campfire_rested":1,"item_purchase_floors":[3,10,21,21,46,46,46],"current_hp_per_floor":[70,68,68,68,54,51,51,56,56,56,56,56,47,47,47,40,82,82,82,82,82,79,79,72,72,72,65,65,65,65,63,63,38,82,82,82,82,75,75,75,75,75,75,64,64,64,64,64,82,53],"gold":51,"neow_bonus":"HUNDRED_GOLD","is_prod":false,"is_daily":false,"chose_seed":false,"campfire_upgraded":9,"win_rate":0,"timestamp":1562356033,"path_taken":["M","M","$","M","?","E","R","?","T","$","R","?","E","?","R","BOSS","M","M","?","$","M","R","M","M","T","M","R","M","R","M","R","BOSS","M","?","M","M","?","R","M","?","T","M","M","$","R","M","R","BOSS"],"build_version":"2019-07-01","purchased_purges":1,"victory":true,"max_hp_per_floor":[70,70,70,70,70,77,77,82,82,82,82,82,82,82,82,82,82,82,82,82,82,82,82,82,82,82,82,82,82,82,82,82,82,82,82,82,82,82,82,82,82,82,82,82,82,82,82,82,82,82],"card_choices":[{"not_picked":["Dodge and Roll","Acrobatics"],"picked":"Slice","floor":1},{"not_picked":["Night Terror","Slice"],"picked":"Deadly Poison","floor":2},{"not_picked":["Cloak And Dagger","Prepared"],"picked":"Dagger Throw","floor":4},{"not_picked":["Heel Hook","Reflex"],"picked":"Catalyst","floor":6},{"not_picked":["Choke","Flying Knee"],"picked":"Calculated Gamble","floor":13},{"not_picked":["Bane","Concentrate","Deflect"],"picked":"SKIP","floor":14},{"not_picked":["Envenom","Venomology"],"picked":"Adrenaline","floor":16},{"not_picked":["Calculated Gamble+1","Flying Knee"],"picked":"PiercingWail","floor":18},{"not_picked":["Acrobatics","Caltrops","All Out Attack"],"picked":"SKIP","floor":19},{"not_picked":["Slice+1","Underhanded Strike"],"picked":"Escape Plan+1","floor":22},{"not_picked":["Sucker Punch","Deadly Poison+1"],"picked":"Blur","floor":24},{"not_picked":["Outmaneuver","Deflect","Dagger Throw"],"picked":"SKIP","floor":25},{"not_picked":["Dagger Throw+1","Infinite Blades"],"picked":"Tactician","floor":27},{"not_picked":["Terror","Calculated Gamble","Accuracy"],"picked":"SKIP","floor":29},{"not_picked":["Acrobatics","Deflect","Quick Slash"],"picked":"SKIP","floor":31},{"not_picked":["Phantasmal Killer","Tools of the Trade"],"picked":"Wraith Form v2","floor":33},{"not_picked":["Outmaneuver+1","Dagger Spray+1"],"picked":"Dash+1","floor":35},{"not_picked":["Riddle With Holes+1","Distraction","Predator"],"picked":"SKIP","floor":37},{"not_picked":["Masterful Stab+1","Accuracy+1","Riddle With Holes"],"picked":"SKIP","floor":38},{"not_picked":["Bane+1","Poisoned Stab+1"],"picked":"Sucker Punch+1","floor":39},{"not_picked":["Bane","Dagger Spray"],"picked":"PiercingWail","floor":41},{"not_picked":["Dagger Throw+1","Accuracy"],"picked":"After Image","floor":44},{"not_picked":["Prepared","Blade Dance"],"picked":"Reflex+1","floor":45},{"not_picked":["Cloak And Dagger","Quick Slash+1"],"picked":"Bouncing Flask+1","floor":48}],"player_experience":3905660,"relics_obtained":[{"floor":6,"key":"Strawberry"},{"floor":9,"key":"Lantern"},{"floor":13,"key":"Ornamental Fan"},{"floor":26,"key":"MawBank"}],"event_choices":[{"damage_healed":0,"gold_gain":0,"player_choice":"Entered Light","damage_taken":14,"max_hp_gain":0,"max_hp_loss":0,"event_name":"Shining Light","floor":5,"gold_loss":0,"cards_upgraded":["Strike_G","Neutralize"]},{"damage_healed":0,"gold_gain":0,"player_choice":"Donut","damage_taken":0,"max_hp_gain":5,"max_hp_loss":0,"event_name":"Big Fish","floor":8,"gold_loss":0},{"damage_healed":0,"gold_gain":0,"player_choice":"Forge","damage_taken":0,"max_hp_gain":0,"max_hp_loss":0,"event_name":"Accursed Blacksmith","floor":12,"gold_loss":0,"cards_upgraded":["Survivor"]},{"damage_healed":0,"gold_gain":0,"player_choice":"Bought 0 Potions","damage_taken":0,"max_hp_gain":0,"max_hp_loss":0,"event_name":"The Woman in Blue","floor":20,"gold_loss":0},{"damage_healed":0,"gold_gain":0,"player_choice":"Ignored","damage_taken":0,"max_hp_gain":0,"max_hp_loss":0,"event_name":"Mysterious Sphere","floor":42,"gold_loss":0}],"is_beta":false,"boss_relics":[{"not_picked":["Lizard Tail","Philosopher\u0027s Stone"],"picked":"Astrolabe"},{"not_picked":["White Beast Statue","HoveringKite"],"picked":"Cursed Key"}],"items_purged_floors":[46],"is_endless":false,"potions_floor_spawned":[4,6,16,18,22,27,31,33,37,39,45],"ascension_level":0}