{"gold_per_floor":[115,115,134,134,145,145,16,28,77,77,0,25,43,63,63,166,166,185,185,185,210,224,254,254,274,323,333,333,38,57,85,85,188,188,201,1200,450,498,517,529,529,542,588,600,622,634,646,669,681,693],"floor_reached":50,"playtime":3318,"items_purged":["Strike_G","Normality"],"score":584,"play_id":"39fa9ca3-9a68-4c6c-bf53-624284bfd943","local_time":"20181119162030","is_ascension_mode":false,"campfire_choices":[{"data":"Bouncing Flask","floor":6,"key":"SMITH"},{"data":"Catalyst","floor":10,"key":"SMITH"},{"data":"Footwork","floor":15,"key":"SMITH"},{"floor":24,"key":"REST"},{"floor":28,"key":"REST"},{"floor":32,"key":"REST"},{"data":"1","floor":41,"key":"LIFT"},{"data":"2","floor":44,"key":"LIFT"},{"data":"3","floor":46,"key":"LIFT"},{"floor":49,"key":"RECALL"}],"neow_cost":"NONE","seed_source_timestamp":493829416365954,"circlet_count":0,"master_deck":["Defend_G","Defend_G","Defend_G","Defend_G","Defend_G+1","Strike_G","Strike_G","Survivor","Neutralize","Bouncing Flask+1","Neutralize","Backflip+1","Catalyst+1","Caltrops","Sucker Punch","Footwork+1","PiercingWail","Sucker Punch","Glass Knife","Leg Sweep","Concentrate","Flying Knee+1","Backstab+1","Cloak And Dagger+1","Bane+1","After Image","PiercingWail","Well Laid Plans","Blur+1","Terror","Adrenaline","Normality","Well Laid Plans","Deflect+1","Riddle With Holes+1","Acrobatics+1","Cloak And Dagger+1","Skewer+1","Master of Strategy","Outmaneuver+1"],"relics":["Ring of the Snake","Dream Catcher","War Paint","Orichalcum","Philosopher\u0027s Stone","Question Card","Vajra","Matryoshka","Bottled Lightning","Bag of Preparation","Potion Belt","Busted Crown","Bag of Marbles","The Specimen","Girya","MawBank","Centennial Puzzle"],"potions_floor_usage":[12,16,16,23,23,31,31,31,38,38,39,50,50,50,50],"damage_taken":[{"damage":0,"enemies":"2 Louse","floor":1,"turns":3},{"damage":0,"enemies":"Cultist","floor":3,"turns":3},{"damage":3,"enemies":"Jaw Worm","floor":5,"turns":3},{"damage":0,"enemies":"3 Louse","floor":8,"turns":3},{"damage":18,"enemies":"3 Sentries","floor":12,"turns":13},{"damage":5,"enemies":"Blue Slaver","floor":13,"turns":3},{"damage":3,"enemies":"Looter","floor":14,"turns":3},{"damage":0,"enemies":"Hexaghost","floor":16,"turns":5},{"damage":8,"enemies":"3 Byrds","floor":18,"turns":4},{"damage":0,"enemies":"Chosen","floor":22,"turns":4},{"damage":44,"enemies":"Gremlin Leader","floor":23,"turns":10},{"damage":12,"enemies":"3 Cultists","floor":25,"turns":5},{"damage":13,"enemies":"Snake Plant","floor":27,"turns":2},{"damage":0,"enemies":"Shelled Parasite and Fungi","floor":30,"turns":4},{"damage":16,"enemies":"Slavers","floor":31,"turns":5},{"damage":19,"enemies":"Champ","floor":33,"turns":16},{"damage":0,"enemies":"Orb Walker","floor":35,"turns":4},{"damage":24,"enemies":"2 Orb Walkers","floor":38,"turns":5},{"damage":3,"enemies":"3 Darklings","floor":39,"turns":5},{"damage":0,"enemies":"4 Shapes","floor":40,"turns":7},{"damage":0,"enemies":"Sphere and 2 Shapes","floor":42,"turns":3},{"damage":0,"enemies":"3 Darklings","floor":45,"turns":6},{"damage":0,"enemies":"4 Shapes","floor":48,"turns":4},{"damage":52,"enemies":"Time Eater","floor":50,"turns":7}],"seed_played":"7078061124401527129","potions_obtained":[{"floor":3,"key":"Swift Potion"},{"floor":13,"key":"Strength Potion"},{"floor":14,"key":"Block Potion"},{"floor":16,"key":"Poison Potion"},{"floor":18,"key":"Ancient Potion"},{"floor":25,"key":"Explosive Potion"},{"floor":31,"key":"Explosive Potion"},{"floor":35,"key":"Weak Potion"},{"floor":38,"key":"Energy Potion"},{"floor":45,"key":"Explosive Potion"}],"is_trial":false,"path_per_floor":["M","?","M","?","M","R","$","M","T","R","$","E","M","M","R","B",null,"M","?","?","T","M","E","R","M","T","M","R","$","M","E","R","B",null,"M","?","$","?","M","M","R","M","T","R","M","R","?","M","R","B"],"character_chosen":"THE_SILENT","items_purchased":["Caltrops","PowerPotion","Footwork","Bag of Preparation","PiercingWail","Strength Potion","Bag of Marbles","The Specimen","Fire Potion","GhostInAJar","AttackPotion","Well Laid Plans"],"campfire_rested":3,"item_purchase_floors":[7,7,11,29,29,29,37,37,37,37,37,37],"current_hp_per_floor":[70,70,70,75,72,72,72,72,72,72,72,54,49,46,46,46,75,67,67,67,67,67,23,45,33,33,20,42,42,42,26,48,29,75,75,75,75,51,48,48,48,48,48,48,48,48,48,48,48,0],"gold":693,"neow_bonus":"RANDOM_COMMON_RELIC","is_prod":false,"is_daily":false,"chose_seed":false,"campfire_upgraded":3,"win_rate":0,"timestamp":1542662430,"path_taken":["M","?","?","?","M","R","?","M","T","R","$","E","M","M","R","BOSS","M","?","?","?","M","E","R","M","T","M","R","?","M","E","R","BOSS","M","?","$","?","M","M","R","M","T","R","M","R","?","M","R","BOSS"],"build_version":"2018-11-15","purchased_purges":2,"victory":false,"max_hp_per_floor":[70,70,70,75,75,75,75,75,75,75,75,75,75,75,75,75,75,75,75,75,75,75,75,75,75,75,75,75,75,75,75,75,75,75,75,75,75,75,75,75,75,75,75,75,75,75,75,75,75,75],"card_choices":[{"not_picked":["Underhanded Strike","Deflect"],"picked":"Bouncing Flask","floor":1},{"not_picked":["Slice","Deadly Poison"],"picked":"Backflip","floor":3},{"not_picked":["Sucker Punch","Skewer"],"picked":"Catalyst","floor":5},{"not_picked":["Blade Dance","Outmaneuver"],"picked":"Sucker Punch","floor":8},{"not_picked":["Backflip","Flechettes"],"picked":"PiercingWail","floor":12},{"not_picked":["Masterful Stab","Infinite Blades","Slice"],"picked":"SKIP","floor":13},{"not_picked":["Deflect","Quick Slash"],"picked":"Sucker Punch","floor":14},{"not_picked":["Grand Finale","Phantasmal Killer"],"picked":"Glass Knife","floor":16},{"not_picked":["Outmaneuver","Blade Dance","Deflect"],"picked":"SKIP","floor":18},{"not_picked":["Dagger Spray","Skewer","Quick Slash"],"picked":"Flying Knee+1","floor":22},{"not_picked":["Escape Plan","Backflip","Well Laid Plans+1"],"picked":"Backstab+1","floor":23},{"not_picked":["Endless Agony+1","Backstab","Escape Plan"],"picked":"Cloak And Dagger+1","floor":25},{"not_picked":["Slice","Deadly Poison","Crippling Poison"],"picked":"Bane+1","floor":27},{"not_picked":["Dodge and Roll","Blade Dance+1","Reflex"],"picked":"After Image","floor":28},{"not_picked":["Flying Knee","Infinite Blades+1","Dodge and Roll"],"picked":"Well Laid Plans","floor":30},{"not_picked":["Underhanded Strike+1","Prepared","Finisher"],"picked":"Blur+1","floor":31},{"not_picked":["Outmaneuver+1","Poisoned Stab","Prepared+1"],"picked":"Terror","floor":32},{"not_picked":["Tools of the Trade","Envenom","Night Terror"],"picked":"Adrenaline","floor":33},{"not_picked":["Heel Hook","Acrobatics"],"picked":"SKIP","floor":35},{"not_picked":["Dagger Throw"],"picked":"Deflect+1","floor":38},{"not_picked":["Blade Dance+1"],"picked":"Riddle With Holes+1","floor":39},{"not_picked":["Cloak And Dagger+1"],"picked":"Acrobatics+1","floor":40},{"not_picked":["Bane+1"],"picked":"Cloak And Dagger+1","floor":42},{"not_picked":["Deflect+1"],"picked":"Skewer+1","floor":45},{"not_picked":["Thinking Ahead"],"picked":"Master of Strategy","floor":47},{"not_picked":["Finisher"],"picked":"Outmaneuver+1","floor":48}],"player_experience":2388116,"relics_obtained":[{"floor":9,"key":"War Paint"},{"floor":12,"key":"Orichalcum"},{"floor":21,"key":"Vajra"},{"floor":23,"key":"Matryoshka"},{"floor":26,"key":"Bottled Lightning"},{"floor":31,"key":"Potion Belt"},{"floor":38,"key":"Girya"},{"floor":43,"key":"MawBank"},{"floor":43,"key":"Centennial Puzzle"}],"event_choices":[{"damage_healed":0,"gold_gain":0,"player_choice":"1 cards matched","damage_taken":0,"max_hp_gain":0,"max_hp_loss":0,"event_name":"Match and Keep!","floor":2,"gold_loss":0,"cards_obtained":["Neutralize"]},{"damage_healed":0,"gold_gain":0,"player_choice":"Donut","damage_taken":0,"max_hp_gain":5,"max_hp_loss":0,"event_name":"Big Fish","floor":4,"gold_loss":0},{"damage_healed":0,"gold_gain":0,"player_choice":"Opened","damage_taken":0,"relics_obtained":["Question Card"],"max_hp_gain":0,"max_hp_loss":0,"event_name":"The Mausoleum","floor":19,"gold_loss":0},{"damage_healed":0,"gold_gain":0,"cards_transformed":["Strike_G","Strike_G"],"player_choice":"Became Test Subject","damage_taken":0,"max_hp_gain":0,"max_hp_loss":0,"event_name":"Drug Dealer","floor":20,"gold_loss":0,"cards_obtained":["Leg Sweep","Concentrate"]},{"damage_healed":0,"gold_gain":999,"player_choice":"Gold","damage_taken":0,"max_hp_gain":0,"max_hp_loss":0,"event_name":"MindBloom","floor":36,"gold_loss":0,"cards_obtained":["Normality","Normality"]},{"damage_healed":0,"gold_gain":0,"player_choice":"Fight","damage_taken":0,"max_hp_gain":0,"max_hp_loss":0,"event_name":"Mysterious Sphere","floor":38,"gold_loss":0},{"damage_healed":0,"gold_gain":0,"player_choice":"Memory 1","damage_taken":0,"max_hp_gain":0,"max_hp_loss":0,"event_name":"SensoryStone","floor":47,"gold_loss":0}],"is_beta":false,"boss_relics":[{"not_picked":["Orrery","Astrolabe"],"picked":"Philosopher\u0027s Stone"},{"not_picked":["Runic Dome","Fusion Hammer"],"picked":"Busted Crown"}],"items_purged_floors":[29,37],"is_endless":false,"potions_floor_spawned":[3,13,14,16,18,25,31,35,38,45],"killed_by":"Time Eater","ascension_level":0}