{"gold_per_floor":[115,133,153,163,179,204,204,204,230,249,266,285,304,304],"floor_reached":14,"playtime":1606,"items_purged":[],"score":98,"play_id":"106f7c6a-48d3-421e-8b39-32d1af2fcfb8","local_time":"20190710165104","is_ascension_mode":false,"campfire_choices":[{"floor":8,"key":"REST"}],"neow_cost":"NONE","seed_source_timestamp":6129229704326,"circlet_count":0,"master_deck":["Strike_B","Strike_B","Strike_B","Strike_B","Defend_B","Defend_B","Defend_B","Defend_B","Zap+1","Dualcast","Leap","Ball Lightning","Gash","Ball Lightning","Gash","FTL","Loop","Leap","Redo","Cold Snap"],"relics":["Cracked Core","Anchor","Ancient Tea Set"],"potions_floor_usage":[],"damage_taken":[{"damage":12,"enemies":"Small Slimes","floor":1,"turns":4},{"damage":1,"enemies":"Cultist","floor":2,"turns":3},{"damage":4,"enemies":"2 Louse","floor":3,"turns":3},{"damage":5,"enemies":"Looter","floor":4,"turns":4},{"damage":0,"enemies":"Blue Slaver","floor":5,"turns":3},{"damage":25,"enemies":"3 Sentries","floor":6,"turns":7},{"damage":13,"enemies":"Exordium Wildlife","floor":10,"turns":5},{"damage":8,"enemies":"2 Fungi Beasts","floor":11,"turns":3},{"damage":9,"enemies":"3 Louse","floor":12,"turns":3},{"damage":2,"enemies":"Blue Slaver","floor":13,"turns":3},{"damage":27,"enemies":"Gremlin Nob","floor":14,"turns":4}],"seed_played":"-2689618924441329327","potions_obtained":[{"floor":2,"key":"SneckoOil"},{"floor":3,"key":"PowerPotion"},{"floor":10,"key":"PowerPotion"},{"floor":12,"key":"Ancient Potion"}],"is_trial":false,"path_per_floor":["M","M","M","M","M","E","?","R","T","M","M","M","M","E"],"character_chosen":"DEFECT","items_purchased":[],"campfire_rested":1,"item_purchase_floors":[],"current_hp_per_floor":[70,69,65,60,60,35,35,59,59,46,38,29,27,0],"gold":304,"neow_bonus":"TEN_PERCENT_HP_BONUS","is_prod":false,"is_daily":false,"chose_seed":false,"campfire_upgraded":0,"win_rate":0.0,"timestamp":1562770264,"path_taken":["M","M","M","M","M","E","?","R","T","M","M","M","M","E"],"build_version":"2019-07-05","purchased_purges":0,"victory":false,"max_hp_per_floor":[82,82,82,82,82,82,82,82,82,82,82,82,82,82],"card_choices":[{"not_picked":["Compile Driver","Self Repair"],"picked":"Leap","floor":1},{"not_picked":["Go for the Eyes","Cold Snap"],"picked":"Ball Lightning","floor":2},{"not_picked":["Hologram","Steam"],"picked":"Gash","floor":3},{"not_picked":["Steam","Go for the Eyes"],"picked":"Ball Lightning","floor":4},{"not_picked":["Leap","Compile Driver"],"picked":"Gash","floor":5},{"not_picked":["Reprogram","Thunder Strike"],"picked":"FTL","floor":6},{"not_picked":["Heatsinks","Compile Driver"],"picked":"Loop","floor":10},{"not_picked":["Ball Lightning","Blizzard"],"picked":"Leap","floor":11},{"not_picked":["Steam","Conserve Battery"],"picked":"Redo","floor":12},{"not_picked":["Beam Cell","Hologram"],"picked":"Cold Snap","floor":13}],"player_experience":52229,"relics_obtained":[{"floor":6,"key":"Anchor"},{"floor":9,"key":"Ancient Tea Set"}],"event_choices":[{"damage_healed":0,"gold_gain":0,"player_choice":"Forge","damage_taken":0,"max_hp_gain":0,"max_hp_loss":0,"event_name":"Accursed Blacksmith","floor":7,"gold_loss":0,"cards_upgraded":["Zap"]}],"is_beta":false,"boss_relics":[],"items_purged_floors":[],"is_endless":false,"potions_floor_spawned":[2,3,10,12],"killed_by":"Gremlin Nob","ascension_level":0}