{"path_per_floor":["M","?","T","M","M","R","?","E","T","M","R","M","R","$","R","B",null,"M","M","$","?","?","E","M","M","T","?","R","M","R","M","R","B",null,"M","?","M","?","M"],"character_chosen":"THE_SILENT","items_purchased":["Panache","Infinite Blades","Oddly Smooth Stone"],"gold_per_floor":[117,292,292,305,325,325,325,360,360,375,375,387,387,44,44,143,143,161,176,24,24,24,52,70,82,82,82,82,99,99,114,114,218,218,238,238,256,305,320],"floor_reached":40,"campfire_rested":1,"playtime":7594,"current_hp_per_floor":[59,59,73,67,66,66,84,8,8,6,31,31,31,31,31,27,70,70,69,69,60,89,84,78,78,78,78,78,78,78,77,77,43,78,68,68,68,30,9],"items_purged":["Doubt"],"gold":320,"play_id":"72ebc901-9641-467f-bd99-9811d3e94af8","is_prod":false,"is_daily":false,"is_ascension_mode":true,"campfire_upgraded":6,"path_taken":["M","?","?","M","M","R","?","E","T","?","R","M","R","$","R","BOSS","M","M","$","?","?","E","M","M","T","?","R","?","R","M","R","BOSS","M","?","M","?","M","E"],"build_version":"2018-02-01-PROD3","purchased_purges":1,"victory":false,"master_deck":["Defend_G","Defend_G","Defend_G","Defend_G","Defend_G","Strike_G","Survivor","Neutralize+1","Blade Dance","Prepared","Deadly Poison+1","Crippling Poison","Backstab","Deadly Poison","Blur","Panache+1","Infinite Blades","Adrenaline+1","After Image+1","Poisoned Stab+1","Dash+1","Heel Hook+1","Burst+1","Acrobatics+1","Neutralize","Distraction+1","Acrobatics+1","Backflip"],"max_hp_per_floor":[70,70,84,84,84,84,84,84,84,84,84,84,84,84,84,84,84,84,84,84,89,89,89,89,89,89,89,89,89,89,89,89,89,89,89,89,89,89,89],"relics":["Ring of the Snake","Mango","Torii","Ice Cream","Astrolabe","Oddly Smooth Stone","Orichalcum","Unceasing Top","Lizard Tail","Frozen Eye"],"card_choices":[{"not_picked":["Quick Slash","PiercingWail"],"picked":"Prepared"},{"not_picked":["Slice","Prepared"],"picked":"Deadly Poison"},{"not_picked":["Underhanded Strike","Flying Knee"],"picked":"Crippling Poison"},{"not_picked":["Riddle With Holes","Deflect"],"picked":"Backstab"},{"not_picked":["Dodge and Roll","Outmaneuver"],"picked":"Deadly Poison"},{"not_picked":["Dodge and Roll","Die Die Die"],"picked":"Blur"},{"not_picked":["Tools of the Trade","Storm of Steel"],"picked":"Adrenaline"},{"not_picked":["Slice","Flying Knee"],"picked":"Heel Hook"},{"not_picked":["Backstab","Accuracy"],"picked":"Burst"},{"not_picked":["Flechettes","Dagger Throw"],"picked":"Acrobatics"},{"not_picked":["Outmaneuver","Setup"],"picked":"Distraction"},{"not_picked":["Masterful Stab","Bane"],"picked":"Acrobatics"},{"not_picked":["Dagger Spray","Deadly Poison"],"picked":"Backflip"}],"player_experience":511298,"potions_floor_usage":[16,23,24,25,33,33,40],"damage_taken":[{"damage":4,"enemies":"Blue Slaver","floor":1,"turns":5},{"damage":6,"enemies":"Jaw Worm","floor":4,"turns":7},{"damage":1,"enemies":"Cultist","floor":5,"turns":4},{"damage":76,"enemies":"Gremlin Nob","floor":8,"turns":6},{"damage":2,"enemies":"Exordium Thugs","floor":10,"turns":7},{"damage":0,"enemies":"3 Louse","floor":12,"turns":4},{"damage":4,"enemies":"Hexaghost","floor":16,"turns":9},{"damage":0,"enemies":"3 Byrds","floor":18,"turns":4},{"damage":1,"enemies":"Shell Parasite","floor":19,"turns":5},{"damage":5,"enemies":"Book of Stabbing","floor":23,"turns":6},{"damage":6,"enemies":"Snake Plant","floor":24,"turns":4},{"damage":0,"enemies":"Chosen and Byrds","floor":25,"turns":4},{"damage":0,"enemies":"Centurion and Healer","floor":29,"turns":5},{"damage":1,"enemies":"Snecko","floor":31,"turns":6},{"damage":34,"enemies":"Champ","floor":33,"turns":11},{"damage":10,"enemies":"3 Darklings","floor":35,"turns":5},{"damage":0,"enemies":"3 Shapes","floor":37,"turns":6},{"damage":38,"enemies":"Mysterious Sphere","floor":38,"turns":6},{"damage":21,"enemies":"3 Darklings","floor":39,"turns":6},{"damage":67,"enemies":"Giant Head","floor":40,"turns":10}],"event_choices":[{"event_name":"Liars Game","player_choice":"agreed","floor":2,"damage_taken":0},{"event_name":"Big Fish","player_choice":"Banana","floor":7,"damage_taken":0},{"event_name":"Forgotten Altar","player_choice":"Shed Blood","floor":21,"damage_taken":0},{"event_name":"The Library","player_choice":"Heal","floor":22,"damage_taken":0},{"event_name":"Drug Dealer","player_choice":"Ignored","floor":27,"damage_taken":0},{"event_name":"Match and Keep!","player_choice":"1 cards matched","floor":36,"damage_taken":0},{"event_name":"Mysterious Sphere","player_choice":"Fight","floor":38,"damage_taken":0}],"boss_relics":[{"not_picked":["Cursed Key","Runic Dome"],"picked":"Astrolabe"},{"not_picked":["Calling Bell","Question Card"],"picked":"Lizard Tail"}],"potions_floor_spawned":[10,12,23,24,25,29,39],"seed_played":"-7446140806554405313","killed_by":"Giant Head","ascension_level":6,"is_trial":false}