{"gold_per_floor":[109,126,126,1,51,83,101,112,183,183,209,209,242,13,13,13],"floor_reached":16,"playtime":629,"items_purged":["Strike_G"],"score":266,"play_id":"97b0ed2b-4993-4006-9b88-546afe32860e","local_time":"20190512020555","is_ascension_mode":true,"campfire_choices":[{"floor":10,"key":"REST"},{"data":"Neutralize","floor":12,"key":"SMITH"},{"floor":15,"key":"REST"}],"neow_cost":"NONE","seed_source_timestamp":2789366579375910,"circlet_count":0,"master_deck":["AscendersBane","Defend_G","Defend_G+1","Defend_G","Defend_G","Defend_G+1","Strike_G","Strike_G","Strike_G","Strike_G","Survivor","Neutralize+1","Underhanded Strike","Bouncing Flask","Cloak And Dagger","Catalyst","Backflip","Blur","Crippling Poison","Burst"],"relics":["Ring of the Snake","NeowsBlessing","WingedGreaves","Bottled Flame","Anchor","Strawberry"],"potions_floor_usage":[8],"damage_taken":[{"damage":0,"enemies":"Jaw Worm","floor":1,"turns":1},{"damage":0,"enemies":"2 Louse","floor":2,"turns":1},{"damage":0,"enemies":"Gremlin Nob","floor":6,"turns":1},{"damage":3,"enemies":"Cultist","floor":7,"turns":4},{"damage":9,"enemies":"Lots of Slimes","floor":8,"turns":5},{"damage":22,"enemies":"3 Sentries","floor":13,"turns":14},{"damage":46,"enemies":"Slime Boss","floor":16,"turns":8}],"seed_played":"-8128370003522958382","potions_obtained":[{"floor":6,"key":"SkillPotion"}],"is_trial":false,"path_per_floor":["M","M","?","$","?","E","M","M","T","R","T","R","E","$","R","B"],"character_chosen":"THE_SILENT","items_purchased":["Cloak And Dagger","Burst","PowerPotion"],"campfire_rested":2,"item_purchase_floors":[4,14,14],"current_hp_per_floor":[59,59,39,39,33,33,30,21,21,40,40,40,25,25,46,0],"gold":13,"neow_bonus":"THREE_ENEMY_KILL","is_prod":false,"is_daily":false,"chose_seed":false,"campfire_upgraded":1,"win_rate":0,"timestamp":1557641155,"path_taken":["M","M","?","$","?","E","?","?","T","R","?","R","E","$","R","BOSS"],"build_version":"2019-01-23","purchased_purges":1,"victory":false,"max_hp_per_floor":[66,66,66,66,66,66,66,66,66,66,66,66,73,73,73,73],"card_choices":[{"not_picked":["Setup","Eviscerate"],"picked":"Underhanded Strike","floor":1},{"not_picked":["Catalyst","Quick Slash"],"picked":"Bouncing Flask","floor":2},{"not_picked":["Skewer","Tools of the Trade"],"picked":"Catalyst","floor":6},{"not_picked":["Eviscerate","Poisoned Stab"],"picked":"Backflip","floor":7},{"not_picked":["Setup","Dagger Throw"],"picked":"Blur","floor":8},{"not_picked":["Backflip","Prepared"],"picked":"Crippling Poison","floor":13}],"player_experience":3656048,"relics_obtained":[{"floor":6,"key":"WingedGreaves"},{"floor":9,"key":"Bottled Flame"},{"floor":11,"key":"Anchor"},{"floor":13,"key":"Strawberry"}],"event_choices":[{"damage_healed":0,"gold_gain":0,"player_choice":"Entered Light","damage_taken":20,"max_hp_gain":0,"max_hp_loss":0,"event_name":"Shining Light","floor":3,"gold_loss":0,"cards_upgraded":["Defend_G","Defend_G"]},{"damage_healed":0,"gold_gain":50,"player_choice":"Touch","damage_taken":6,"max_hp_gain":0,"max_hp_loss":0,"event_name":"FaceTrader","floor":5,"gold_loss":0}],"is_beta":false,"boss_relics":[],"items_purged_floors":[4],"is_endless":false,"potions_floor_spawned":[6],"killed_by":"Slime Boss","ascension_level":20}