{"gold_per_floor":[116,132,132,132,146,146,176,194,221,221,235,248,198,72,72,175,175,194,194,206,223,36,36,63,63,86,101,101,130,130,130,130,232,232,248,48,0,13,25,25,25,25,25,52,52,52,52,87,87,87],"floor_reached":51,"playtime":2327,"items_purged":["Strike_G"],"score":741,"play_id":"1b8d954c-a72f-4330-9151-cc65fc38147c","local_time":"20190513225557","is_ascension_mode":false,"campfire_choices":[{"data":"Crippling Poison","floor":6,"key":"SMITH"},{"floor":10,"key":"REST"},{"data":"Deadly Poison","floor":15,"key":"SMITH"},{"data":"Noxious Fumes","floor":23,"key":"SMITH"},{"data":"Caltrops","floor":25,"key":"SMITH"},{"floor":28,"key":"REST"},{"floor":30,"key":"REST"},{"floor":32,"key":"REST"},{"floor":40,"key":"REST"},{"data":"Neutralize","floor":42,"key":"SMITH"},{"data":"Poisoned Stab","floor":47,"key":"SMITH"},{"data":"Blur","floor":49,"key":"SMITH"}],"neow_cost":"NONE","seed_source_timestamp":2949061577471695,"circlet_count":0,"master_deck":["Defend_G","Defend_G","Defend_G","Defend_G","Strike_G+1","Survivor","Neutralize+1","Poisoned Stab+1","Sucker Punch","Crippling Poison+1","Blur+1","Caltrops+1","Adrenaline+1","Deadly Poison+1","Night Terror+1","Dash","Neutralize","Deadly Poison+1","Noxious Fumes+1","Outmaneuver+1","Well Laid Plans+1","After Image+1","Calculated Gamble+1","Prepared+1","PiercingWail","Deflect+1","PiercingWail"],"relics":["Ring of the Snake","Oddly Smooth Stone","Snake Skull","Sozu","War Paint","Centennial Puzzle","Juzu Bracelet","Matryoshka","Astrolabe","Ancient Tea Set","Red Mask","Dream Catcher","Mercury Hourglass","Blood Vial","Bag of Marbles"],"potions_floor_usage":[20,35,39],"damage_taken":[{"damage":0,"enemies":"2 Louse","floor":1,"turns":4},{"damage":5,"enemies":"Small Slimes","floor":2,"turns":4},{"damage":0,"enemies":"Cultist","floor":5,"turns":3},{"damage":22,"enemies":"3 Sentries","floor":7,"turns":12},{"damage":4,"enemies":"2 Fungi Beasts","floor":8,"turns":4},{"damage":3,"enemies":"Gremlin Gang","floor":11,"turns":3},{"damage":10,"enemies":"Looter","floor":12,"turns":3},{"damage":1,"enemies":"The Guardian","floor":16,"turns":9},{"damage":14,"enemies":"3 Byrds","floor":18,"turns":4},{"damage":0,"enemies":"Shell Parasite","floor":20,"turns":3},{"damage":1,"enemies":"Snake Plant","floor":21,"turns":4},{"damage":8,"enemies":"Book of Stabbing","floor":24,"turns":5},{"damage":15,"enemies":"Centurion and Healer","floor":27,"turns":4},{"damage":33,"enemies":"Slavers","floor":29,"turns":4},{"damage":27,"enemies":"Automaton","floor":33,"turns":8},{"damage":1,"enemies":"Orb Walker","floor":35,"turns":4},{"damage":11,"enemies":"3 Darklings","floor":38,"turns":4},{"damage":16,"enemies":"Transient","floor":39,"turns":5},{"damage":2,"enemies":"Giant Head","floor":44,"turns":8},{"damage":5,"enemies":"Nemesis","floor":48,"turns":7},{"damage":22,"enemies":"Donu and Deca","floor":50,"turns":10}],"seed_played":"2181730564930249039","potions_obtained":[{"floor":2,"key":"EssenceOfSteel"},{"floor":11,"key":"Energy Potion"},{"floor":12,"key":"Fire Potion"}],"is_trial":false,"path_per_floor":["M","M","?","?","M","R","E","M","T","R","M","M","?","$","R","B",null,"M","?","M","M","$","R","E","R","T","M","R","E","R","?","R","B",null,"M","$","?","M","M","R","?","R","T","E","?","?","R","E","R","B",null],"character_chosen":"THE_SILENT","items_purchased":["Deadly Poison","Noxious Fumes","War Paint","PiercingWail","Ancient Tea Set"],"campfire_rested":5,"item_purchase_floors":[14,22,22,36,36],"current_hp_per_floor":[77,72,57,62,62,62,40,36,36,60,57,47,47,47,47,46,82,68,68,68,67,67,67,59,59,59,44,68,35,59,59,82,55,82,81,81,81,70,54,78,78,78,78,76,76,76,76,73,73,53],"gold":87,"neow_bonus":"TEN_PERCENT_HP_BONUS","is_prod":false,"is_daily":false,"chose_seed":false,"campfire_upgraded":7,"win_rate":0,"timestamp":1557802557,"path_taken":["M","M","?","?","M","R","E","M","T","R","M","M","?","$","R","BOSS","M","?","?","M","$","R","E","R","T","M","R","E","R","?","R","BOSS","M","$","?","M","M","R","?","R","T","E","?","?","R","E","R","BOSS"],"build_version":"2019-01-23","purchased_purges":1,"victory":true,"max_hp_per_floor":[77,77,77,82,82,82,82,82,82,82,82,82,82,82,82,82,82,82,82,82,82,82,82,82,82,82,82,82,82,82,82,82,82,82,82,82,82,82,82,82,78,78,78,78,78,78,78,78,78,78],"card_choices":[{"not_picked":["Flying Knee","Masterful Stab"],"picked":"Poisoned Stab","floor":1},{"not_picked":["Reflex","Terror"],"picked":"Sucker Punch","floor":2},{"not_picked":["Blade Dance","PiercingWail"],"picked":"Crippling Poison","floor":5},{"not_picked":["Flechettes","Flying Knee"],"picked":"Blur","floor":7},{"not_picked":["Slice","Underhanded Strike"],"picked":"Caltrops","floor":8},{"not_picked":["Finisher","Underhanded Strike","Flying Knee"],"picked":"SKIP","floor":11},{"not_picked":["Dagger Spray","Dagger Throw"],"picked":"Adrenaline","floor":12},{"not_picked":["Phantasmal Killer","Die Die Die"],"picked":"Night Terror","floor":16},{"not_picked":["Escape Plan","Prepared"],"picked":"Dash","floor":18},{"not_picked":["Dagger Throw+1","Choke+1"],"picked":"Deadly Poison+1","floor":20},{"not_picked":["Blade Dance+1","Bane","Flechettes+1"],"picked":"SKIP","floor":21},{"not_picked":["Night Terror","Flechettes","Flying Knee"],"picked":"SKIP","floor":24},{"not_picked":["Deadly Poison","Blade Dance"],"picked":"Outmaneuver+1","floor":27},{"not_picked":["Dagger Throw","Underhanded Strike+1"],"picked":"Well Laid Plans","floor":29},{"not_picked":["Finisher+1","Deadly Poison"],"picked":"Prepared+1","floor":35},{"not_picked":["Quick Slash+1","Deadly Poison+1"],"picked":"Deflect+1","floor":38},{"not_picked":["Dodge and Roll","Finisher+1","Noxious Fumes"],"picked":"SKIP","floor":39},{"not_picked":["Underhanded Strike","Deflect+1"],"picked":"PiercingWail","floor":44},{"not_picked":["Masterful Stab","Prepared","Outmaneuver+1"],"picked":"SKIP","floor":48}],"player_experience":3667185,"relics_obtained":[{"floor":7,"key":"Oddly Smooth Stone"},{"floor":9,"key":"Snake Skull"},{"floor":24,"key":"Centennial Puzzle"},{"floor":26,"key":"Juzu Bracelet"},{"floor":29,"key":"Matryoshka"},{"floor":43,"key":"Dream Catcher"},{"floor":43,"key":"Mercury Hourglass"},{"floor":44,"key":"Blood Vial"},{"floor":48,"key":"Bag of Marbles"}],"event_choices":[{"damage_healed":0,"gold_gain":0,"player_choice":"Entered Light","damage_taken":15,"max_hp_gain":0,"max_hp_loss":0,"event_name":"Shining Light","floor":3,"gold_loss":0,"cards_upgraded":["Defend_G","Strike_G"]},{"damage_healed":0,"gold_gain":0,"player_choice":"Donut","damage_taken":0,"max_hp_gain":5,"max_hp_loss":0,"event_name":"Big Fish","floor":4,"gold_loss":0},{"cards_removed":["Strike_G"],"damage_healed":0,"gold_gain":0,"player_choice":"Card Removal","damage_taken":0,"max_hp_gain":0,"max_hp_loss":0,"event_name":"The Cleric","floor":13,"gold_loss":50},{"damage_healed":0,"gold_gain":0,"player_choice":"1 cards matched","damage_taken":0,"max_hp_gain":0,"max_hp_loss":0,"event_name":"Match and Keep!","floor":19,"gold_loss":0,"cards_obtained":["Neutralize"]},{"damage_healed":0,"gold_gain":0,"player_choice":"Upgraded","damage_taken":0,"max_hp_gain":0,"max_hp_loss":0,"event_name":"Upgrade Shrine","floor":31,"gold_loss":0,"cards_upgraded":["Well Laid Plans"]},{"damage_healed":0,"gold_gain":0,"player_choice":"Paid","damage_taken":0,"relics_obtained":["Red Mask"],"max_hp_gain":0,"max_hp_loss":0,"event_name":"Tomb of Lord Red Mask","floor":37,"gold_loss":48},{"damage_healed":0,"gold_gain":0,"player_choice":"Max HP","damage_taken":0,"max_hp_gain":0,"max_hp_loss":4,"event_name":"Winding Halls","floor":41,"gold_loss":0},{"damage_healed":0,"gold_gain":0,"player_choice":"Ignored","damage_taken":0,"max_hp_gain":0,"max_hp_loss":0,"event_name":"Mysterious Sphere","floor":45,"gold_loss":0},{"cards_removed":["Skewer"],"damage_healed":0,"gold_gain":0,"player_choice":"Removed Attack","damage_taken":0,"max_hp_gain":0,"max_hp_loss":0,"event_name":"Falling","floor":46,"gold_loss":0}],"is_beta":false,"boss_relics":[{"not_picked":["WristBlade","Philosopher\u0027s Stone"],"picked":"Sozu"},{"not_picked":["Velvet Choker","Empty Cage"],"picked":"Astrolabe"}],"items_purged_floors":[14],"is_endless":false,"potions_floor_spawned":[2,11,12,16,20,27,33,35,39,48],"ascension_level":0}