{"path_per_floor":["M","?","M","M","M","R","E","M","T","?","E","M","R","?","R","B",null,"M","?","T","$","M","E","R","M","T","M","R","E","M"],"character_chosen":"IRONCLAD","items_purchased":["Orichalcum","Fire Breathing","Armaments"],"gold_per_floor":[117,117,127,143,154,154,185,202,202,167,199,217,217,217,217,312,312,322,247,247,15,30,62,62,73,100,115,115,146,161],"floor_reached":31,"campfire_rested":2,"playtime":3438,"current_hp_per_floor":[79,63,65,62,65,65,42,37,37,57,42,46,46,46,46,21,80,68,68,68,68,74,32,56,41,41,34,58,25,24],"items_purged":[],"gold":161,"play_id":"1ce70513-01ef-429b-812e-bd1382c57661","is_prod":false,"is_daily":false,"campfire_rituals":0,"campfire_upgraded":3,"is_hardmode":false,"path_taken":["M","?","M","M","?","R","E","M","T","?","E","M","R","?","R","BOSS","M","?","?","?","?","E","R","M","T","M","R","E","M","E"],"build_version":"2018-01-18-PROD4","purchased_purges":0,"victory":false,"master_deck":["Strike_R","Strike_R","Strike_R","Strike_R","Defend_R","Defend_R","Defend_R","Bash","Headbutt","Cleave","Barricade","Bludgeon","Iron Wave","Thunderclap","Rage","Thunderclap","Limit Break","Flex","Fire Breathing","Armaments","Fire Breathing","Twin Strike","Inflame","Shrug It Off","Intimidate","Shrug It Off"],"max_hp_per_floor":[80,80,80,80,80,80,80,80,80,80,80,80,80,80,80,80,80,80,80,80,80,80,80,80,80,80,80,80,80,80],"relics":["Burning Blood","Lantern","Smiling Mask","Letter Opener","Question Card","Toxic Egg","Orichalcum","Ice Cream","Molten Egg","Peace Pipe"],"campfire_meditates":0,"card_choices":[{"not_picked":["Combust","Shockwave"],"picked":"Headbutt"},{"not_picked":["Clash","Sword Boomerang"],"picked":"Cleave"},{"not_picked":["Perfected Strike","Anger"],"picked":"Barricade"},{"not_picked":["Clash","Body Slam"],"picked":"Bludgeon"},{"not_picked":["Intimidate","True Grit"],"picked":"Iron Wave"},{"not_picked":["Sever Soul","Burning Pact"],"picked":"Thunderclap"},{"not_picked":["Corruption","Heavy Blade"],"picked":"Rage"},{"not_picked":["Fiend Fire","Brutality"],"picked":"Limit Break"},{"not_picked":["Twin Strike","Clothesline","Bloodletting"],"picked":"Flex"},{"not_picked":["Uppercut","Metallicize","Reckless Charge"],"picked":"Fire Breathing"},{"not_picked":["Perfected Strike","Dropkick","Second Wind"],"picked":"Twin Strike"},{"not_picked":["Shockwave","Uppercut","Rupture"],"picked":"Inflame"},{"not_picked":["Body Slam","Iron Wave","Inflame"],"picked":"Shrug It Off"},{"not_picked":["Clothesline","Blood for Blood","Shockwave"],"picked":"Intimidate"},{"not_picked":["Perfected Strike","Headbutt","Anger"],"picked":"Shrug It Off"}],"player_experience":135449,"potions_floor_usage":[7,7,16,18,27,31],"damage_taken":[{"damage":7,"enemies":"2 Louse","floor":1,"turns":5},{"damage":4,"enemies":"Small Slimes","floor":3,"turns":3},{"damage":9,"enemies":"Blue Slaver","floor":4,"turns":5},{"damage":3,"enemies":"2 Fungi Beasts","floor":5,"turns":3},{"damage":29,"enemies":"Lagavulin","floor":7,"turns":8},{"damage":11,"enemies":"3 Louse","floor":8,"turns":4},{"damage":21,"enemies":"3 Sentries","floor":11,"turns":6},{"damage":2,"enemies":"Exordium Wildlife","floor":12,"turns":5},{"damage":31,"enemies":"Slime Boss","floor":16,"turns":10},{"damage":18,"enemies":"2 Thieves","floor":18,"turns":4},{"damage":0,"enemies":"Chosen","floor":22,"turns":4},{"damage":48,"enemies":"Book of Stabbing","floor":23,"turns":5},{"damage":21,"enemies":"Snecko","floor":25,"turns":5},{"damage":13,"enemies":"3 Cultists","floor":27,"turns":4},{"damage":39,"enemies":"Slavers","floor":29,"turns":5},{"damage":7,"enemies":"Centurion and Healer","floor":30,"turns":5},{"damage":31,"enemies":"Gremlin Leader","floor":31,"turns":3}],"event_choices":[{"event_name":"Shining Light","player_choice":"Entered Light","floor":2,"damage_taken":0},{"event_name":"The Cleric","player_choice":"Healed","floor":10,"damage_taken":0},{"event_name":"Living Wall","player_choice":"Change","floor":14,"damage_taken":0},{"event_name":"Beggar","player_choice":"Gave Gold","floor":19,"damage_taken":0}],"boss_relics":[{"not_picked":["Philosopher\u0027s Stone","Runic Pyramid"],"picked":"Question Card"}],"potions_floor_spawned":[3,5,12,16,25,29],"seed_played":"6906123782234748760","killed_by":"Gremlin Leader","is_trial":false}