{"gold_per_floor":[213,1,13,13,0,31,31,65,65,15,40,56,56,82,82,183,183,195,195,208,208,17,47,47,47,47,47,61,61,124,150,150,150],"floor_reached":33,"playtime":1566,"items_purged":[],"score":476,"play_id":"1cfda5e3-7a1c-4bc8-ab40-b26d833b416f","local_time":"20181219171831","is_ascension_mode":true,"campfire_choices":[{"floor":7,"key":"REST"},{"floor":13,"key":"REST"},{"data":"Defragment","floor":15,"key":"SMITH"},{"data":"Creative AI","floor":24,"key":"SMITH"},{"data":"Normality","floor":27,"key":"PURGE"},{"floor":32,"key":"REST"}],"neow_cost":"NONE","seed_source_timestamp":602386980607392,"circlet_count":0,"master_deck":["AscendersBane","Strike_B+1","Strike_B+1","Strike_B+1","Strike_B+1","Defend_B+1","Defend_B+1","Defend_B+1","Defend_B+1","Zap","Dualcast","Coolheaded","Self Repair","Aggregate","Defragment+1","Self Repair","Streamline+1","Sweeping Beam+1","Go for the Eyes+1","Go for the Eyes+1","Seek","Compile Driver+1","Amplify","Cold Snap+1","Creative AI+1","Aggregate","Backflip+1","Hologram+1"],"relics":["Cracked Core","Membership Card","Peace Pipe","Juzu Bracelet","Molten Egg 2","Torii","Incense Burner","Ginger","Cursed Key","PrismaticShard","Turnip","Lantern","Tiny Chest","Red Mask"],"potions_floor_usage":[6,11,14,16,16,28,28,33],"damage_taken":[{"damage":4,"enemies":"Small Slimes","floor":1,"turns":4},{"damage":7,"enemies":"Jaw Worm","floor":3,"turns":3},{"damage":10,"enemies":"Lagavulin","floor":6,"turns":6},{"damage":60,"enemies":"3 Sentries","floor":8,"turns":8},{"damage":20,"enemies":"Gremlin Nob","floor":11,"turns":5},{"damage":2,"enemies":"Cultist","floor":12,"turns":4},{"damage":12,"enemies":"Lagavulin","floor":14,"turns":9},{"damage":6,"enemies":"The Guardian","floor":16,"turns":10},{"damage":3,"enemies":"Shell Parasite","floor":18,"turns":7},{"damage":2,"enemies":"Chosen","floor":20,"turns":4},{"damage":5,"enemies":"Gremlin Leader","floor":23,"turns":7},{"damage":13,"enemies":"Snake Plant","floor":28,"turns":5},{"damage":60,"enemies":"Slavers","floor":30,"turns":6},{"damage":15,"enemies":"Masked Bandits","floor":31,"turns":4},{"damage":66,"enemies":"Collector","floor":33,"turns":5}],"seed_played":"-5738456626378400547","potions_obtained":[{"floor":3,"key":"AttackPotion"},{"floor":6,"key":"Ancient Potion"},{"floor":12,"key":"FocusPotion"},{"floor":14,"key":"LiquidBronze"},{"floor":16,"key":"Swift Potion"},{"floor":23,"key":"SpeedPotion"},{"floor":30,"key":"Block Potion"}],"is_trial":false,"path_per_floor":["M","$","M","?","?","E","R","E","T","$","E","M","R","E","R","B",null,"M","?","M","?","$","E","R","?","T","R","M","?","E","?","R","B"],"character_chosen":"DEFECT","items_purchased":["Membership Card","Self Repair","Streamline+1","Weak Potion","Creative AI","PrismaticShard","Aggregate"],"campfire_rested":3,"item_purchase_floors":[2,2,10,10,22,22,22],"current_hp_per_floor":[64,64,64,57,57,54,75,22,22,22,16,28,50,52,52,60,71,75,75,75,75,75,75,75,61,61,61,69,69,23,22,46,0],"gold":150,"neow_bonus":"HUNDRED_GOLD","is_prod":false,"is_daily":false,"chose_seed":false,"campfire_upgraded":2,"win_rate":0,"timestamp":1545257911,"path_taken":["M","$","M","?","?","E","R","E","T","?","E","M","R","E","R","BOSS","M","?","M","?","$","E","R","?","T","R","M","?","E","?","R","BOSS"],"build_version":"2018-12-13","purchased_purges":0,"victory":false,"max_hp_per_floor":[75,75,75,75,75,75,75,75,75,75,75,75,75,75,75,75,75,75,75,75,75,75,75,75,80,80,80,80,80,80,80,80,80],"card_choices":[{"not_picked":["Compile Driver","Turbo"],"picked":"Coolheaded","floor":1},{"not_picked":["Barrage","Redo"],"picked":"Aggregate","floor":3},{"not_picked":["Sunder","Undo"],"picked":"Defragment","floor":6},{"not_picked":["Steam","Go for the Eyes"],"picked":"Self Repair","floor":8},{"not_picked":["Reprogram","Multi-Cast"],"picked":"Sweeping Beam+1","floor":11},{"not_picked":["Hello World","Steam"],"picked":"Go for the Eyes+1","floor":12},{"not_picked":["Steam Power","BootSequence"],"picked":"Go for the Eyes+1","floor":14},{"not_picked":["All For One+1","Thunder Strike+1"],"picked":"Seek","floor":16},{"not_picked":["Turbo","Steam"],"picked":"Compile Driver+1","floor":18},{"not_picked":["Redo","Coolheaded+1"],"picked":"Cold Snap+1","floor":20},{"not_picked":["Tools of the Trade","Infernal Blade"],"picked":"Backflip+1","floor":23},{"not_picked":["Bane+1","Barrage+1","Cloak And Dagger+1"],"picked":"SKIP","floor":28},{"not_picked":["Impatience","Prepared"],"picked":"Hologram+1","floor":30}],"player_experience":2945840,"relics_obtained":[{"floor":6,"key":"Juzu Bracelet"},{"floor":8,"key":"Molten Egg 2"},{"floor":9,"key":"Torii"},{"floor":11,"key":"Incense Burner"},{"floor":14,"key":"Ginger"},{"floor":23,"key":"Turnip"},{"floor":26,"key":"Lantern"},{"floor":30,"key":"Tiny Chest"},{"floor":31,"key":"Red Mask"}],"event_choices":[{"damage_healed":0,"gold_gain":0,"player_choice":"Success","damage_taken":7,"relics_obtained":["Peace Pipe"],"max_hp_gain":0,"max_hp_loss":0,"event_name":"Scrap Ooze","floor":4,"gold_loss":0},{"damage_healed":0,"gold_gain":0,"player_choice":"Left Gold","damage_taken":0,"max_hp_gain":0,"max_hp_loss":0,"event_name":"World of Goop","floor":5,"gold_loss":13},{"damage_healed":0,"gold_gain":0,"player_choice":"1 cards matched","damage_taken":0,"max_hp_gain":0,"max_hp_loss":0,"event_name":"Match and Keep!","floor":19,"gold_loss":0,"cards_obtained":["Amplify"]},{"damage_healed":0,"gold_gain":0,"player_choice":"Ignored","damage_taken":0,"max_hp_gain":0,"max_hp_loss":0,"event_name":"Ghosts","floor":21,"gold_loss":0},{"damage_healed":0,"gold_gain":0,"player_choice":"Shed Blood","damage_taken":19,"max_hp_gain":5,"max_hp_loss":0,"event_name":"Forgotten Altar","floor":25,"gold_loss":0},{"damage_healed":0,"gold_gain":0,"player_choice":"Simplicity","damage_taken":0,"max_hp_gain":0,"max_hp_loss":0,"event_name":"Back to Basics","floor":29,"gold_loss":0,"cards_upgraded":["Strike_B","Strike_B","Strike_B","Strike_B","Defend_B","Defend_B","Defend_B","Defend_B"]},{"damage_healed":0,"gold_gain":0,"player_choice":"Fought Bandits","damage_taken":0,"max_hp_gain":0,"max_hp_loss":0,"event_name":"Masked Bandits","floor":31,"gold_loss":0}],"is_beta":false,"boss_relics":[{"not_picked":["Runic Pyramid","Pandora\u0027s Box"],"picked":"Cursed Key"}],"items_purged_floors":[],"is_endless":false,"potions_floor_spawned":[3,6,12,14,16,23,30],"killed_by":"Collector","ascension_level":11}