{"gold_per_floor":[112,75,75,99,99,99,134,134,157,157,157,171,171,189,189,319,319,339,142,142,157,82,82,117,117,117,242,242,258,45,76,76,207,207,222,222,242,79,79,79,120,120,175,205,217,31,50,66,66,66,66,66,66,66],"floor_reached":54,"playtime":4472,"items_purged":["Strike_G"],"score":1011,"play_id":"142daf55-612d-4f29-a873-53e4e97103e1","local_time":"20190721151039","is_ascension_mode":true,"campfire_choices":[{"data":"Neutralize","floor":6,"key":"SMITH"},{"data":"Backflip","floor":8,"key":"SMITH"},{"data":"Well Laid Plans","floor":10,"key":"SMITH"},{"floor":15,"key":"REST"},{"data":"Cloak And Dagger","floor":23,"key":"SMITH"},{"floor":25,"key":"REST"},{"floor":28,"key":"REST"},{"data":"Backflip","floor":32,"key":"SMITH"},{"floor":40,"key":"REST"},{"floor":42,"key":"RECALL"},{"data":"PiercingWail","floor":49,"key":"SMITH"},{"data":"Grand Finale","floor":52,"key":"SMITH"}],"neow_cost":"NONE","seed_source_timestamp":16869299492089,"circlet_count":0,"master_deck":["Strike_G+1","Strike_G+1","Strike_G+1","Defend_G","Defend_G","Defend_G","Defend_G+1","Survivor+1","Neutralize+1","Backflip+1","Well Laid Plans+1","Cloak And Dagger+1","Backflip+1","Grand Finale","Dodge and Roll+1","PiercingWail+1","Backflip+1","Crippling Poison","Underhanded Strike","Grand Finale+1","Acrobatics+1","Escape Plan","Master of Strategy","Violence","Flash of Steel","Prepared"],"relics":["Ring of the Serpent","NeowsBlessing","Golden Idol","Ginger","Ancient Tea Set","HoveringKite","Bronze Scales","Lantern","WingedGreaves","Bottled Tornado","Whetstone","Meat on the Bone","MawBank","Anchor"],"potions_floor_usage":[14,16,24,50,50,54],"damage_taken":[{"damage":0,"enemies":"Small Slimes","floor":1,"turns":1},{"damage":0,"enemies":"2 Louse","floor":4,"turns":1},{"damage":0,"enemies":"3 Sentries","floor":7,"turns":1},{"damage":0,"enemies":"Jaw Worm","floor":12,"turns":4},{"damage":1,"enemies":"Lots of Slimes","floor":14,"turns":4},{"damage":37,"enemies":"Slime Boss","floor":16,"turns":20},{"damage":0,"enemies":"3 Byrds","floor":18,"turns":4},{"damage":19,"enemies":"Spheric Guardian","floor":21,"turns":6},{"damage":16,"enemies":"Gremlin Leader","floor":24,"turns":6},{"damage":0,"enemies":"Colosseum Slavers","floor":27,"turns":4},{"damage":6,"enemies":"Colosseum Nobs","floor":27,"turns":3},{"damage":8,"enemies":"Cultist and Chosen","floor":29,"turns":3},{"damage":0,"enemies":"Slavers","floor":31,"turns":3},{"damage":19,"enemies":"Collector","floor":33,"turns":8},{"damage":3,"enemies":"Orb Walker","floor":35,"turns":3},{"damage":0,"enemies":"3 Darklings","floor":37,"turns":3},{"damage":0,"enemies":"Reptomancer","floor":41,"turns":4},{"damage":0,"enemies":"Sphere and 2 Shapes","floor":44,"turns":3},{"damage":11,"enemies":"4 Shapes","floor":47,"turns":6},{"damage":0,"enemies":"Spire Growth","floor":48,"turns":3},{"damage":11,"enemies":"Donu and Deca","floor":50,"turns":5},{"damage":78,"enemies":"Shield and Spear","floor":54,"turns":6}],"seed_played":"-785835106437331300","potions_obtained":[{"floor":1,"key":"LiquidBronze"},{"floor":12,"key":"Dexterity Potion"},{"floor":16,"key":"Swift Potion"},{"floor":24,"key":"EssenceOfSteel"},{"floor":27,"key":"Block Potion"},{"floor":35,"key":"GamblersBrew"}],"is_trial":false,"path_per_floor":["M","$","?","M","?","R","E","R","T","R","?","M","?","M","R","B",null,"M","$","?","M","?","R","E","R","T","?","R","M","$","E","R","B",null,"M","?","M","$","?","R","E","R","T","M","?","$","M","M","R","B",null,"R","$","E"],"character_chosen":"THE_SILENT","items_purchased":["Well Laid Plans","Bronze Scales","PiercingWail","Grand Finale","Master of Strategy","PowerPotion","Anchor"],"campfire_rested":4,"item_purchase_floors":[2,19,19,30,38,46,46],"current_hp_per_floor":[63,63,46,46,32,32,32,32,32,32,32,32,25,24,45,8,55,55,55,55,36,36,36,20,41,41,35,56,48,48,48,48,29,60,57,57,57,57,47,68,68,68,68,68,66,66,55,55,55,44,61,61,61,0],"gold":66,"neow_bonus":"THREE_ENEMY_KILL","is_prod":false,"is_daily":false,"chose_seed":false,"campfire_upgraded":7,"win_rate":0,"timestamp":1563714639,"path_taken":["M","$","?","M","?","R","E","R","T","R","?","M","?","M","R","BOSS","M","$","?","?","?","R","E","R","T","?","R","M","$","E","R","BOSS","M","?","M","$","?","R","E","R","T","M","?","$","M","M","R","BOSS","R","$","E"],"build_version":"2019-07-17","purchased_purges":1,"victory":false,"max_hp_per_floor":[70,70,70,70,70,70,70,70,70,70,70,70,70,70,70,70,70,70,70,70,70,70,70,70,70,70,70,70,70,70,70,70,70,70,70,70,70,70,70,70,70,70,70,70,66,66,66,66,66,66,66,66,66,66],"card_choices":[{"not_picked":["Reflex","Calculated Gamble"],"picked":"Backflip","floor":1},{"not_picked":["Underhanded Strike","Masterful Stab","Blade Dance"],"picked":"SKIP","floor":4},{"not_picked":["Dagger Throw","Endless Agony"],"picked":"Cloak And Dagger","floor":7},{"not_picked":["Well Laid Plans","Backstab","Sucker Punch"],"picked":"SKIP","floor":12},{"not_picked":["Grand Finale","Blade Dance"],"picked":"Backflip","floor":14},{"not_picked":["Glass Knife","Wraith Form v2"],"picked":"Grand Finale","floor":16},{"not_picked":["Cloak And Dagger","Deflect"],"picked":"Dodge and Roll+1","floor":18},{"not_picked":["Outmaneuver","Tactician"],"picked":"Prepared","floor":21},{"not_picked":["Deadly Poison","Dagger Spray"],"picked":"Crippling Poison","floor":24},{"not_picked":["Sucker Punch+1","Catalyst"],"picked":"Underhanded Strike","floor":27},{"not_picked":["Poisoned Stab","Blade Dance","Eviscerate"],"picked":"SKIP","floor":29},{"not_picked":["Die Die Die","Slice","Backstab"],"picked":"SKIP","floor":31},{"not_picked":["PiercingWail+1","Crippling Poison"],"picked":"Acrobatics+1","floor":35},{"not_picked":["Backflip","Dagger Spray+1"],"picked":"Escape Plan","floor":37},{"not_picked":["Discovery","Flash of Steel"],"picked":"Violence","floor":39},{"not_picked":["Impatience","Jack Of All Trades"],"picked":"Flash of Steel","floor":39},{"not_picked":["Distraction+1","Slice"],"picked":"Prepared","floor":41},{"not_picked":["Underhanded Strike","Blade Dance","Skewer"],"picked":"SKIP","floor":44},{"not_picked":["Masterful Stab+1","Distraction","Quick Slash+1"],"picked":"SKIP","floor":47},{"not_picked":["Masterful Stab","Blade Dance+1","Underhanded Strike"],"picked":"SKIP","floor":48}],"player_experience":202537,"relics_obtained":[{"floor":7,"key":"Ginger"},{"floor":9,"key":"Ancient Tea Set"},{"floor":24,"key":"Lantern"},{"floor":27,"key":"WingedGreaves"},{"floor":27,"key":"Bottled Tornado"},{"floor":31,"key":"Whetstone"},{"floor":41,"key":"Meat on the Bone"},{"floor":43,"key":"MawBank"}],"event_choices":[{"damage_healed":0,"gold_gain":0,"player_choice":"Take Damage","damage_taken":17,"relics_obtained":["Golden Idol"],"max_hp_gain":0,"max_hp_loss":0,"event_name":"Golden Idol","floor":3,"gold_loss":0},{"damage_healed":0,"gold_gain":0,"player_choice":"Entered Light","damage_taken":14,"max_hp_gain":0,"max_hp_loss":0,"event_name":"Shining Light","floor":5,"gold_loss":0,"cards_upgraded":["Defend_G","Strike_G"]},{"damage_healed":0,"gold_gain":0,"player_choice":"Grow","damage_taken":0,"max_hp_gain":0,"max_hp_loss":0,"event_name":"Living Wall","floor":11,"gold_loss":0,"cards_upgraded":["Survivor"]},{"cards_removed":["Defend_G"],"damage_healed":0,"gold_gain":0,"player_choice":"Card Removal","damage_taken":7,"max_hp_gain":0,"max_hp_loss":0,"event_name":"Golden Wing","floor":13,"gold_loss":0},{"damage_healed":0,"gold_gain":0,"player_choice":"Copied","damage_taken":0,"max_hp_gain":0,"max_hp_loss":0,"event_name":"Duplicator","floor":20,"gold_loss":0,"cards_obtained":["Backflip"]},{"cards_removed":["Strike_G"],"damage_healed":0,"gold_gain":0,"player_choice":"Gave Gold","damage_taken":0,"max_hp_gain":0,"max_hp_loss":0,"event_name":"Beggar","floor":22,"gold_loss":75},{"damage_healed":0,"gold_gain":0,"player_choice":"Fight","damage_taken":0,"max_hp_gain":0,"max_hp_loss":0,"event_name":"Colosseum","floor":27,"gold_loss":0},{"damage_healed":0,"gold_gain":0,"player_choice":"Fought Nobs","damage_taken":0,"max_hp_gain":0,"max_hp_loss":0,"event_name":"Colosseum","floor":27,"gold_loss":0},{"cards_removed":["Prepared"],"damage_healed":0,"gold_gain":0,"player_choice":"Removed Skill","damage_taken":0,"max_hp_gain":0,"max_hp_loss":0,"event_name":"Falling","floor":36,"gold_loss":0},{"damage_healed":0,"gold_gain":0,"player_choice":"Memory 3","damage_taken":10,"max_hp_gain":0,"max_hp_loss":0,"event_name":"SensoryStone","floor":39,"gold_loss":0},{"damage_healed":0,"gold_gain":0,"player_choice":"Max HP","damage_taken":0,"max_hp_gain":0,"max_hp_loss":4,"event_name":"Winding Halls","floor":45,"gold_loss":0}],"is_beta":false,"boss_relics":[{"not_picked":["Tiny House","Pandora\u0027s Box"],"picked":"HoveringKite"},{"not_picked":["White Beast Statue","WristBlade"],"picked":"Ring of the Serpent"}],"items_purged_floors":[30],"is_endless":false,"potions_floor_spawned":[1,12,16,24,27,35,41],"killed_by":"Shield and Spear","ascension_level":7}