{"path_per_floor":["M","?","$","M","$","R","M","R","T","M","M","$","R","?","R","B",null,"M","$","?","M","M","R","M","?","T","?","R","M","M"],"character_chosen":"THE_SILENT","items_purchased":["Acrobatics","Caltrops","Caltrops","Adrenaline"],"gold_per_floor":[113,63,63,82,57,57,74,74,74,92,105,68,68,143,143,243,243,254,36,36,56,74,74,84,84,84,84,84,99,117],"floor_reached":31,"campfire_rested":1,"playtime":5581,"current_hp_per_floor":[68,68,68,68,68,68,61,61,61,60,58,58,58,47,47,4,70,66,66,66,52,52,52,38,29,29,29,66,46,42],"items_purged":[],"gold":117,"play_id":"e28b8c44-e4e4-4555-99fc-ea3d70217c73","is_prod":false,"is_daily":false,"campfire_rituals":0,"campfire_upgraded":5,"is_hardmode":false,"path_taken":["M","?","$","M","$","R","M","R","T","M","?","$","R","?","R","BOSS","M","$","?","?","M","R","M","?","T","?","R","?","M","M"],"build_version":"2018-01-11-PROD2","purchased_purges":0,"victory":false,"master_deck":["Defend_G","Defend_G","Defend_G","Defend_G","Defend_G","Strike_G","Strike_G","Strike_G","Strike_G","Survivor","Neutralize","Acrobatics","Prepared","Acrobatics","Escape Plan","Backflip","Calculated Gamble","Caltrops","Deadly Poison","Caltrops","Adrenaline","Malaise","Outmaneuver","Outmaneuver","Distraction"],"max_hp_per_floor":[70,70,70,70,70,70,70,70,70,70,70,70,70,70,70,70,70,70,70,70,70,70,70,70,75,75,75,75,75,75],"relics":["Ring of the Snake","Regal Pillow","Gambling Chip","The Specimen","Unceasing Top"],"campfire_meditates":0,"card_choices":[{"not_picked":["Heel Hook","Sucker Punch"],"picked":"Acrobatics"},{"not_picked":["Unload","Malaise"],"picked":"Prepared"},{"not_picked":["Dagger Throw","Outmaneuver"],"picked":"Escape Plan"},{"not_picked":["Poisoned Stab","Dagger Throw"],"picked":"Backflip"},{"not_picked":["PiercingWail","Dagger Throw"],"picked":"Calculated Gamble"},{"not_picked":["Deflect","Eviscerate"],"picked":"Deadly Poison"},{"not_picked":["Dagger Spray","Poisoned Stab"],"picked":"Malaise"},{"not_picked":["Sucker Punch","Deadly Poison"],"picked":"Outmaneuver"},{"not_picked":["Bane","Corpse Explosion"],"picked":"Outmaneuver"},{"not_picked":["Dodge and Roll","Deflect"],"picked":"Distraction"}],"player_experience":45288,"potions_floor_usage":[16,16,22,29,31,31],"damage_taken":[{"damage":2,"enemies":"Blue Slaver","floor":1,"turns":6},{"damage":0,"enemies":"2 Louse","floor":4,"turns":3},{"damage":7,"enemies":"Small Slimes","floor":7,"turns":6},{"damage":1,"enemies":"Red Slaver","floor":10,"turns":8},{"damage":2,"enemies":"Large Slime","floor":11,"turns":9},{"damage":43,"enemies":"The Guardian","floor":16,"turns":17},{"damage":4,"enemies":"Shell Parasite","floor":18,"turns":11},{"damage":14,"enemies":"Spheric Guardian","floor":21,"turns":7},{"damage":0,"enemies":"Snake Plant","floor":22,"turns":5},{"damage":14,"enemies":"Snecko","floor":24,"turns":8},{"damage":20,"enemies":"Slaver and Parasite","floor":29,"turns":5},{"damage":4,"enemies":"Snake Plant","floor":30,"turns":5},{"damage":55,"enemies":"3 Cultists","floor":31,"turns":5}],"event_choices":[{"event_name":"The Cleric","player_choice":"Card Removal","floor":2,"damage_taken":0},{"event_name":"World of Goop","player_choice":"Gather Gold","floor":14,"damage_taken":0},{"event_name":"Drug Dealer","player_choice":"Ignored","floor":20,"damage_taken":0},{"event_name":"Forgotten Altar","player_choice":"Shed Blood","floor":25,"damage_taken":0},{"event_name":"Addict","player_choice":"Ignored","floor":27,"damage_taken":0}],"boss_relics":[{"not_picked":["Lizard Tail","Tiny House"],"picked":"The Specimen"}],"potions_floor_spawned":[7,11,16,18,24,29],"seed_played":"-5909803477358370305","killed_by":"3 Cultists","is_trial":false}