{"gold_per_floor":[114,14,29,104,27,57,57,387,412,442,457,472,72,102,102,202,202,217,232,282,297,4,4,19,19,19,49,49,148,23,23,23,123,123,138,153,1152,623,623,623,638,668,668,698,698,728,728,758,758,758],"floor_reached":51,"playtime":3916,"items_purged":["Thunder Strike","Hyperbeam","All For One","Normality"],"score":1082,"play_id":"53dd1883-d4b5-496e-abbb-574f11703d9a","local_time":"20181215000205","daily_mods":["Shiny","ControlledChaos","Elite Swarm"],"is_ascension_mode":false,"campfire_choices":[{"floor":7,"key":"REST"},{"floor":15,"key":"REST"},{"floor":23,"key":"REST"},{"floor":25,"key":"REST"},{"floor":28,"key":"DIG"},{"floor":32,"key":"DIG"},{"floor":40,"key":"DIG"},{"floor":45,"key":"REST"},{"floor":49,"key":"DIG"}],"neow_cost":"","seed_source_timestamp":0,"circlet_count":0,"master_deck":["Multi-Cast","Biased Cognition","Machine Learning","Electrodynamics","Buffer","Rainbow","Seek","Meteor Strike","Echo Form","Reboot+1","Amplify","Creative AI","Fission+1","Core Surge","Conserve Battery","Conserve Battery","Defragment","Seek","Machine Learning","Capacitor","Reboot","Machine Learning","Apotheosis","Defragment","Seek","Reboot","Aggregate","Normality","Secret Technique","Blind","Decay","Seek","Decay"],"special_seed":17880,"relics":["Cracked Core","Frozen Eye","Shovel","Old Coin","Boot","Cables","Calipers","Gambling Chip","Black Star","Meat on the Bone","Incense Burner","Torii","Juzu Bracelet","Letter Opener","Matryoshka","Cursed Key","PreservedInsect","Smiling Mask","Kunai","Singing Bowl","Bronze Scales","Mummified Hand","Orichalcum","Bottled Lightning","Thread and Needle","War Paint","Lantern","FossilizedHelix","Nunchaku","Potion Belt","Oddly Smooth Stone"],"potions_floor_usage":[12,16,22,24,50,50,50],"damage_taken":[{"damage":9,"enemies":"Jaw Worm","floor":1,"turns":2},{"damage":0,"enemies":"Cultist","floor":3,"turns":3},{"damage":15,"enemies":"Gremlin Nob","floor":6,"turns":4},{"damage":0,"enemies":"Lagavulin","floor":8,"turns":6},{"damage":5,"enemies":"Gremlin Nob","floor":10,"turns":3},{"damage":0,"enemies":"2 Louse","floor":11,"turns":2},{"damage":9,"enemies":"Blue Slaver","floor":12,"turns":3},{"damage":18,"enemies":"Lagavulin","floor":14,"turns":4},{"damage":0,"enemies":"The Guardian","floor":16,"turns":5},{"damage":10,"enemies":"3 Byrds","floor":18,"turns":2},{"damage":20,"enemies":"2 Thieves","floor":19,"turns":2},{"damage":27,"enemies":"Centurion and Healer","floor":21,"turns":4},{"damage":0,"enemies":"Snecko","floor":24,"turns":3},{"damage":37,"enemies":"Gremlin Leader","floor":27,"turns":6},{"damage":14,"enemies":"Automaton","floor":33,"turns":7},{"damage":7,"enemies":"Orb Walker","floor":35,"turns":4},{"damage":0,"enemies":"3 Shapes","floor":36,"turns":3},{"damage":22,"enemies":"3 Darklings","floor":41,"turns":4},{"damage":1,"enemies":"Nemesis","floor":42,"turns":3},{"damage":8,"enemies":"Giant Head","floor":44,"turns":6},{"damage":0,"enemies":"Reptomancer","floor":46,"turns":4},{"damage":0,"enemies":"Giant Head","floor":48,"turns":5},{"damage":0,"enemies":"Donu and Deca","floor":50,"turns":4}],"seed_played":"1573629743694540191","potions_obtained":[{"floor":1,"key":"FearPotion"},{"floor":3,"key":"SpeedPotion"},{"floor":11,"key":"Weak Potion"},{"floor":14,"key":"Swift Potion"},{"floor":16,"key":"FocusPotion"},{"floor":18,"key":"Poison Potion"},{"floor":33,"key":"SteroidPotion"},{"floor":44,"key":"AttackPotion"},{"floor":48,"key":"Ancient Potion"}],"is_trial":false,"path_per_floor":["M","$","M","?","$","E","R","E","T","E","M","M","$","E","R","B",null,"M","M","?","M","$","R","M","R","T","E","R","?","$","T","R","B",null,"M","M","?","$","?","R","M","E","T","E","R","E","T","E","R","B",null],"character_chosen":"DEFECT","items_purchased":["Conserve Battery","Defragment","Calipers","Apotheosis","Fruit Juice","PreservedInsect","Secret Technique","Poison Potion"],"campfire_rested":5,"item_purchase_floors":[2,5,13,22,22,38,38,38],"current_hp_per_floor":[66,66,66,55,55,40,62,62,62,57,57,48,48,30,52,52,75,65,45,45,18,23,47,47,71,71,46,46,46,46,46,46,44,80,73,73,73,73,73,73,51,52,52,44,68,70,70,72,72,72],"gold":758,"neow_bonus":"","is_prod":false,"is_daily":true,"chose_seed":false,"campfire_upgraded":0,"win_rate":0,"timestamp":1544850125,"path_taken":["M","$","M","?","$","E","R","E","T","E","M","M","$","E","R","BOSS","M","M","?","M","?","R","M","R","T","E","R","?","$","?","R","BOSS","M","M","?","$","?","R","M","E","T","E","R","E","?","E","R","BOSS"],"build_version":"2018-12-13","purchased_purges":4,"victory":true,"max_hp_per_floor":[75,75,75,75,75,75,75,75,75,75,75,75,75,75,75,75,75,75,75,75,75,80,80,80,80,80,80,80,80,80,80,80,80,80,80,80,80,80,80,80,80,82,82,82,82,84,84,86,86,86],"card_choices":[{"not_picked":["Reinforced Body","Gash","Darkness"],"picked":"SKIP","floor":1},{"not_picked":["Auto Shields","Go for the Eyes"],"picked":"Conserve Battery","floor":3},{"not_picked":["Biased Cognition","Hyperbeam"],"picked":"Seek","floor":6},{"not_picked":["Thunder Strike","Fission"],"picked":"Machine Learning","floor":8},{"not_picked":["Fission","Multi-Cast","Meteor Strike"],"picked":"SKIP","floor":10},{"not_picked":["Reinforced Body","Beam Cell"],"picked":"Capacitor","floor":11},{"not_picked":["Reprogram","Streamline","Hello World"],"picked":"SKIP","floor":12},{"not_picked":["All For One","Meteor Strike"],"picked":"Reboot","floor":14},{"not_picked":["Hyperbeam","Reboot"],"picked":"Machine Learning","floor":16},{"not_picked":["Steam","Genetic Algorithm+1","Conserve Battery"],"picked":"SKIP","floor":18},{"not_picked":["Gash","Barrage","Beam Cell"],"picked":"SKIP","floor":19},{"not_picked":["Gash","Ball Lightning","Streamline+1"],"picked":"SKIP","floor":21},{"not_picked":["Turbo","Rebound"],"picked":"Defragment","floor":24},{"not_picked":["Thunder Strike","Creative AI"],"picked":"Seek","floor":27},{"not_picked":["Fission","Machine Learning"],"picked":"Reboot","floor":33},{"not_picked":["Turbo+1","Compile Driver+1"],"picked":"Aggregate","floor":35},{"not_picked":["Reprogram","Compile Driver+1","Hologram"],"picked":"SKIP","floor":36},{"not_picked":["Flash of Steel","Trip"],"picked":"Blind","floor":39},{"not_picked":["Cold Snap+1","Sweeping Beam","Buffer"],"picked":"SKIP","floor":41},{"not_picked":["Thunder Strike","Multi-Cast","Buffer"],"picked":"Singing Bowl","floor":42},{"not_picked":["Fission","Machine Learning"],"picked":"Seek","floor":44},{"not_picked":["Meteor Strike","Buffer","Thunder Strike"],"picked":"Singing Bowl","floor":46},{"not_picked":["Biased Cognition","All For One","Rainbow"],"picked":"Singing Bowl","floor":48}],"player_experience":2920269,"relics_obtained":[{"floor":6,"key":"Shovel"},{"floor":8,"key":"Old Coin"},{"floor":9,"key":"Boot"},{"floor":10,"key":"Cables"},{"floor":14,"key":"Gambling Chip"},{"floor":26,"key":"Meat on the Bone"},{"floor":27,"key":"Incense Burner"},{"floor":27,"key":"Torii"},{"floor":28,"key":"Juzu Bracelet"},{"floor":31,"key":"Letter Opener"},{"floor":32,"key":"Matryoshka"},{"floor":40,"key":"Smiling Mask"},{"floor":42,"key":"Kunai"},{"floor":42,"key":"Singing Bowl"},{"floor":43,"key":"Bronze Scales"},{"floor":43,"key":"Mummified Hand"},{"floor":44,"key":"Orichalcum"},{"floor":44,"key":"Bottled Lightning"},{"floor":46,"key":"Thread and Needle"},{"floor":46,"key":"War Paint"},{"floor":47,"key":"Lantern"},{"floor":47,"key":"FossilizedHelix"},{"floor":48,"key":"Nunchaku"},{"floor":48,"key":"Potion Belt"},{"floor":49,"key":"Oddly Smooth Stone"}],"event_choices":[{"damage_healed":0,"gold_gain":75,"player_choice":"Gather Gold","damage_taken":11,"max_hp_gain":0,"max_hp_loss":0,"event_name":"World of Goop","floor":4,"gold_loss":0},{"damage_healed":0,"gold_gain":100,"player_choice":"Bet on Murderer","damage_taken":0,"max_hp_gain":0,"max_hp_loss":0,"event_name":"The Joust","floor":20,"gold_loss":50},{"damage_healed":0,"gold_gain":99,"player_choice":"Stole From Cult","damage_taken":0,"max_hp_gain":0,"max_hp_loss":0,"event_name":"Nest","floor":29,"gold_loss":0},{"damage_healed":0,"gold_gain":999,"player_choice":"Gold","damage_taken":0,"max_hp_gain":0,"max_hp_loss":0,"event_name":"MindBloom","floor":37,"gold_loss":0,"cards_obtained":["Normality","Normality"]},{"damage_healed":0,"gold_gain":0,"player_choice":"Memory 1","damage_taken":0,"max_hp_gain":0,"max_hp_loss":0,"event_name":"SensoryStone","floor":39,"gold_loss":0}],"is_beta":false,"boss_relics":[{"not_picked":["Orrery","Empty Cage"],"picked":"Black Star"},{"not_picked":["Eternal Feather","Lizard Tail"],"picked":"Cursed Key"}],"items_purged_floors":[2,13,30,38],"is_endless":false,"potions_floor_spawned":[1,3,11,14,16,18,21,33,42,44,46,48],"ascension_level":0}