{"gold_per_floor":[109,109,127,146,71,112,112,148,173,206,273,273,292,306,306,434,434,450,134,134,35,35,35,74,98,124,124,164,164,205,229,229,355,355,371,371,386,386,511,511,529,529,529,553,553,576,600,600,600,600,600,600,10,43,43],"floor_reached":55,"playtime":4546,"items_purged":["Strike_B","Strike_B"],"score":1097,"play_id":"9cfd9d23-001d-48e5-8810-2351fa97d79e","local_time":"20181207121508","is_ascension_mode":true,"campfire_choices":[{"floor":7,"key":"REST"},{"floor":12,"key":"REST"},{"floor":15,"key":"REST"},{"data":"Seek","floor":23,"key":"SMITH"},{"data":"Apotheosis","floor":27,"key":"SMITH"},{"floor":29,"key":"REST"},{"data":"Creative AI","floor":32,"key":"SMITH"},{"data":"Deep Breath","floor":40,"key":"SMITH"},{"floor":42,"key":"REST"},{"floor":45,"key":"REST"},{"floor":49,"key":"RECALL"},{"data":"Jack Of All Trades","floor":52,"key":"SMITH"}],"neow_cost":"TEN_PERCENT_HP_LOSS","seed_source_timestamp":2032031650033665,"circlet_count":0,"master_deck":["Strike_B+1","Defend_B","Defend_B","Defend_B","Defend_B","Zap","Dualcast+1","Jack Of All Trades+1","Deep Breath+1","Hologram","Sunder+1","Streamline","Conserve Battery","Reinforced Body+1","Creative AI+1","Seek+1","Defragment","Melter","Leap","Stack","Apotheosis+1","Glacier","Self Repair","Turbo","Static Discharge+1","Conserve Battery","Defragment","Capacitor+1","Reboot+1","Loop+1","Reinforced Body+1","Capacitor+1","Stack","FTL+1","Conserve Battery+1","Consume+1"],"relics":["Cracked Core","Golden Idol","Whetstone","Bag of Preparation","Omamori","Bronze Scales","Orrery","Bottled Tornado","Happy Flower","Lantern","The Courier","Cursed Key","Gambling Chip","Bottled Lightning","Oddly Smooth Stone","DataDisk","Art of War","War Paint"],"potions_floor_usage":[10,10,24,28,28,33,39,44,50,50,50,55,55],"damage_taken":[{"damage":6,"enemies":"2 Louse","floor":1,"turns":3},{"damage":9,"enemies":"Jaw Worm","floor":3,"turns":3},{"damage":0,"enemies":"Cultist","floor":4,"turns":3},{"damage":30,"enemies":"Lagavulin","floor":6,"turns":6},{"damage":7,"enemies":"3 Sentries","floor":8,"turns":6},{"damage":23,"enemies":"Lagavulin","floor":10,"turns":5},{"damage":0,"enemies":"2 Fungi Beasts","floor":13,"turns":1},{"damage":10,"enemies":"Gremlin Gang","floor":14,"turns":2},{"damage":11,"enemies":"The Guardian","floor":16,"turns":11},{"damage":6,"enemies":"Chosen","floor":18,"turns":5},{"damage":15,"enemies":"Book of Stabbing","floor":24,"turns":6},{"damage":1,"enemies":"3 Byrds","floor":25,"turns":3},{"damage":25,"enemies":"Gremlin Leader","floor":28,"turns":9},{"damage":0,"enemies":"Book of Stabbing","floor":30,"turns":7},{"damage":21,"enemies":"Shelled Parasite and Fungi","floor":31,"turns":4},{"damage":26,"enemies":"Collector","floor":33,"turns":8},{"damage":13,"enemies":"3 Shapes","floor":35,"turns":5},{"damage":4,"enemies":"Orb Walker","floor":37,"turns":4},{"damage":3,"enemies":"Mind Bloom Boss Battle","floor":39,"turns":7},{"damage":28,"enemies":"Writhing Mass","floor":41,"turns":7},{"damage":30,"enemies":"Transient","floor":44,"turns":5},{"damage":0,"enemies":"Sphere and 2 Shapes","floor":46,"turns":3},{"damage":3,"enemies":"Spire Growth","floor":47,"turns":6},{"damage":2,"enemies":"Donu and Deca","floor":50,"turns":8},{"damage":26,"enemies":"Shield and Spear","floor":54,"turns":12},{"damage":39,"enemies":"The Heart","floor":55,"turns":8}],"seed_played":"7434437003545340309","potions_obtained":[{"floor":4,"key":"FearPotion"},{"floor":8,"key":"FocusPotion"},{"floor":13,"key":"SteroidPotion"},{"floor":16,"key":"LiquidBronze"},{"floor":18,"key":"FearPotion"},{"floor":28,"key":"FearPotion"},{"floor":30,"key":"Dexterity Potion"},{"floor":35,"key":"Ancient Potion"},{"floor":41,"key":"Poison Potion"},{"floor":47,"key":"Fire Potion"},{"floor":48,"key":"FocusPotion"},{"floor":48,"key":"Swift Potion"},{"floor":48,"key":"Block Potion"},{"floor":54,"key":"Explosive Potion"}],"is_trial":false,"path_per_floor":["M","?","M","M","$","E","R","E","T","E","?","R","M","M","R","B",null,"M","$","?","$","?","R","E","M","T","R","E","R","E","M","R","B",null,"M","?","M","?","?","R","M","R","T","M","R","M","M","?","R","B",null,"R","$","E","B"],"character_chosen":"DEFECT","items_purchased":["Apotheosis","Glacier","Self Repair","Turbo","Bottled Lightning","Oddly Smooth Stone","DataDisk","Art of War","Weak Potion"],"campfire_rested":6,"item_purchase_floors":[19,19,21,21,53,53,53,53,53],"current_hp_per_floor":[62,62,53,53,53,23,41,34,34,11,11,29,29,19,37,26,54,48,48,48,48,63,63,58,63,63,63,48,63,63,42,42,26,54,51,51,57,57,60,60,32,50,50,20,38,48,55,55,55,60,60,60,60,34,0],"gold":43,"neow_bonus":"RANDOM_COLORLESS_2","is_prod":false,"is_daily":false,"chose_seed":false,"campfire_upgraded":5,"win_rate":0,"timestamp":1544202908,"path_taken":["M","?","M","M","$","E","R","E","T","E","?","R","M","M","R","BOSS","M","$","?","$","?","R","E","M","T","R","E","R","E","M","R","BOSS","M","?","?","?","?","R","M","R","T","M","R","M","M","?","R","BOSS","R","$","E","BOSS"],"build_version":"2018-12-06","purchased_purges":2,"victory":false,"max_hp_per_floor":[68,63,63,63,63,63,63,63,63,63,63,63,63,63,63,63,63,63,63,63,63,63,63,63,63,63,63,63,63,63,63,63,63,63,63,63,63,60,60,60,60,60,60,60,60,60,60,60,60,60,60,60,60,60,60],"card_choices":[{"not_picked":["Aggregate","BootSequence"],"picked":"Hologram","floor":1},{"not_picked":["Go for the Eyes","Compile Driver"],"picked":"Sunder","floor":3},{"not_picked":["Gash","Force Field"],"picked":"Streamline","floor":4},{"not_picked":["Aggregate","Storm","Cold Snap"],"picked":"SKIP","floor":6},{"not_picked":["Hyperbeam","Redo"],"picked":"Conserve Battery","floor":8},{"not_picked":["Cold Snap","Beam Cell","Lockon"],"picked":"SKIP","floor":10},{"not_picked":["Chill","Reprogram"],"picked":"Reinforced Body","floor":13},{"not_picked":["Streamline","Steam Power","Sweeping Beam"],"picked":"SKIP","floor":14},{"not_picked":["Reboot","Meteor Strike"],"picked":"Creative AI","floor":16},{"not_picked":["Rebound","Compile Driver"],"picked":"Seek","floor":17},{"not_picked":["Conserve Battery","Force Field"],"picked":"Defragment","floor":17},{"not_picked":["Compile Driver","Hologram"],"picked":"Melter","floor":17},{"not_picked":["BootSequence","Redo"],"picked":"Leap","floor":17},{"not_picked":["Go for the Eyes","Lockon"],"picked":"Stack","floor":18},{"not_picked":["Fusion","Fission"],"picked":"Static Discharge+1","floor":24},{"not_picked":["Beam Cell+1","Redo"],"picked":"Conserve Battery","floor":25},{"not_picked":["Steam+1","Rebound"],"picked":"Defragment","floor":28},{"not_picked":["Fission","Ball Lightning","Undo+1"],"picked":"SKIP","floor":30},{"not_picked":["Ball Lightning","Leap"],"picked":"Capacitor+1","floor":31},{"not_picked":["Creative AI","Fission"],"picked":"Reboot","floor":33},{"not_picked":["Cold Snap+1","Rebound"],"picked":"Loop+1","floor":35},{"not_picked":["Sweeping Beam+1","Gash"],"picked":"Reinforced Body+1","floor":37},{"not_picked":["Rebound+1","Undo"],"picked":"Capacitor+1","floor":39},{"not_picked":["Rebound+1","Blizzard+1"],"picked":"Stack","floor":41},{"not_picked":["Machine Learning","Hello World+1"],"picked":"FTL+1","floor":44},{"not_picked":["Rip and Tear+1","Doom and Gloom"],"picked":"Conserve Battery+1","floor":46},{"not_picked":["Conserve Battery+1","Darkness"],"picked":"Consume+1","floor":47},{"not_picked":["Redo+1","Barrage","Go for the Eyes"],"picked":"SKIP","floor":54}],"player_experience":2710189,"relics_obtained":[{"floor":6,"key":"Whetstone"},{"floor":8,"key":"Bag of Preparation"},{"floor":9,"key":"Omamori"},{"floor":10,"key":"Bronze Scales"},{"floor":24,"key":"Bottled Tornado"},{"floor":26,"key":"Happy Flower"},{"floor":28,"key":"Lantern"},{"floor":30,"key":"The Courier"},{"floor":39,"key":"Gambling Chip"},{"floor":54,"key":"War Paint"}],"event_choices":[{"damage_healed":0,"gold_gain":0,"player_choice":"Lose Max HP","damage_taken":0,"relics_obtained":["Golden Idol"],"max_hp_gain":0,"max_hp_loss":5,"event_name":"Golden Idol","floor":2,"gold_loss":0},{"damage_healed":0,"gold_gain":67,"player_choice":"Gained Gold","damage_taken":0,"max_hp_gain":0,"max_hp_loss":0,"event_name":"Golden Wing","floor":11,"gold_loss":0},{"cards_removed":["Strike_B"],"damage_healed":0,"gold_gain":0,"player_choice":"Purged","damage_taken":0,"max_hp_gain":0,"max_hp_loss":0,"event_name":"Purifier","floor":20,"gold_loss":0},{"damage_healed":21,"gold_gain":0,"player_choice":"Heal","damage_taken":0,"max_hp_gain":0,"max_hp_loss":0,"event_name":"The Library","floor":22,"gold_loss":0},{"damage_healed":0,"gold_gain":0,"player_choice":"Forge","damage_taken":0,"max_hp_gain":0,"max_hp_loss":0,"event_name":"Accursed Blacksmith","floor":36,"gold_loss":0,"cards_upgraded":["Reboot"]},{"damage_healed":0,"gold_gain":0,"player_choice":"Max HP","damage_taken":0,"max_hp_gain":0,"max_hp_loss":3,"event_name":"Winding Halls","floor":38,"gold_loss":0},{"damage_healed":0,"gold_gain":0,"player_choice":"Fight","damage_taken":0,"max_hp_gain":0,"max_hp_loss":0,"event_name":"MindBloom","floor":39,"gold_loss":0},{"damage_healed":0,"gold_gain":0,"player_choice":"Got Potions","damage_taken":0,"max_hp_gain":0,"max_hp_loss":0,"event_name":"Lab","floor":48,"gold_loss":0}],"is_beta":false,"boss_relics":[{"not_picked":["Calling Bell","Empty Cage"],"picked":"Orrery"},{"not_picked":["Lizard Tail","FrozenCore"],"picked":"Cursed Key"}],"items_purged_floors":[5,19],"is_endless":false,"potions_floor_spawned":[4,8,13,16,18,28,30,35,41,47,54],"killed_by":"The Heart","ascension_level":8}