{"gold_per_floor":[118,128,143,218,17,51,68,68,68,68,68,143,143,155,155,256,256,271,283,283,362,388,388,1,1,53,53,64,89,89,119,119,218,218,233,36,36,136,155,155,173,173,173,191,204,9,109,119,119,119],"floor_reached":51,"playtime":3375,"items_purged":[],"score":738,"play_id":"8db98a8f-74d1-4915-a28b-2928fa0d813f","local_time":"20190702102356","is_ascension_mode":false,"campfire_choices":[{"data":"Bouncing Flask","floor":8,"key":"SMITH"},{"floor":11,"key":"REST"},{"floor":13,"key":"REST"},{"data":"Neutralize","floor":15,"key":"SMITH"},{"data":"Bouncing Flask","floor":23,"key":"SMITH"},{"data":"Wraith Form v2","floor":25,"key":"SMITH"},{"data":"Dash","floor":27,"key":"SMITH"},{"data":"PiercingWail","floor":30,"key":"SMITH"},{"data":"Calculated Gamble","floor":32,"key":"SMITH"},{"data":"Well Laid Plans","floor":40,"key":"SMITH"},{"data":"Corpse Explosion","floor":42,"key":"SMITH"},{"floor":49,"key":"REST"}],"neow_cost":"NONE","seed_source_timestamp":1675326156313022,"circlet_count":0,"master_deck":["Strike_G+1","Defend_G+1","Defend_G+1","Defend_G+1","Defend_G+1","Defend_G+1","Survivor+1","Neutralize+1","Dash+1","Bouncing Flask+1","Backflip","PiercingWail+1","Die Die Die","Bouncing Flask+1","Corpse Explosion+1","PiercingWail","Wraith Form v2+1","Sucker Punch+1","Calculated Gamble+1","Bullet Time","Tools of the Trade+1","Wraith Form v2+1","Quick Slash+1","Well Laid Plans+1","Backflip","Panacea","Dark Shackles","Backflip+1","Catalyst+1","Catalyst+1","Dodge and Roll+1","Dash+1","Catalyst+1","Crippling Poison+1"],"relics":["Ring of the Snake","Oddly Smooth Stone","Bottled Lightning","Matryoshka","Snecko Eye","Bag of Marbles","Ninja Scroll","Dodecahedron","Happy Flower","Gremlin Horn","Centennial Puzzle","Regal Pillow","Red Mask","Astrolabe","Bronze Scales","Tingsha","Snake Skull","DollysMirror"],"potions_floor_usage":[6,19,29],"damage_taken":[{"damage":0,"enemies":"Jaw Worm","floor":1,"turns":4},{"damage":0,"enemies":"Small Slimes","floor":2,"turns":4},{"damage":0,"enemies":"Cultist","floor":3,"turns":3},{"damage":27,"enemies":"Gremlin Nob","floor":6,"turns":5},{"damage":9,"enemies":"Exordium Thugs","floor":7,"turns":5},{"damage":2,"enemies":"Exordium Wildlife","floor":14,"turns":6},{"damage":8,"enemies":"The Guardian","floor":16,"turns":8},{"damage":0,"enemies":"Chosen","floor":18,"turns":3},{"damage":0,"enemies":"3 Byrds","floor":19,"turns":3},{"damage":0,"enemies":"3 Cultists","floor":28,"turns":2},{"damage":0,"enemies":"Gremlin Leader","floor":29,"turns":5},{"damage":0,"enemies":"Masked Bandits","floor":31,"turns":2},{"damage":6,"enemies":"Automaton","floor":33,"turns":7},{"damage":0,"enemies":"3 Shapes","floor":35,"turns":2},{"damage":1,"enemies":"Mind Bloom Boss Battle","floor":38,"turns":6},{"damage":0,"enemies":"Orb Walker","floor":39,"turns":3},{"damage":1,"enemies":"Jaw Worm Horde","floor":41,"turns":5},{"damage":0,"enemies":"4 Shapes","floor":44,"turns":3},{"damage":0,"enemies":"Sphere and 2 Shapes","floor":45,"turns":2},{"damage":0,"enemies":"Writhing Mass","floor":48,"turns":2},{"damage":0,"enemies":"Donu and Deca","floor":50,"turns":8}],"seed_played":"-9217957483060413218","potions_obtained":[{"floor":1,"key":"Block Potion"},{"floor":2,"key":"SpeedPotion"},{"floor":7,"key":"EssenceOfSteel"},{"floor":16,"key":"Fire Potion"},{"floor":28,"key":"GhostInAJar"},{"floor":39,"key":"GhostInAJar"}],"is_trial":false,"path_per_floor":["M","M","M","?","$","E","M","R","T","?","R","?","R","M","R","B",null,"M","M","?","T","T","R","$","R","T","R","M","E","R","?","R","B",null,"M","$","?","?","M","R","M","R","T","M","M","$","?","M","R","B",null],"character_chosen":"THE_SILENT","items_purchased":["Oddly Smooth Stone","PiercingWail","Gremlin Horn","Wraith Form v2","Bronze Scales","Backflip","DollysMirror"],"campfire_rested":3,"item_purchase_floors":[5,5,24,24,36,36,46],"current_hp_per_floor":[70,70,70,59,59,32,23,23,23,9,30,23,44,42,42,34,70,70,70,70,70,70,70,70,70,70,70,70,70,70,70,70,64,70,70,70,60,59,59,59,58,58,58,58,58,58,58,58,70,70],"gold":119,"neow_bonus":"REMOVE_CARD","is_prod":false,"is_daily":false,"chose_seed":false,"campfire_upgraded":9,"win_rate":0,"timestamp":1562077436,"path_taken":["M","M","M","?","$","E","M","R","T","?","R","?","R","?","R","BOSS","M","M","?","?","?","R","$","R","T","R","M","E","R","?","R","BOSS","M","$","?","?","M","R","M","R","T","M","M","$","?","M","R","BOSS"],"build_version":"2019-07-01","purchased_purges":0,"victory":true,"max_hp_per_floor":[70,70,70,70,70,70,70,70,70,70,70,70,70,70,70,70,70,70,70,70,70,70,70,70,70,70,70,70,70,70,70,70,70,70,70,70,70,70,70,70,70,70,70,70,70,70,70,70,70,70],"card_choices":[{"not_picked":["Endless Agony","Cloak And Dagger"],"picked":"Dash","floor":1},{"not_picked":["Dagger Throw","Well Laid Plans"],"picked":"Bouncing Flask","floor":2},{"not_picked":["Terror","Setup"],"picked":"Backflip","floor":3},{"not_picked":["Blade Dance","Sucker Punch"],"picked":"Die Die Die","floor":6},{"not_picked":["Acrobatics","Skewer"],"picked":"Bouncing Flask","floor":7},{"not_picked":["Dagger Spray","Poisoned Stab","Flechettes"],"picked":"SKIP","floor":14},{"not_picked":["Glass Knife","Bullet Time"],"picked":"Corpse Explosion","floor":16},{"not_picked":["Flying Knee","Tactician+1"],"picked":"PiercingWail","floor":18},{"not_picked":["Blade Dance","Quick Slash","Bane+1"],"picked":"SKIP","floor":19},{"not_picked":["Flying Knee","Prepared","Slice"],"picked":"SKIP","floor":28},{"not_picked":["All Out Attack+1","Prepared+1"],"picked":"Sucker Punch+1","floor":29},{"not_picked":["Quick Slash","Endless Agony+1"],"picked":"Calculated Gamble","floor":31},{"not_picked":["A Thousand Cuts","Burst"],"picked":"Bullet Time","floor":33},{"not_picked":["Choke+1","Flying Knee"],"picked":"Well Laid Plans","floor":35},{"not_picked":["Impatience","Good Instincts"],"picked":"Panacea","floor":37},{"not_picked":["Bandage Up","Finesse"],"picked":"Dark Shackles","floor":37},{"not_picked":["PiercingWail","Poisoned Stab"],"picked":"Backflip+1","floor":38},{"not_picked":["Infinite Blades+1","Choke+1"],"picked":"Catalyst+1","floor":39},{"not_picked":["Dash+1","Bouncing Flask+1"],"picked":"Catalyst+1","floor":41},{"not_picked":["PiercingWail+1","Doppelganger"],"picked":"Dodge and Roll+1","floor":44},{"not_picked":["Underhanded Strike+1","Deflect+1"],"picked":"Dash+1","floor":45},{"not_picked":["Deadly Poison+1","Quick Slash"],"picked":"Crippling Poison+1","floor":48}],"player_experience":3877562,"relics_obtained":[{"floor":6,"key":"Bottled Lightning"},{"floor":9,"key":"Matryoshka"},{"floor":21,"key":"Bag of Marbles"},{"floor":21,"key":"Ninja Scroll"},{"floor":22,"key":"Dodecahedron"},{"floor":22,"key":"Happy Flower"},{"floor":26,"key":"Centennial Puzzle"},{"floor":29,"key":"Regal Pillow"},{"floor":31,"key":"Red Mask"},{"floor":38,"key":"Tingsha"},{"floor":43,"key":"Snake Skull"}],"event_choices":[{"damage_healed":0,"gold_gain":75,"player_choice":"Gather Gold","damage_taken":11,"max_hp_gain":0,"max_hp_loss":0,"event_name":"World of Goop","floor":4,"gold_loss":0},{"damage_healed":0,"gold_gain":0,"player_choice":"Entered Light","damage_taken":14,"max_hp_gain":0,"max_hp_loss":0,"event_name":"Shining Light","floor":10,"gold_loss":0,"cards_upgraded":["Defend_G","Survivor"]},{"damage_healed":0,"gold_gain":75,"player_choice":"Touch","damage_taken":7,"max_hp_gain":0,"max_hp_loss":0,"event_name":"FaceTrader","floor":12,"gold_loss":0},{"damage_healed":0,"gold_gain":0,"player_choice":"Simplicity","damage_taken":0,"max_hp_gain":0,"max_hp_loss":0,"event_name":"Back to Basics","floor":20,"gold_loss":0,"cards_upgraded":["Strike_G","Strike_G","Strike_G","Strike_G","Defend_G","Defend_G","Defend_G","Defend_G"]},{"damage_healed":0,"gold_gain":0,"player_choice":"Fought Bandits","damage_taken":0,"max_hp_gain":0,"max_hp_loss":0,"event_name":"Masked Bandits","floor":31,"gold_loss":0},{"damage_healed":0,"gold_gain":0,"player_choice":"Memory 3","damage_taken":10,"max_hp_gain":0,"max_hp_loss":0,"event_name":"SensoryStone","floor":37,"gold_loss":0},{"damage_healed":0,"gold_gain":0,"player_choice":"Fight","damage_taken":0,"max_hp_gain":0,"max_hp_loss":0,"event_name":"MindBloom","floor":38,"gold_loss":0},{"damage_healed":0,"gold_gain":100,"player_choice":"Pray","damage_taken":0,"max_hp_gain":0,"max_hp_loss":0,"event_name":"Golden Shrine","floor":47,"gold_loss":0}],"is_beta":false,"boss_relics":[{"not_picked":["Pandora\u0027s Box","Cursed Key"],"picked":"Snecko Eye"},{"not_picked":["HoveringKite","Ring of the Serpent"],"picked":"Astrolabe"}],"items_purged_floors":[],"is_endless":false,"potions_floor_spawned":[1,2,7,16,18,28,39,44],"ascension_level":0}