{"gold_per_floor":[114,4,21,37,112,112,35,35,87,97,47,47,74,92,92,194,194,212,222,21,21,21,53,53,69,69,69,84,34,34,48,48,152,152,170,188,188,288,307,307,323,323,350,200,200,215,215,20,20,20],"floor_reached":51,"playtime":3540,"items_purged":["Strike_G","Venomology","Poisoned Stab"],"score":715,"play_id":"626cca61-8dd8-402a-9d2b-eee94a8e7341","local_time":"20190705164929","is_ascension_mode":false,"campfire_choices":[{"data":"Skewer","floor":6,"key":"SMITH"},{"data":"Neutralize","floor":8,"key":"SMITH"},{"data":"Dash","floor":12,"key":"SMITH"},{"data":"Leg Sweep","floor":15,"key":"SMITH"},{"data":"A Thousand Cuts","floor":24,"key":"SMITH"},{"data":"Burst","floor":27,"key":"SMITH"},{"data":"Envenom","floor":30,"key":"SMITH"},{"floor":32,"key":"REST"},{"data":"Malaise","floor":40,"key":"SMITH"},{"data":"Catalyst","floor":42,"key":"SMITH"},{"data":"Bouncing Flask","floor":45,"key":"SMITH"},{"data":"Footwork","floor":49,"key":"SMITH"}],"neow_cost":"NONE","seed_source_timestamp":1957498454601006,"circlet_count":0,"master_deck":["Survivor","Neutralize+1","Dash+1","Skewer+1","Backflip","Backflip","Well Laid Plans","Leg Sweep+1","Envenom+1","Outmaneuver","Bouncing Flask+1","A Thousand Cuts+1","Venomology","PiercingWail","Quick Slash","Deflect","Escape Plan","Burst+1","PiercingWail","Malaise+1","Catalyst+1","Deflect+1","Footwork+1"],"relics":["Ring of the Snake","Ancient Tea Set","Orichalcum","Vajra","Pandora\u0027s Box","Centennial Puzzle","Kunai","Blue Candle","Snecko Eye","Bag of Preparation"],"potions_floor_usage":[13,14,18,23,23,25,33,36,36,36,50,50,50],"damage_taken":[{"damage":0,"enemies":"2 Louse","floor":1,"turns":3},{"damage":0,"enemies":"Cultist","floor":3,"turns":3},{"damage":0,"enemies":"Jaw Worm","floor":4,"turns":4},{"damage":0,"enemies":"Looter","floor":10,"turns":3},{"damage":3,"enemies":"Gremlin Nob","floor":13,"turns":4},{"damage":0,"enemies":"3 Louse","floor":14,"turns":3},{"damage":19,"enemies":"Hexaghost","floor":16,"turns":13},{"damage":2,"enemies":"3 Byrds","floor":18,"turns":7},{"damage":2,"enemies":"Chosen","floor":19,"turns":5},{"damage":17,"enemies":"Slavers","floor":23,"turns":7},{"damage":12,"enemies":"3 Cultists","floor":25,"turns":5},{"damage":2,"enemies":"Cultist and Chosen","floor":28,"turns":6},{"damage":7,"enemies":"Centurion and Healer","floor":31,"turns":9},{"damage":28,"enemies":"Collector","floor":33,"turns":9},{"damage":0,"enemies":"Orb Walker","floor":35,"turns":4},{"damage":14,"enemies":"3 Darklings","floor":36,"turns":8},{"damage":1,"enemies":"Writhing Mass","floor":39,"turns":5},{"damage":0,"enemies":"Jaw Worm Horde","floor":41,"turns":3},{"damage":0,"enemies":"Transient","floor":46,"turns":5},{"damage":0,"enemies":"Time Eater","floor":50,"turns":6}],"seed_played":"1404256464286876254","potions_obtained":[{"floor":3,"key":"FearPotion"},{"floor":10,"key":"GhostInAJar"},{"floor":13,"key":"Fruit Juice"},{"floor":16,"key":"Strength Potion"},{"floor":25,"key":"GhostInAJar"},{"floor":33,"key":"Swift Potion"},{"floor":36,"key":"SpeedPotion"}],"is_trial":false,"path_per_floor":["M","$","M","M","?","R","$","R","T","M","?","R","E","M","R","B",null,"M","M","$","?","?","E","R","M","T","R","M","$","R","M","R","B",null,"M","M","?","?","M","R","M","R","T","$","R","M","?","$","R","B",null],"character_chosen":"THE_SILENT","items_purchased":["Skewer","Well Laid Plans","Centennial Puzzle","Dexterity Potion","PiercingWail","Dexterity Potion","Footwork"],"campfire_rested":1,"item_purchase_floors":[2,7,20,20,29,44,48],"current_hp_per_floor":[70,70,70,70,63,63,63,63,63,63,63,63,60,65,65,46,75,73,71,71,71,71,54,54,42,42,42,40,40,40,33,55,27,75,75,61,61,61,60,60,60,60,60,60,60,60,60,60,60,60],"gold":20,"neow_bonus":"RANDOM_COMMON_RELIC","is_prod":false,"is_daily":false,"chose_seed":false,"campfire_upgraded":11,"win_rate":0,"timestamp":1562359769,"path_taken":["M","$","M","M","?","R","$","R","T","?","?","R","E","M","R","BOSS","M","M","$","?","?","E","R","M","T","R","M","$","R","M","R","BOSS","M","M","?","?","M","R","M","R","T","$","R","?","?","?","R","BOSS"],"build_version":"2019-07-01","purchased_purges":3,"victory":true,"max_hp_per_floor":[70,70,70,70,70,70,70,70,70,70,70,70,70,75,75,75,75,75,75,75,75,75,75,75,75,75,75,75,75,75,75,75,75,75,75,75,75,75,75,75,75,75,75,75,75,75,75,75,75,75],"card_choices":[{"not_picked":["Outmaneuver","Catalyst"],"picked":"Dash","floor":1},{"not_picked":["Dodge and Roll","PiercingWail"],"picked":"Backflip","floor":3},{"not_picked":["Blade Dance","Heel Hook"],"picked":"Backflip","floor":4},{"not_picked":["Choke","Slice","Infinite Blades"],"picked":"SKIP","floor":10},{"not_picked":["Quick Slash","Tools of the Trade"],"picked":"Venomology","floor":13},{"not_picked":["Prepared","Dodge and Roll"],"picked":"Leg Sweep","floor":14},{"not_picked":["Die Die Die","Venomology"],"picked":"Envenom","floor":16},{"not_picked":["Heel Hook","Flechettes","Quick Slash"],"picked":"SKIP","floor":18},{"not_picked":["Acrobatics+1","Blur"],"picked":"PiercingWail","floor":19},{"not_picked":["Finisher","Quick Slash"],"picked":"Escape Plan","floor":23},{"not_picked":["Setup","Quick Slash"],"picked":"Burst","floor":25},{"not_picked":["Blade Dance","Sucker Punch","Acrobatics"],"picked":"SKIP","floor":28},{"not_picked":["Poisoned Stab","Deadly Poison+1","Caltrops"],"picked":"SKIP","floor":31},{"not_picked":["A Thousand Cuts","Burst"],"picked":"Malaise","floor":33},{"not_picked":["Deflect","Bane+1","Flechettes+1"],"picked":"SKIP","floor":35},{"not_picked":["Reflex+1","Dagger Spray"],"picked":"Catalyst","floor":36},{"not_picked":["Poisoned Stab+1","Skewer","Bane"],"picked":"SKIP","floor":39},{"not_picked":["Bane","Infinite Blades+1"],"picked":"Deflect+1","floor":41},{"not_picked":["Dagger Throw","Reflex","Calculated Gamble"],"picked":"SKIP","floor":46}],"player_experience":3910012,"relics_obtained":[{"floor":9,"key":"Orichalcum"},{"floor":13,"key":"Vajra"},{"floor":23,"key":"Kunai"},{"floor":26,"key":"Blue Candle"},{"floor":43,"key":"Bag of Preparation"}],"event_choices":[{"damage_healed":0,"gold_gain":75,"player_choice":"Touch","damage_taken":7,"max_hp_gain":0,"max_hp_loss":0,"event_name":"FaceTrader","floor":5,"gold_loss":0},{"cards_removed":["Strike_G"],"damage_healed":0,"gold_gain":0,"player_choice":"Card Removal","damage_taken":0,"max_hp_gain":0,"max_hp_loss":0,"event_name":"The Cleric","floor":11,"gold_loss":50},{"damage_healed":0,"gold_gain":0,"cards_transformed":["Underhanded Strike","Riddle With Holes"],"player_choice":"Became Test Subject","damage_taken":0,"max_hp_gain":0,"max_hp_loss":0,"event_name":"Drug Dealer","floor":22,"gold_loss":0,"cards_obtained":["Quick Slash","Deflect"]},{"cards_removed":["Skewer"],"damage_healed":0,"gold_gain":0,"player_choice":"Removed Attack","damage_taken":0,"max_hp_gain":0,"max_hp_loss":0,"event_name":"Falling","floor":37,"gold_loss":0},{"damage_healed":0,"gold_gain":100,"player_choice":"Pray","damage_taken":0,"max_hp_gain":0,"max_hp_loss":0,"event_name":"Golden Shrine","floor":38,"gold_loss":0},{"damage_healed":0,"gold_gain":0,"player_choice":"Bought 0 Potions","damage_taken":0,"max_hp_gain":0,"max_hp_loss":0,"event_name":"The Woman in Blue","floor":47,"gold_loss":0}],"is_beta":false,"boss_relics":[{"not_picked":["Busted Crown","Lizard Tail"],"picked":"Pandora\u0027s Box"},{"not_picked":["HoveringKite","Empty Cage"],"picked":"Snecko Eye"}],"items_purged_floors":[2,44,48],"is_endless":false,"potions_floor_spawned":[3,10,13,16,19,25,28,33,35,36,39,46],"ascension_level":0}