{"path_per_floor":["M","M","M","M","?","R","E","R","T","M","$","$","M","M","R"],"character_chosen":"THE_SILENT","items_purchased":["Bullet Time","Backstab"],"gold_per_floor":[114,129,144,129,304,304,334,334,334,349,129,129,144,159,159,159],"floor_reached":16,"campfire_rested":1,"playtime":4966,"current_hp_per_floor":[70,63,63,60,60,60,22,43,43,42,42,42,42,42,42,0],"items_purged":[],"gold":159,"score":154,"play_id":"352d0ad9-2e25-48f9-b909-8b2544bf0201","local_time":"20180511113403","daily_mods":["Brewmaster","Uncertain Future","Hoarder"],"is_prod":false,"is_daily":true,"chose_seed":false,"is_ascension_mode":false,"campfire_upgraded":1,"timestamp":1526052843,"path_taken":["M","M","M","M","?","R","E","R","T","M","?","$","?","M","R","BOSS"],"build_version":"2018-05-10","seed_source_timestamp":198181735106372,"purchased_purges":0,"victory":false,"master_deck":["Defend_G","Defend_G","Defend_G","Defend_G","Defend_G","Strike_G","Strike_G","Strike_G","Strike_G","Strike_G","Survivor","Neutralize+1","Venomology","Venomology","Venomology","Venomology","Venomology","Venomology","Venomology","Venomology","Venomology","Venomology","Venomology","Venomology","Venomology","Venomology","Venomology","Doubt","Doubt","Doubt","Bullet Time","Bullet Time","Bullet Time","Backstab","Backstab","Backstab","Backflip","Backflip","Backflip","Escape Plan","Escape Plan","Escape Plan"],"max_hp_per_floor":[70,70,70,70,70,70,70,70,70,70,70,70,70,70,70,70],"relics":["Ring of the Snake","White Beast Statue","Shovel","Pantograph","The Courier"],"card_choices":[{"not_picked":["Bane","Outmaneuver"],"picked":"Backflip","floor":13},{"not_picked":["Eviscerate","Infinite Blades"],"picked":"Escape Plan","floor":14}],"player_experience":1201243,"potions_floor_usage":[1,1,1,1,1,1,1,2,2,2,2,2,2,2,2,3,3,3,3,3,4,4,4,4,4,4,7,7,7,7,7,7,7,7,7,7,7,7,10,10,10,10,10,10,10,10,10,10,10,13,14,16,16,16,16,16,16,16,16,16,16,16,16,16,16,16,16],"damage_taken":[{"damage":0,"enemies":"2 Louse","floor":1,"turns":5},{"damage":7,"enemies":"Small Slimes","floor":2,"turns":4},{"damage":0,"enemies":"Cultist","floor":3,"turns":2},{"damage":12,"enemies":"Exordium Thugs","floor":4,"turns":5},{"damage":38,"enemies":"Lagavulin","floor":7,"turns":12},{"damage":16,"enemies":"Gremlin Gang","floor":10,"turns":9},{"damage":0,"enemies":"Looter","floor":13,"turns":1},{"damage":0,"enemies":"2 Fungi Beasts","floor":14,"turns":2},{"damage":82,"enemies":"Hexaghost","floor":16,"turns":23}],"event_choices":[{"event_name":"Liars Game","player_choice":"agreed","floor":5,"damage_taken":0}],"boss_relics":[],"potions_floor_spawned":[1,2,3,4,7,10,13,14],"seed_played":"8049798504463620783","killed_by":"Hexaghost","ascension_level":0,"is_trial":false}