{"path_per_floor":["M","M","M","?","$","E","M","R","T","?","M","M","M","M","R","B",null,"M","M","M","M","?","E","T","M","T","?","M","$","R","M","R","B",null,"M","M","?","?","M","$","M","M","T","R","M","R","E","M","R","B"],"character_chosen":"IRONCLAD","items_purchased":["Panache","Bottled Tornado","Boot","Purity+1","Fire Potion","Ancient Tea Set","Shrug It Off+1"],"gold_per_floor":[114,129,144,144,69,99,114,114,114,114,159,174,189,504,504,604,604,619,634,649,664,664,694,719,734,784,784,799,46,46,61,61,161,161,176,191,191,191,206,34,49,64,64,64,79,79,109,124,124,124],"floor_reached":51,"campfire_rested":0,"playtime":2544,"item_purchase_floors":[29,29,29,29,29,40,40],"current_hp_per_floor":[80,83,83,66,66,54,56,56,56,53,59,58,54,65,65,92,92,70,73,77,101,91,101,101,84,84,68,76,76,76,84,84,87,103,103,103,103,90,103,103,103,103,113,113,113,113,120,120,120,115],"items_purged":["Brutality"],"gold":124,"score":959,"play_id":"b9d1570f-a55d-4225-a512-df6732fe17d3","local_time":"20180530092408","daily_mods":["Shiny","Uncertain Future","Vintage"],"is_prod":false,"is_daily":true,"chose_seed":false,"is_ascension_mode":false,"campfire_upgraded":4,"win_rate":0,"timestamp":1527686648,"campfire_choices":[{"data":"Barricade","floor":8,"key":"SMITH"},{"data":"Exhume","floor":15,"key":"SMITH"},{"data":"1","floor":30,"key":"LIFT"},{"data":"2","floor":32,"key":"LIFT"},{"data":"3","floor":44,"key":"LIFT"},{"data":"Panache","floor":46,"key":"SMITH"},{"data":"Offering","floor":49,"key":"SMITH"}],"path_taken":["M","M","M","?","$","E","?","R","T","?","M","M","M","M","R","BOSS","M","M","M","M","?","E","?","M","T","?","M","$","R","M","R","BOSS","M","M","?","?","M","$","M","M","T","R","?","R","E","M","R","BOSS"],"build_version":"2018-05-24","seed_source_timestamp":0,"purchased_purges":1,"victory":true,"master_deck":["Double Tap+1","Demon Form+1","Bludgeon+1","Feed","Limit Break+1","Barricade+1","Fiend Fire+1","Dark Embrace","Berserk","Impervious","Juggernaut","Reaper","Exhume+1","Offering+1","Immolate+1","Double Tap+1","Whirlwind+1","Necronomicurse","Panache+1","Purity+1","Madness+1","Madness+1","Shrug It Off+1","Metallicize+1"],"max_hp_per_floor":[80,83,83,83,83,83,83,83,83,83,83,89,89,92,92,92,92,92,95,95,101,101,101,101,101,101,101,101,101,101,101,101,103,103,103,103,103,103,103,103,103,103,113,113,113,113,120,120,120,120],"relics":["Burning Blood","War Paint","Bronze Scales","Paper Frog","Toxic Egg 2","Self Forming Clay","Unceasing Top","Pantograph","Tiny Chest","Blood Vial","Lantern","Old Coin","Bottled Flame","Philosopher\u0027s Stone","Singing Bowl","Matryoshka","Happy Flower","Mummified Hand","Molten Egg 2","Regal Pillow","Dream Catcher","Meat on the Bone","Vajra","Bag of Preparation","Necronomicon","Girya","Bottled Tornado","Boot","Omamori","Question Card","Eternal Feather","Mercury Hourglass","Orichalcum","Centennial Puzzle","Ancient Tea Set","Bag of Marbles","Toolbox","Pear","Whetstone","Strawberry","Blue Candle"],"card_choices":[{"not_picked":["Searing Blow","Demon Form","Sword Boomerang"],"picked":"SKIP","floor":6},{"not_picked":["Juggernaut","Limit Break+1"],"picked":"Double Tap+1","floor":16},{"not_picked":["Fiend Fire","Flex+1"],"picked":"Whirlwind","floor":23},{"not_picked":["Barricade","Bludgeon+1","Brutality"],"picked":"Singing Bowl","floor":33},{"not_picked":["Disarm+1","Thunderclap+1","Sword Boomerang+1"],"picked":"Metallicize+1","floor":47}],"player_experience":1218993,"potions_floor_usage":[6,12,18,19,19,20,33,33,33,39,45,50,50,50],"damage_taken":[{"damage":0,"enemies":"2 Louse","floor":1,"turns":1},{"damage":0,"enemies":"Small Slimes","floor":2,"turns":2},{"damage":0,"enemies":"Cultist","floor":3,"turns":2},{"damage":22,"enemies":"Gremlin Nob","floor":6,"turns":3},{"damage":4,"enemies":"Blue Slaver","floor":7,"turns":1},{"damage":0,"enemies":"Exordium Wildlife","floor":11,"turns":1},{"damage":22,"enemies":"Gremlin Gang","floor":12,"turns":3},{"damage":12,"enemies":"Blue Slaver","floor":13,"turns":2},{"damage":0,"enemies":"Red Slaver","floor":14,"turns":1},{"damage":4,"enemies":"Slime Boss","floor":16,"turns":3},{"damage":28,"enemies":"2 Thieves","floor":18,"turns":3},{"damage":8,"enemies":"Shell Parasite","floor":19,"turns":3},{"damage":4,"enemies":"Snake Plant","floor":20,"turns":3},{"damage":0,"enemies":"3 Cultists","floor":21,"turns":2},{"damage":4,"enemies":"Gremlin Leader","floor":23,"turns":3},{"damage":23,"enemies":"Cultist and Chosen","floor":25,"turns":4},{"damage":0,"enemies":"Sentry and Sphere","floor":28,"turns":1},{"damage":0,"enemies":"Centurion and Healer","floor":31,"turns":1},{"damage":22,"enemies":"Automaton","floor":33,"turns":3},{"damage":0,"enemies":"Orb Walker","floor":35,"turns":1},{"damage":0,"enemies":"3 Darklings","floor":36,"turns":1},{"damage":4,"enemies":"Maw","floor":39,"turns":4},{"damage":0,"enemies":"4 Shapes","floor":41,"turns":1},{"damage":4,"enemies":"3 Darklings","floor":42,"turns":1},{"damage":0,"enemies":"Sphere and 2 Shapes","floor":45,"turns":1},{"damage":0,"enemies":"Nemesis","floor":47,"turns":1},{"damage":4,"enemies":"Maw","floor":48,"turns":2},{"damage":31,"enemies":"Donu and Deca","floor":50,"turns":2}],"relics_obtained":[{"floor":1,"key":"War Paint"},{"floor":2,"key":"Bronze Scales"},{"floor":3,"key":"Paper Frog"},{"floor":6,"key":"Toxic Egg 2"},{"floor":7,"key":"Self Forming Clay"},{"floor":9,"key":"Unceasing Top"},{"floor":11,"key":"Tiny Chest"},{"floor":12,"key":"Blood Vial"},{"floor":13,"key":"Lantern"},{"floor":14,"key":"Old Coin"},{"floor":16,"key":"Bottled Flame"},{"floor":18,"key":"Singing Bowl"},{"floor":19,"key":"Matryoshka"},{"floor":20,"key":"Happy Flower"},{"floor":21,"key":"Mummified Hand"},{"floor":23,"key":"Molten Egg 2"},{"floor":24,"key":"Regal Pillow"},{"floor":24,"key":"Dream Catcher"},{"floor":25,"key":"Meat on the Bone"},{"floor":26,"key":"Vajra"},{"floor":26,"key":"Bag of Preparation"},{"floor":27,"key":"Necronomicon"},{"floor":28,"key":"Girya"},{"floor":31,"key":"Omamori"},{"floor":33,"key":"Question Card"},{"floor":35,"key":"Mercury Hourglass"},{"floor":36,"key":"Orichalcum"},{"floor":39,"key":"Centennial Puzzle"},{"floor":41,"key":"Bag of Marbles"},{"floor":42,"key":"Toolbox"},{"floor":43,"key":"Pear"},{"floor":45,"key":"Whetstone"},{"floor":47,"key":"Strawberry"},{"floor":48,"key":"Blue Candle"}],"event_choices":[{"event_name":"Shining Light","player_choice":"Entered Light","floor":4,"damage_taken":0},{"event_name":"Scrap Ooze","player_choice":"success","floor":10,"damage_taken":3},{"event_name":"Wheel of Change","player_choice":"Damage","floor":22,"damage_taken":0},{"event_name":"Cursed Tome","player_choice":"Obtained Book","floor":27,"damage_taken":0},{"event_name":"Tomb of Lord Red Mask","player_choice":"Ignored","floor":37,"damage_taken":0},{"event_name":"Winding Halls","player_choice":"Embrace Madness","floor":38,"damage_taken":0}],"boss_relics":[{"not_picked":["Black Blood","Runic Cube"],"picked":"Philosopher\u0027s Stone"},{"not_picked":["Runic Pyramid","White Beast Statue"],"picked":"Eternal Feather"}],"items_purged_floors":[5],"potions_floor_spawned":[3,7,12,14,16,18,19,21,33,36,41,42,45],"seed_played":"-522671777961550399","ascension_level":0,"potions_obtained":[{"floor":3,"key":"SkillPotion"},{"floor":7,"key":"EssenceOfSteel"},{"floor":12,"key":"SneckoOil"},{"floor":14,"key":"Fire Potion"},{"floor":16,"key":"LiquidBronze"},{"floor":18,"key":"Block Potion"},{"floor":19,"key":"Block Potion"},{"floor":21,"key":"PowerPotion"},{"floor":33,"key":"Explosive Potion"},{"floor":36,"key":"Block Potion"},{"floor":41,"key":"LiquidBronze"},{"floor":42,"key":"SkillPotion"},{"floor":45,"key":"AttackPotion"}],"is_trial":false}