{"gold_per_floor":[110,25,45,45,63,97,97,97,97,97,112,112,112,128,128,128],"floor_reached":16,"playtime":743,"items_purged":[],"score":195,"play_id":"08eacada-e6d8-4dc3-a865-dfc8651b9c0c","local_time":"20190709222941","is_ascension_mode":true,"campfire_choices":[{"data":"Trip","floor":8.0,"key":"SMITH"},{"data":"Footwork","floor":13.0,"key":"SMITH"},{"floor":15.0,"key":"REST"}],"neow_cost":"NONE","seed_source_timestamp":0,"circlet_count":0,"master_deck":["AscendersBane","Strike_G","Strike_G","Strike_G","Strike_G","Strike_G","Defend_G","Defend_G","Defend_G","Defend_G","Defend_G","Survivor","Neutralize+1","Trip+1","Quick Slash","Footwork+1","Deflect","Dagger Throw","Expertise","Flying Knee+1","Adrenaline"],"special_seed":0,"relics":["Ring of the Snake","Ice Cream","Molten Egg 2","Matryoshka"],"potions_floor_usage":[16],"damage_taken":[{"damage":0.0,"enemies":"Cultist","floor":1.0,"turns":4.0},{"damage":0.0,"enemies":"2 Louse","floor":3.0,"turns":3.0},{"damage":0.0,"enemies":"Small Slimes","floor":5.0,"turns":4.0},{"damage":27.0,"enemies":"3 Sentries","floor":6.0,"turns":15.0},{"damage":2.0,"enemies":"Looter","floor":11.0,"turns":2.0},{"damage":5.0,"enemies":"Large Slime","floor":14.0,"turns":5.0},{"damage":55,"enemies":"Slime Boss","floor":16,"turns":9}],"seed_played":"-6571783438049517062","potions_obtained":[{"floor":3.0,"key":"Weak Potion"},{"floor":5.0,"key":"Dexterity Potion"},{"floor":14.0,"key":"SmokeBomb"}],"is_trial":false,"path_per_floor":["M","$","M","?","M","E","?","R","T","T","M","?","R","M","R","B"],"character_chosen":"THE_SILENT","items_purchased":["Footwork"],"campfire_rested":1,"item_purchase_floors":[2],"current_hp_per_floor":[59,59,59,64,64,37,37,37,37,37,35,35,35,30,51,0],"gold":128,"neow_bonus":"RANDOM_COLORLESS","is_prod":false,"is_daily":false,"chose_seed":false,"campfire_upgraded":2,"win_rate":0,"timestamp":1562732981,"path_taken":["M","?","M","?","M","E","?","R","T","?","M","?","R","?","R","BOSS"],"build_version":"2019-07-03","purchased_purges":0,"victory":false,"max_hp_per_floor":[66,66,66,71,71,71,71,71,71,71,71,71,71,71,71,71],"card_choices":[{"not_picked":["Blade Dance","Acrobatics"],"picked":"Quick Slash","floor":1.0},{"not_picked":["Flying Knee","Underhanded Strike"],"picked":"Deflect","floor":3.0},{"not_picked":["Bane","Quick Slash"],"picked":"Dagger Throw","floor":5.0},{"not_picked":["PiercingWail","Poisoned Stab"],"picked":"Expertise","floor":6.0},{"not_picked":["Concentrate","Bane+1"],"picked":"Flying Knee+1","floor":11.0},{"not_picked":["Escape Plan","Deflect"],"picked":"Adrenaline","floor":14.0}],"player_experience":1174404,"relics_obtained":[{"floor":6.0,"key":"Ice Cream"},{"floor":9.0,"key":"Molten Egg 2"},{"floor":10.0,"key":"Matryoshka"}],"event_choices":[{"damage_healed":0.0,"max_hp_gain":5.0,"max_hp_loss":0.0,"gold_gain":0.0,"event_name":"Big Fish","player_choice":"Donut","floor":4.0,"gold_loss":0.0,"damage_taken":0.0},{"damage_healed":0.0,"max_hp_gain":0.0,"max_hp_loss":0.0,"gold_gain":0.0,"event_name":"Shining Light","player_choice":"Ignored","floor":7.0,"gold_loss":0.0,"damage_taken":0.0},{"damage_healed":0.0,"max_hp_gain":0.0,"max_hp_loss":0.0,"gold_gain":0.0,"event_name":"Accursed Blacksmith","player_choice":"Forge","floor":12.0,"gold_loss":0.0,"damage_taken":0.0,"cards_upgraded":["Neutralize"]}],"is_beta":true,"boss_relics":[],"items_purged_floors":[],"is_endless":false,"potions_floor_spawned":[3,5,14],"killed_by":"Slime Boss","ascension_level":19}