{"gold_per_floor":[112,112,125,139,239,269,282,282,282,292,304,69,69,81,81,184,184,202,12,12,30,30,30,30,45,45,45,45,61,95,275,275,379,379,391,405,505,505,38,71,84,84,84,84,84,84,33,33,33,33],"floor_reached":51,"playtime":3160,"items_purged":["Pain","Strike_R","Shame"],"score":718,"play_id":"912fd0fe-e856-45d9-b9ee-8ef3aef9c810","local_time":"20190630121815","is_ascension_mode":false,"campfire_choices":[{"floor":8,"key":"REST"},{"data":"Armaments","floor":13,"key":"SMITH"},{"data":"Bash","floor":15,"key":"SMITH"},{"data":"Offering","floor":24,"key":"SMITH"},{"data":"Intimidate","floor":28,"key":"SMITH"},{"floor":32,"key":"REST"},{"data":"Limit Break","floor":42,"key":"SMITH"},{"data":"True Grit","floor":44,"key":"SMITH"},{"data":"Dual Wield","floor":46,"key":"SMITH"},{"data":"Shrug It Off","floor":49,"key":"SMITH"}],"neow_cost":"CURSE","seed_source_timestamp":1509602675075711,"circlet_count":0,"master_deck":["Defend_R","Defend_R","Defend_R","Defend_R","Bash+1","Offering+1","Heavy Blade","Spot Weakness","Shrug It Off+1","Armaments+1","True Grit+1","Burning Pact","Spot Weakness","Panacea","Sword Boomerang","Limit Break+1","Dual Wield+1","Bandage Up","Twin Strike+1","Intimidate+1","Necronomicurse","Exhume","Reaper","Juggernaut+1","Corruption+1","Sentinel+1","Clothesline+1","Shrug It Off","Impervious","Parasite","Power Through+1","Panacea"],"relics":["Burning Blood","Darkstone Periapt","Self Forming Clay","Runic Pyramid","Paper Frog","Letter Opener","Ancient Tea Set","Necronomicon","Happy Flower","Astrolabe","Nunchaku","FossilizedHelix","Regal Pillow","Ginger"],"potions_floor_usage":[16,16,21,30,33,36,41,50,50],"damage_taken":[{"damage":20,"enemies":"2 Louse","floor":1,"turns":3},{"damage":8,"enemies":"Cultist","floor":3,"turns":2},{"damage":13,"enemies":"Jaw Worm","floor":4,"turns":3},{"damage":31,"enemies":"Gremlin Nob","floor":6,"turns":4},{"damage":13,"enemies":"Looter","floor":7,"turns":3},{"damage":12,"enemies":"2 Fungi Beasts","floor":10,"turns":3},{"damage":8,"enemies":"Red Slaver","floor":11,"turns":4},{"damage":6,"enemies":"Large Slime","floor":14,"turns":7},{"damage":21,"enemies":"The Guardian","floor":16,"turns":8},{"damage":10,"enemies":"Shell Parasite","floor":18,"turns":4},{"damage":13,"enemies":"3 Byrds","floor":21,"turns":7},{"damage":18,"enemies":"Cultist and Chosen","floor":25,"turns":6},{"damage":13,"enemies":"Centurion and Healer","floor":29,"turns":8},{"damage":13,"enemies":"Book of Stabbing","floor":30,"turns":3},{"damage":34,"enemies":"Champ","floor":33,"turns":7},{"damage":6,"enemies":"3 Shapes","floor":35,"turns":5},{"damage":16,"enemies":"3 Darklings","floor":36,"turns":3},{"damage":32,"enemies":"Mind Bloom Boss Battle","floor":37,"turns":6},{"damage":1,"enemies":"Giant Head","floor":40,"turns":6},{"damage":8,"enemies":"Writhing Mass","floor":41,"turns":5},{"damage":35,"enemies":"Donu and Deca","floor":50,"turns":5}],"seed_played":"6485267455219212652","potions_obtained":[{"floor":1,"key":"EssenceOfSteel"},{"floor":4,"key":"Swift Potion"},{"floor":11,"key":"FearPotion"},{"floor":14,"key":"PowerPotion"},{"floor":25,"key":"Poison Potion"},{"floor":30,"key":"EssenceOfSteel"},{"floor":33,"key":"AttackPotion"},{"floor":37,"key":"Strength Potion"},{"floor":41,"key":"SteroidPotion"}],"is_trial":false,"path_per_floor":["M","?","M","M","?","E","M","R","T","M","M","$","R","M","R","B",null,"M","$","T","M","?","?","R","M","T","?","R","M","E","?","R","B",null,"M","M","?","?","$","E","M","R","T","R","?","R","$","?","R","B",null],"character_chosen":"IRONCLAD","items_purchased":["Spot Weakness","Panacea","Bandage Up","FossilizedHelix","Poison Potion","SpeedPotion"],"campfire_rested":2,"item_purchase_floors":[12,12,19,39,39,47],"current_hp_per_floor":[66,66,64,57,57,32,25,49,49,43,41,41,41,41,41,26,80,76,76,76,73,73,79,79,71,71,61,61,58,55,28,55,31,92,92,92,92,92,92,92,98,98,98,98,98,98,98,98,98,73],"gold":33,"neow_bonus":"THREE_RARE_CARDS","is_prod":false,"is_daily":false,"chose_seed":false,"campfire_upgraded":8,"win_rate":0,"timestamp":1561911495,"path_taken":["M","?","M","M","?","E","M","R","T","M","M","$","R","?","R","BOSS","M","$","?","M","?","?","R","M","T","?","R","M","E","?","R","BOSS","M","M","?","?","$","E","M","R","T","R","?","R","$","?","R","BOSS"],"build_version":"2019-01-23","purchased_purges":3,"victory":true,"max_hp_per_floor":[80,80,80,80,80,80,80,80,80,80,80,80,80,80,80,80,80,80,80,80,80,80,86,86,86,86,92,92,92,92,92,92,92,92,92,92,92,92,92,92,98,98,98,98,98,98,98,98,98,98],"card_choices":[{"not_picked":["Berserk","Bludgeon"],"picked":"Offering","floor":0},{"not_picked":["Warcry","Flex"],"picked":"Heavy Blade","floor":1},{"not_picked":["Sentinel","Cleave"],"picked":"Spot Weakness","floor":3},{"not_picked":["True Grit","Blood for Blood"],"picked":"Shrug It Off","floor":4},{"not_picked":["Pommel Strike","Clothesline","Headbutt"],"picked":"SKIP","floor":6},{"not_picked":["Anger","Pommel Strike"],"picked":"Armaments","floor":7},{"not_picked":["Dark Embrace","Rampage"],"picked":"True Grit","floor":10},{"not_picked":["True Grit","Cleave"],"picked":"Burning Pact","floor":11},{"not_picked":["Clash","Havoc"],"picked":"Sword Boomerang","floor":14},{"not_picked":["Brutality","Barricade"],"picked":"Limit Break","floor":16},{"not_picked":["Fire Breathing","Flex"],"picked":"Dual Wield","floor":18},{"not_picked":["Corruption+1","Headbutt"],"picked":"Twin Strike+1","floor":21},{"not_picked":["Reckless Charge+1","Clash"],"picked":"Intimidate","floor":25},{"not_picked":["Entrench","Sword Boomerang","Rupture+1"],"picked":"SKIP","floor":29},{"not_picked":["Entrench","Sword Boomerang","Rupture+1"],"picked":"SKIP","floor":29},{"not_picked":["Dual Wield+1","Clash"],"picked":"Exhume","floor":30},{"not_picked":["Fiend Fire","Brutality"],"picked":"Reaper","floor":33},{"not_picked":["Carnage+1","Sword Boomerang+1","Rupture+1"],"picked":"SKIP","floor":35},{"not_picked":["Heavy Blade","Cleave"],"picked":"Clothesline+1","floor":36},{"not_picked":["Clash","Clothesline"],"picked":"Shrug It Off","floor":37},{"not_picked":["Perfected Strike+1","Feel No Pain"],"picked":"Impervious","floor":40},{"not_picked":["Cleave+1","Rupture"],"picked":"Power Through+1","floor":41},{"not_picked":["PanicButton","Metamorphosis"],"picked":"Panacea","floor":48}],"player_experience":3862878,"relics_obtained":[{"floor":6,"key":"Darkstone Periapt"},{"floor":9,"key":"Self Forming Clay"},{"floor":20,"key":"Paper Frog"},{"floor":26,"key":"Ancient Tea Set"},{"floor":27,"key":"Necronomicon"},{"floor":30,"key":"Happy Flower"},{"floor":37,"key":"Nunchaku"},{"floor":40,"key":"Regal Pillow"},{"floor":43,"key":"Ginger"}],"event_choices":[{"damage_healed":0,"gold_gain":0,"player_choice":"Ignored","damage_taken":0,"max_hp_gain":0,"max_hp_loss":0,"event_name":"Liars Game","floor":2,"gold_loss":0},{"damage_healed":0,"gold_gain":100,"player_choice":"Pray","damage_taken":0,"max_hp_gain":0,"max_hp_loss":0,"event_name":"Golden Shrine","floor":5,"gold_loss":0},{"cards_removed":["Strike_R"],"damage_healed":0,"gold_gain":0,"player_choice":"Elegance","damage_taken":0,"max_hp_gain":0,"max_hp_loss":0,"event_name":"Back to Basics","floor":22,"gold_loss":0},{"damage_healed":0,"gold_gain":0,"player_choice":"Stole Relic","damage_taken":0,"relics_obtained":["Letter Opener"],"max_hp_gain":0,"max_hp_loss":0,"event_name":"Addict","floor":23,"gold_loss":0,"cards_obtained":["Shame"]},{"damage_healed":0,"gold_gain":0,"player_choice":"Obtained Book","damage_taken":16,"max_hp_gain":0,"max_hp_loss":0,"event_name":"Cursed Tome","floor":27,"gold_loss":0},{"damage_healed":0,"gold_gain":180,"player_choice":"GOLD GOLD ","damage_taken":27,"max_hp_gain":0,"max_hp_loss":0,"event_name":"Knowing Skull","floor":31,"potions_obtained":[],"gold_loss":0,"cards_obtained":[]},{"damage_healed":0,"gold_gain":0,"player_choice":"Fight","damage_taken":0,"max_hp_gain":0,"max_hp_loss":0,"event_name":"MindBloom","floor":37,"gold_loss":0},{"damage_healed":0,"gold_gain":0,"player_choice":"Ignored","damage_taken":0,"max_hp_gain":0,"max_hp_loss":0,"event_name":"Tomb of Lord Red Mask","floor":38,"gold_loss":0},{"damage_healed":0,"gold_gain":0,"player_choice":"Ignored","damage_taken":0,"max_hp_gain":0,"max_hp_loss":0,"event_name":"Mysterious Sphere","floor":45,"gold_loss":0},{"damage_healed":0,"gold_gain":0,"player_choice":"Memory 1","damage_taken":0,"max_hp_gain":0,"max_hp_loss":0,"event_name":"SensoryStone","floor":48,"gold_loss":0}],"is_beta":false,"boss_relics":[{"not_picked":["Black Blood","Sozu"],"picked":"Runic Pyramid"},{"not_picked":["Orrery","Velvet Choker"],"picked":"Astrolabe"}],"items_purged_floors":[12,19,39],"is_endless":false,"potions_floor_spawned":[1,4,11,14,25,30,33,37,41],"ascension_level":0}