{"gold_per_floor":[20,20,20,31,44,44,56,56,56,56,74,74,74,92,92,92],"floor_reached":16,"playtime":956,"items_purged":[],"score":179,"play_id":"7697cd51-fb7d-4e11-96c4-5195f120eb1f","local_time":"20181112103232","is_ascension_mode":true,"campfire_choices":[{"data":"Neutralize","floor":6,"key":"SMITH"},{"data":"Infinite Blades","floor":8,"key":"SMITH"},{"data":"Sucker Punch","floor":10,"key":"SMITH"},{"data":"Backflip","floor":13,"key":"SMITH"},{"data":"Footwork","floor":15,"key":"SMITH"}],"neow_cost":"NO_GOLD","seed_source_timestamp":663955835763573,"circlet_count":0,"master_deck":["AscendersBane","Defend_G","Defend_G","Defend_G","Defend_G","Defend_G","Strike_G","Strike_G","Strike_G","Strike_G","Strike_G","Survivor","Neutralize+1","Bandage Up+1","Impatience","Flying Knee","Backflip+1","Sucker Punch+1","Infinite Blades+1","PiercingWail","Footwork+1"],"relics":["Ring of the Snake","Gremlin Horn"],"potions_floor_usage":[11,11,16],"damage_taken":[{"damage":7,"enemies":"Jaw Worm","floor":1,"turns":6},{"damage":1,"enemies":"Small Slimes","floor":4,"turns":3},{"damage":0,"enemies":"2 Louse","floor":5,"turns":4},{"damage":3,"enemies":"Red Slaver","floor":7,"turns":4},{"damage":7,"enemies":"Looter","floor":11,"turns":4},{"damage":6,"enemies":"Exordium Thugs","floor":14,"turns":4},{"damage":72,"enemies":"Hexaghost","floor":16,"turns":14}],"seed_played":"3304987116285634816","potions_obtained":[{"floor":1,"key":"EssenceOfSteel"},{"floor":4,"key":"Regen Potion"},{"floor":14,"key":"GhostInAJar"}],"is_trial":false,"path_per_floor":["M","?","$","M","M","R","M","R","T","R","M","?","R","M","R","B"],"character_chosen":"THE_SILENT","items_purchased":[],"campfire_rested":0,"item_purchase_floors":[],"current_hp_per_floor":[56,56,56,61,66,66,63,63,63,63,66,66,66,63,63,0],"gold":92,"neow_bonus":"RANDOM_COLORLESS_2","is_prod":false,"is_daily":false,"chose_seed":false,"campfire_upgraded":5,"win_rate":0,"timestamp":1542036752,"path_taken":["M","?","$","M","M","R","M","R","T","R","M","?","R","?","R","BOSS"],"build_version":"2018-11-08","purchased_purges":0,"victory":false,"max_hp_per_floor":[66,66,66,66,66,66,66,66,66,66,66,66,66,66,66,66],"card_choices":[{"not_picked":["Deadly Poison","Dodge and Roll"],"picked":"Flying Knee","floor":1},{"not_picked":["Underhanded Strike","Flying Knee"],"picked":"Backflip","floor":4},{"not_picked":["Deflect","A Thousand Cuts"],"picked":"Sucker Punch","floor":5},{"not_picked":["Setup","Underhanded Strike"],"picked":"Infinite Blades","floor":7},{"not_picked":["Prepared","Dash"],"picked":"PiercingWail","floor":11},{"not_picked":["Deadly Poison","Prepared"],"picked":"Footwork","floor":14}],"player_experience":2225276,"relics_obtained":[{"floor":9,"key":"Gremlin Horn"}],"event_choices":[{"damage_healed":0,"gold_gain":0,"player_choice":"Grow","damage_taken":0,"max_hp_gain":0,"max_hp_loss":0,"event_name":"Living Wall","floor":2,"gold_loss":0,"cards_upgraded":["Bandage Up"]},{"damage_healed":0,"gold_gain":0,"player_choice":"Leave","damage_taken":0,"max_hp_gain":0,"max_hp_loss":0,"event_name":"The Cleric","floor":12,"gold_loss":0}],"is_beta":false,"boss_relics":[],"items_purged_floors":[],"is_endless":false,"potions_floor_spawned":[1,4,7,14],"killed_by":"Hexaghost","ascension_level":19}