{"gold_per_floor":[215,215,19,19,32,32,51,51,98,121,121,182,202,227,227,321,321,342,184,198,64,84,84],"floor_reached":23,"playtime":2327,"items_purged":["Strike_R"],"score":386,"play_id":"75ae3747-82bc-4f07-aa85-9178ba48fd94","local_time":"20190426185021","is_ascension_mode":true,"campfire_choices":[{"data":"Apotheosis","floor":6,"key":"SMITH"},{"data":"Bash","floor":11,"key":"SMITH"},{"floor":15,"key":"REST"}],"neow_cost":"NONE","seed_source_timestamp":1465533412123796,"circlet_count":0,"master_deck":["AscendersBane","Strike_R","Strike_R","Strike_R","Defend_R","Defend_R","Defend_R","Defend_R","Bash+1","Shockwave","Apotheosis+1","Twin Strike","Rampage","Thunderclap","Body Slam","True Grit","Second Wind","Demon Form","Reaper","Feel No Pain+1","Shrug It Off","Limit Break"],"relics":["Burning Blood","Golden Idol","Anchor","Tiny Chest","Fusion Hammer"],"potions_floor_usage":[],"damage_taken":[{"damage":15,"enemies":"Small Slimes","floor":1,"turns":7},{"damage":5,"enemies":"2 Louse","floor":5,"turns":5},{"damage":4,"enemies":"Cultist","floor":7,"turns":3},{"damage":1,"enemies":"2 Fungi Beasts","floor":10,"turns":3},{"damage":24,"enemies":"3 Sentries","floor":12,"turns":8},{"damage":1,"enemies":"Red Slaver","floor":13,"turns":3},{"damage":12,"enemies":"Exordium Thugs","floor":14,"turns":5},{"damage":35,"enemies":"The Guardian","floor":16,"turns":14},{"damage":12,"enemies":"2 Thieves","floor":18,"turns":4},{"damage":38,"enemies":"Chosen","floor":20,"turns":5},{"damage":12,"enemies":"Snake Plant","floor":22,"turns":5},{"damage":52,"enemies":"Gremlin Leader","floor":23,"turns":7}],"seed_played":"8255296647291292845","potions_obtained":[{"floor":1,"key":"GamblersBrew"},{"floor":13,"key":"Strength Potion"}],"is_trial":false,"path_per_floor":["M","?","$","?","M","R","M","?","T","M","R","E","M","M","R","B",null,"M","$","M","$","M","E"],"character_chosen":"IRONCLAD","items_purchased":["Apotheosis","Reaper","Shrug It Off"],"campfire_rested":1,"item_purchase_floors":[3,19,21],"current_hp_per_floor":[59,59,59,59,60,60,62,52,52,57,57,39,44,38,58,29,58,52,52,20,20,33,0],"gold":84,"neow_bonus":"HUNDRED_GOLD","is_prod":false,"is_daily":false,"chose_seed":false,"campfire_upgraded":2,"win_rate":0,"timestamp":1556319021,"path_taken":["M","?","$","?","M","R","?","?","T","?","R","E","M","M","R","BOSS","M","$","M","$","M","E"],"build_version":"2019-01-23","purchased_purges":1,"victory":false,"max_hp_per_floor":[75,68,68,68,68,68,68,68,68,68,68,68,68,68,68,68,68,68,68,68,68,68,68],"card_choices":[{"not_picked":["Wild Strike","Blood for Blood"],"picked":"Shockwave","floor":1},{"not_picked":["Sever Soul","Warcry"],"picked":"Twin Strike","floor":5},{"not_picked":["Combust","Double Tap"],"picked":"Rampage","floor":7},{"not_picked":["Anger","Hemokinesis"],"picked":"Thunderclap","floor":10},{"not_picked":["Uppercut","Whirlwind"],"picked":"Body Slam","floor":12},{"not_picked":["Reckless Charge","Wild Strike"],"picked":"True Grit","floor":13},{"not_picked":["Clothesline","Armaments"],"picked":"Second Wind","floor":14},{"not_picked":["Brutality","Fiend Fire"],"picked":"Demon Form","floor":16},{"not_picked":["Clothesline","Sentinel","Cleave"],"picked":"SKIP","floor":18},{"not_picked":["Havoc+1","Sever Soul"],"picked":"Feel No Pain+1","floor":20},{"not_picked":["Cleave","Body Slam+1"],"picked":"Limit Break","floor":22}],"player_experience":3500880,"relics_obtained":[{"floor":9,"key":"Anchor"},{"floor":12,"key":"Tiny Chest"}],"event_choices":[{"damage_healed":0,"gold_gain":0,"player_choice":"Lose Max HP","damage_taken":0,"relics_obtained":["Golden Idol"],"max_hp_gain":0,"max_hp_loss":7,"event_name":"Golden Idol","floor":2,"gold_loss":0},{"cards_removed":["Strike_R"],"damage_healed":0,"gold_gain":0,"player_choice":"Offered Basic","damage_taken":0,"max_hp_gain":0,"max_hp_loss":0,"event_name":"Bonfire Elementals","floor":4,"gold_loss":0},{"damage_healed":0,"gold_gain":0,"player_choice":"Damaged","damage_taken":10,"max_hp_gain":0,"max_hp_loss":0,"event_name":"Wheel of Change","floor":8,"gold_loss":0}],"is_beta":false,"boss_relics":[{"not_picked":["Runic Dome","Busted Crown"],"picked":"Fusion Hammer"}],"items_purged_floors":[21],"is_endless":false,"potions_floor_spawned":[1,13,16,18,22],"killed_by":"Gremlin Leader","ascension_level":20}