{"gold_per_floor":[112,112,28,28,103,103,114,139,139,153,153,153,171,46,46,119,119,129,140,2,22,34,34,34,34],"floor_reached":25,"playtime":1137,"items_purged":["Strike_R"],"score":402,"play_id":"db74af6b-5100-4a39-a8f4-2d7eace889f0","local_time":"20190424105744","is_ascension_mode":true,"campfire_choices":[{"data":"Bash","floor":6,"key":"SMITH"},{"data":"Limit Break","floor":11,"key":"SMITH"},{"data":"Armaments","floor":15,"key":"SMITH"},{"floor":23,"key":"REST"}],"neow_cost":"NONE","seed_source_timestamp":1265566576054931,"circlet_count":0,"master_deck":["AscendersBane","Strike_R","Strike_R","Strike_R","Strike_R","Defend_R","Defend_R","Defend_R","Defend_R","Bash+1","Shrug It Off","Whirlwind+1","Shrug It Off","Limit Break+1","Iron Wave","Armaments+1","Body Slam","Reaper","Inflame","Iron Wave","J.A.X."],"relics":["Burning Blood","Red Skull","Mercury Hourglass","Boot","Runic Pyramid"],"potions_floor_usage":[16,19,21,25],"damage_taken":[{"damage":7,"enemies":"Jaw Worm","floor":1,"turns":3},{"damage":0,"enemies":"2 Louse","floor":7,"turns":1},{"damage":28,"enemies":"Gremlin Nob","floor":8,"turns":4},{"damage":0,"enemies":"Small Slimes","floor":10,"turns":2},{"damage":0,"enemies":"Blue Slaver","floor":13,"turns":3},{"damage":24,"enemies":"Slime Boss","floor":16,"turns":7},{"damage":20,"enemies":"Spheric Guardian","floor":18,"turns":9},{"damage":10,"enemies":"3 Byrds","floor":19,"turns":6},{"damage":53,"enemies":"3 Cultists","floor":21,"turns":5},{"damage":38,"enemies":"Cultist and Chosen","floor":22,"turns":6},{"damage":59,"enemies":"Slavers","floor":25,"turns":3}],"seed_played":"-4481995942531162992","potions_obtained":[{"floor":1,"key":"Dexterity Potion"},{"floor":8,"key":"Weak Potion"},{"floor":18,"key":"Block Potion"}],"is_trial":false,"path_per_floor":["M","?","$","?","?","R","M","E","T","M","R","?","M","$","R","B",null,"M","M","$","M","M","R","?","E"],"character_chosen":"IRONCLAD","items_purchased":["Whirlwind","Body Slam","Inflame","Block Potion"],"campfire_rested":1,"item_purchase_floors":[3,14,20,20],"current_hp_per_floor":[74,56,56,56,45,45,51,29,29,35,35,35,41,41,41,23,67,53,58,58,45,27,51,51,0],"gold":34,"neow_bonus":"TEN_PERCENT_HP_BONUS","is_prod":false,"is_daily":false,"chose_seed":false,"campfire_upgraded":3,"win_rate":0,"timestamp":1556117864,"path_taken":["M","?","$","?","?","R","M","E","T","M","R","?","?","$","R","BOSS","M","M","$","M","M","R","?","E"],"build_version":"2019-01-23","purchased_purges":1,"victory":false,"max_hp_per_floor":[82,82,82,82,82,82,82,82,82,82,82,82,82,82,82,82,82,82,82,82,82,82,82,82,82],"card_choices":[{"not_picked":["Evolve","True Grit"],"picked":"Shrug It Off","floor":1},{"not_picked":["Fire Breathing","Corruption"],"picked":"Shrug It Off","floor":7},{"not_picked":["Flame Barrier","Searing Blow"],"picked":"Limit Break","floor":8},{"not_picked":["Flex","Anger"],"picked":"Iron Wave","floor":10},{"not_picked":["Cleave","Pummel"],"picked":"Armaments","floor":13},{"not_picked":["Limit Break","Dark Embrace"],"picked":"Reaper","floor":16},{"not_picked":["Havoc","Cleave","Pummel"],"picked":"SKIP","floor":18},{"not_picked":["Infernal Blade","Sentinel","Armaments"],"picked":"SKIP","floor":19},{"not_picked":["Clothesline","Body Slam"],"picked":"Iron Wave","floor":21},{"not_picked":["Sword Boomerang","Thunderclap+1","Havoc"],"picked":"SKIP","floor":22}],"player_experience":3487013,"relics_obtained":[{"floor":8,"key":"Mercury Hourglass"},{"floor":9,"key":"Boot"}],"event_choices":[{"damage_healed":0,"gold_gain":0,"player_choice":"Success","damage_taken":18,"relics_obtained":["Red Skull"],"max_hp_gain":0,"max_hp_loss":0,"event_name":"Scrap Ooze","floor":2,"gold_loss":0},{"damage_healed":0,"gold_gain":0,"player_choice":"Grow","damage_taken":0,"max_hp_gain":0,"max_hp_loss":0,"event_name":"Living Wall","floor":4,"gold_loss":0,"cards_upgraded":["Whirlwind"]},{"damage_healed":0,"gold_gain":75,"player_choice":"Gather Gold","damage_taken":11,"max_hp_gain":0,"max_hp_loss":0,"event_name":"World of Goop","floor":5,"gold_loss":0},{"damage_healed":0,"gold_gain":0,"player_choice":"Ignored","damage_taken":0,"max_hp_gain":0,"max_hp_loss":0,"event_name":"Shining Light","floor":12,"gold_loss":0},{"damage_healed":0,"gold_gain":0,"player_choice":"Obtain J.A.X.","damage_taken":0,"max_hp_gain":0,"max_hp_loss":0,"event_name":"Drug Dealer","floor":24,"gold_loss":0,"cards_obtained":["J.A.X."]}],"is_beta":false,"boss_relics":[{"not_picked":["Velvet Choker","Snecko Eye"],"picked":"Runic Pyramid"}],"items_purged_floors":[14],"is_endless":false,"potions_floor_spawned":[1,8,18],"killed_by":"Slavers","ascension_level":20}