{"gold_per_floor":[112,132,152,172,172,172,203,203,203,203,219,252,270,270,270,344,344,363,363,278,278,292,292,306,306,333,333],"floor_reached":27,"playtime":1982,"items_purged":[],"score":401,"play_id":"f499435d-70b2-47ac-abd0-0db0c3505f6e","local_time":"20181109160119","is_ascension_mode":true,"campfire_choices":[{"data":"Flechettes","floor":6,"key":"SMITH"},{"floor":8,"key":"REST"},{"data":"Dash","floor":10,"key":"SMITH"},{"floor":15,"key":"REST"},{"data":"Noxious Fumes","floor":23,"key":"SMITH"}],"neow_cost":"NONE","seed_source_timestamp":423456384303208,"circlet_count":0,"master_deck":["AscendersBane","Defend_G","Defend_G","Defend_G+1","Defend_G","Defend_G","Strike_G","Strike_G","Strike_G","Strike_G","Survivor","Neutralize+1","Deadly Poison+1","Quick Slash","Flying Knee","Crippling Poison+1","Flechettes+1","Dash+1","Backflip","Prepared+1","Cloak And Dagger+1","Envenom","Deflect+1","Necronomicurse","Noxious Fumes+1","Phantasmal Killer+1","Slice+1","Regret"],"relics":["Ring of the Snake","Regal Pillow","Bag of Preparation","Toxic Egg 2","Cursed Key","Necronomicon","Question Card","War Paint"],"potions_floor_usage":[4,12,12,16,25,25],"damage_taken":[{"damage":0,"enemies":"Cultist","floor":1,"turns":4},{"damage":0,"enemies":"Small Slimes","floor":2,"turns":2},{"damage":4,"enemies":"2 Louse","floor":3,"turns":3},{"damage":2,"enemies":"Exordium Wildlife","floor":4,"turns":3},{"damage":24,"enemies":"Gremlin Nob","floor":7,"turns":4},{"damage":8,"enemies":"Looter","floor":11,"turns":2},{"damage":17,"enemies":"Lagavulin","floor":12,"turns":6},{"damage":5,"enemies":"Exordium Thugs","floor":13,"turns":4},{"damage":6,"enemies":"Hexaghost","floor":16,"turns":9},{"damage":0,"enemies":"3 Byrds","floor":18,"turns":4},{"damage":3,"enemies":"Spheric Guardian","floor":22,"turns":3},{"damage":16,"enemies":"Snake Plant","floor":24,"turns":5},{"damage":0,"enemies":"Colosseum Slavers","floor":25,"turns":2},{"damage":30,"enemies":"Shelled Parasite and Fungi","floor":27,"turns":3}],"seed_played":"-5194104596147920364","potions_obtained":[{"floor":2,"key":"Ancient Potion"},{"floor":3,"key":"GhostInAJar"},{"floor":11,"key":"SkillPotion"},{"floor":12,"key":"FearPotion"},{"floor":13,"key":"Energy Potion"},{"floor":22,"key":"Strength Potion"}],"is_trial":false,"path_per_floor":["M","M","M","M","?","R","E","R","T","R","M","E","M","?","R","B",null,"M","?","?","?","M","R","M","?","T","M"],"character_chosen":"THE_SILENT","items_purchased":[],"campfire_rested":2,"item_purchase_floors":[],"current_hp_per_floor":[59,59,55,53,53,53,29,63,63,63,55,38,33,33,66,60,65,65,44,44,44,41,41,25,25,25,0],"gold":333,"neow_bonus":"TRANSFORM_CARD","is_prod":false,"is_daily":false,"chose_seed":false,"campfire_upgraded":3,"win_rate":0,"timestamp":1541797279,"path_taken":["M","M","M","?","?","R","E","R","T","R","M","E","?","?","R","BOSS","M","?","?","?","?","R","M","?","T","M"],"build_version":"2018-11-08","purchased_purges":0,"victory":false,"max_hp_per_floor":[66,66,66,66,66,66,66,66,66,66,66,66,66,66,66,66,66,66,66,66,66,66,66,66,66,66,66],"card_choices":[{"not_picked":["Blade Dance","Backflip"],"picked":"Quick Slash","floor":1},{"not_picked":["Flechettes","Predator"],"picked":"Flying Knee","floor":2},{"not_picked":["Blade Dance","Dagger Throw"],"picked":"Crippling Poison","floor":3},{"not_picked":["Heel Hook","Leg Sweep"],"picked":"Flechettes","floor":4},{"not_picked":["Doppelganger","Underhanded Strike"],"picked":"Dash","floor":7},{"not_picked":["Cloak And Dagger","Poisoned Stab"],"picked":"Backflip","floor":11},{"not_picked":["Reflex","Bane"],"picked":"Prepared","floor":12},{"not_picked":["Masterful Stab","Night Terror+1"],"picked":"Cloak And Dagger+1","floor":13},{"not_picked":["Die Die Die","Wraith Form v2"],"picked":"Envenom","floor":16},{"not_picked":["Dagger Spray","Crippling Poison+1"],"picked":"Deflect+1","floor":18},{"not_picked":["Dagger Throw","Deflect+1","Backstab"],"picked":"Phantasmal Killer+1","floor":22},{"not_picked":["Finisher","Cloak And Dagger+1","Quick Slash"],"picked":"Slice+1","floor":24}],"player_experience":2155382,"relics_obtained":[{"floor":7,"key":"Regal Pillow"},{"floor":9,"key":"Bag of Preparation"},{"floor":12,"key":"Toxic Egg 2"},{"floor":19,"key":"Necronomicon"},{"floor":26,"key":"War Paint"}],"event_choices":[{"damage_healed":0,"gold_gain":0,"player_choice":"Upgraded","damage_taken":0,"max_hp_gain":0,"max_hp_loss":0,"event_name":"Upgrade Shrine","floor":5,"gold_loss":0,"cards_upgraded":["Crippling Poison"]},{"damage_healed":0,"gold_gain":0,"player_choice":"Forge","damage_taken":0,"max_hp_gain":0,"max_hp_loss":0,"event_name":"Accursed Blacksmith","floor":14,"gold_loss":0,"cards_upgraded":["Neutralize"]},{"damage_healed":0,"gold_gain":0,"player_choice":"Obtained Book","damage_taken":21,"max_hp_gain":0,"max_hp_loss":0,"event_name":"Cursed Tome","floor":19,"gold_loss":0},{"damage_healed":0,"gold_gain":0,"player_choice":"Obtained Relic","damage_taken":0,"relics_obtained":["Question Card"],"max_hp_gain":0,"max_hp_loss":0,"event_name":"Addict","floor":20,"gold_loss":85},{"damage_healed":0,"gold_gain":0,"player_choice":"Read","damage_taken":0,"max_hp_gain":0,"max_hp_loss":0,"event_name":"The Library","floor":21,"gold_loss":0,"cards_obtained":["Noxious Fumes"]},{"damage_healed":0,"gold_gain":0,"player_choice":"Fight","damage_taken":0,"max_hp_gain":0,"max_hp_loss":0,"event_name":"Colosseum","floor":25,"gold_loss":0},{"damage_healed":0,"gold_gain":0,"player_choice":"Fled From Nobs","damage_taken":0,"max_hp_gain":0,"max_hp_loss":0,"event_name":"Colosseum","floor":25,"gold_loss":0}],"is_beta":false,"boss_relics":[{"not_picked":["Ectoplasm","Empty Cage"],"picked":"Cursed Key"}],"items_purged_floors":[],"is_endless":false,"potions_floor_spawned":[2,3,11,12,13,22,25],"killed_by":"Shelled Parasite and Fungi","ascension_level":16}