{"gold_per_floor":[113,113,113,59,59,59,105,117,129,66,94,106,135,166,178,261,273,300,312,274,286,309,321,343,355],"floor_reached":25,"playtime":891,"items_purged":[],"score":441,"play_id":"5d7d920a-e702-4acd-af04-55ee8de46976","local_time":"20190411152301","is_ascension_mode":true,"campfire_choices":[{"floor":8,"key":"REST"},{"data":"Sunder","floor":12,"key":"SMITH"},{"data":"Tempest","floor":15,"key":"SMITH"},{"floor":23,"key":"REST"}],"neow_cost":"NONE","seed_source_timestamp":158527347858868,"circlet_count":0,"master_deck":["AscendersBane","Strike_B+1","Strike_B+1","Defend_B+1","Defend_B+1","Defend_B+1","Defend_B+1","Zap","Dualcast+1","Darkness","Rebound","BootSequence","Sunder+1","Tempest+1","Steam","Echo Form","Coolheaded","Auto Shields","Steam","Undo"],"relics":["FrozenCore","NeowsBlessing","MawBank","Bottled Lightning","PreservedInsect"],"potions_floor_usage":[16,16,20,25],"damage_taken":[{"damage":0,"enemies":"Small Slimes","floor":1,"turns":1},{"damage":0,"enemies":"3 Sentries","floor":7,"turns":2},{"damage":0,"enemies":"Jaw Worm","floor":11,"turns":1},{"damage":0,"enemies":"2 Louse","floor":13,"turns":2},{"damage":0,"enemies":"2 Fungi Beasts","floor":14,"turns":3},{"damage":20,"enemies":"The Guardian","floor":16,"turns":9},{"damage":16,"enemies":"3 Byrds","floor":18,"turns":6},{"damage":5,"enemies":"2 Thieves","floor":20,"turns":5},{"damage":23,"enemies":"Chosen and Byrds","floor":22,"turns":7},{"damage":40,"enemies":"Cultist and Chosen","floor":24,"turns":7},{"damage":6,"enemies":"Gremlin Leader","floor":25,"turns":2}],"seed_played":"2927937056860741901","potions_obtained":[{"floor":11,"key":"Fire Potion"},{"floor":14,"key":"FocusPotion"},{"floor":18,"key":"SkillPotion"},{"floor":24,"key":"Swift Potion"}],"is_trial":false,"path_per_floor":["M","?","?","$","?","T","E","R","T","?","M","R","M","M","R","B",null,"M","?","M","?","M","R","M","E"],"character_chosen":"DEFECT","items_purchased":["Rebound"],"campfire_rested":2,"item_purchase_floors":[4],"current_hp_per_floor":[64,69,46,46,39,39,39,61,61,61,61,61,61,61,61,41,67,51,51,46,46,23,45,5,0],"gold":355,"neow_bonus":"THREE_ENEMY_KILL","is_prod":false,"is_daily":false,"chose_seed":false,"campfire_upgraded":2,"win_rate":0,"timestamp":1555010581,"path_taken":["M","?","?","$","?","?","E","R","T","?","M","R","M","M","R","BOSS","M","?","M","?","M","R","M","E"],"build_version":"2019-01-23","purchased_purges":0,"victory":false,"max_hp_per_floor":[71,76,76,76,76,76,76,76,76,76,76,76,76,76,76,76,76,76,76,76,76,76,76,76,76],"card_choices":[{"not_picked":["Go for the Eyes","Sweeping Beam"],"picked":"Darkness","floor":1},{"not_picked":["Conserve Battery","Cold Snap"],"picked":"BootSequence","floor":7},{"not_picked":["Conserve Battery","Hyperbeam"],"picked":"Sunder","floor":11},{"not_picked":["Sweeping Beam","Lockon"],"picked":"Tempest","floor":13},{"not_picked":["Consume","Scrape"],"picked":"Steam","floor":14},{"not_picked":["Fission","Meteor Strike"],"picked":"Echo Form","floor":16},{"not_picked":["Steam","Stack"],"picked":"Coolheaded","floor":18},{"not_picked":["Beam Cell+1","Ball Lightning"],"picked":"Auto Shields","floor":20},{"not_picked":["Gash","Undo"],"picked":"Steam","floor":22},{"not_picked":["Cold Snap","Leap"],"picked":"Undo","floor":24}],"player_experience":3359333,"relics_obtained":[{"floor":6,"key":"MawBank"},{"floor":7,"key":"Bottled Lightning"},{"floor":9,"key":"PreservedInsect"}],"event_choices":[{"damage_healed":0,"gold_gain":0,"player_choice":"Donut","damage_taken":0,"max_hp_gain":5,"max_hp_loss":0,"event_name":"Big Fish","floor":2,"gold_loss":0},{"damage_healed":0,"gold_gain":0,"player_choice":"Entered Light","damage_taken":23,"max_hp_gain":0,"max_hp_loss":0,"event_name":"Shining Light","floor":3,"gold_loss":0,"cards_upgraded":["Defend_B","Dualcast"]},{"cards_removed":["Strike_B"],"damage_healed":0,"gold_gain":0,"player_choice":"Card Removal","damage_taken":7,"max_hp_gain":0,"max_hp_loss":0,"event_name":"Golden Wing","floor":5,"gold_loss":0},{"cards_removed":["Strike_B"],"damage_healed":0,"gold_gain":0,"player_choice":"Card Removal","damage_taken":0,"max_hp_gain":0,"max_hp_loss":0,"event_name":"The Cleric","floor":10,"gold_loss":75},{"damage_healed":0,"gold_gain":0,"player_choice":"Simplicity","damage_taken":0,"max_hp_gain":0,"max_hp_loss":0,"event_name":"Back to Basics","floor":19,"gold_loss":0,"cards_upgraded":["Strike_B","Strike_B","Defend_B","Defend_B","Defend_B"]},{"damage_healed":0,"gold_gain":0,"player_choice":"Ignored","damage_taken":0,"max_hp_gain":0,"max_hp_loss":0,"event_name":"Vampires","floor":21,"gold_loss":0}],"is_beta":false,"boss_relics":[{"not_picked":["Ectoplasm","Lizard Tail"],"picked":"FrozenCore"}],"items_purged_floors":[],"is_endless":false,"potions_floor_spawned":[11,14,18,24],"killed_by":"Gremlin Leader","ascension_level":19}