{"gold_per_floor":[117,117,42,42,56,56,112,112,112,145,145,15,90,100,100,175,175,187,187,213,10,22,22,22,22,72,72,72,18,18,30,30,108,108,122,33,33,133,133],"floor_reached":39,"playtime":1756,"items_purged":["Strike_B"],"score":858,"play_id":"c3b09e73-7021-402b-a6b7-738f3eff2cc8","local_time":"20190429165004","is_ascension_mode":true,"campfire_choices":[{"data":"Ball Lightning","floor":6,"key":"SMITH"},{"data":"Rainbow","floor":8,"key":"SMITH"},{"data":"Zap","floor":11,"key":"SMITH"},{"data":"Genetic Algorithm","floor":15,"key":"SMITH"},{"floor":23,"key":"REST"},{"data":"Loop","floor":25,"key":"SMITH"},{"data":"Reboot","floor":28,"key":"SMITH"},{"data":"Genetic Algorithm","floor":30,"key":"SMITH"},{"floor":32,"key":"REST"}],"neow_cost":"NONE","seed_source_timestamp":1718086326335040,"circlet_count":0,"master_deck":["AscendersBane","Defend_B","Zap+1","Dualcast","Turbo","Ball Lightning+1","Rainbow+1","Doom and Gloom","Genetic Algorithm+1","Echo Form","Hyperbeam+1","Capacitor+1","Reprogram+1","Genetic Algorithm+1","Loop+1","Steam","Skim","Reboot+1","Consume","Biased Cognition","Stack","Bandage Up","Shame","Leap"],"relics":["Cracked Core","NeowsBlessing","Tiny Chest","Mercury Hourglass","Dead Branch","Astrolabe","Question Card","Red Mask","Bronze Scales","Cursed Key","Pen Nib","Ice Cream"],"potions_floor_usage":[10,10,16,22,33,33,38,39],"damage_taken":[{"damage":0,"enemies":"2 Louse","floor":1,"turns":1},{"damage":0,"enemies":"Jaw Worm","floor":5,"turns":1},{"damage":0,"enemies":"Lagavulin","floor":7,"turns":1},{"damage":8,"enemies":"Gremlin Nob","floor":10,"turns":3},{"damage":0,"enemies":"Cultist","floor":14,"turns":2},{"damage":38,"enemies":"Hexaghost","floor":16,"turns":8},{"damage":22,"enemies":"2 Thieves","floor":18,"turns":3},{"damage":5,"enemies":"Masked Bandits","floor":20,"turns":2},{"damage":15,"enemies":"Spheric Guardian","floor":22,"turns":4},{"damage":4,"enemies":"Centurion and Healer","floor":31,"turns":9},{"damage":38,"enemies":"Champ","floor":33,"turns":9},{"damage":26,"enemies":"3 Darklings","floor":35,"turns":3},{"damage":9,"enemies":"Mind Bloom Boss Battle","floor":38,"turns":6},{"damage":62,"enemies":"2 Orb Walkers","floor":39,"turns":3}],"seed_played":"-8183352739233481285","potions_obtained":[{"floor":5,"key":"Ancient Potion"},{"floor":7,"key":"PowerPotion"},{"floor":22,"key":"SpeedPotion"},{"floor":33,"key":"Ancient Potion"},{"floor":35,"key":"Regen Potion"}],"is_trial":false,"path_per_floor":["M","?","?","$","M","R","E","R","T","E","R","$","?","M","R","B",null,"M","T","?","$","M","R","?","R","T","?","R","$","R","M","R","B",null,"M","$","T","?","?"],"character_chosen":"DEFECT","items_purchased":["Block Potion","Loop","Block Potion","Steam","Weak Potion","Bandage Up"],"campfire_rested":2,"item_purchase_floors":[12,21,21,21,29,36],"current_hp_per_floor":[64,69,69,69,69,69,69,69,69,61,61,61,50,50,50,12,60,38,38,33,33,18,40,40,40,40,40,40,40,40,36,58,20,62,36,36,36,46,0],"gold":133,"neow_bonus":"THREE_ENEMY_KILL","is_prod":false,"is_daily":false,"chose_seed":false,"campfire_upgraded":7,"win_rate":0,"timestamp":1556571004,"path_taken":["M","?","?","$","M","R","E","R","T","E","R","$","?","?","R","BOSS","M","?","?","$","M","R","?","R","T","?","R","$","R","M","R","BOSS","M","$","?","?","?"],"build_version":"2019-01-23","purchased_purges":1,"victory":false,"max_hp_per_floor":[71,76,76,76,76,76,76,76,76,76,76,76,76,76,76,76,76,76,76,76,76,76,76,76,76,76,76,76,76,76,76,76,76,76,76,76,76,76,76],"card_choices":[{"not_picked":["Gash","Compile Driver"],"picked":"Turbo","floor":1},{"not_picked":["Scrape","Rip and Tear"],"picked":"Ball Lightning","floor":5},{"not_picked":["Conserve Battery","Hologram"],"picked":"Rainbow","floor":7},{"not_picked":["Compile Driver","Steam"],"picked":"Doom and Gloom","floor":10},{"not_picked":["Stack","Sweeping Beam"],"picked":"Genetic Algorithm","floor":14},{"not_picked":["Biased Cognition","All For One"],"picked":"Echo Form","floor":16},{"not_picked":["Redo","Compile Driver","Sweeping Beam"],"picked":"SKIP","floor":18},{"not_picked":["Cold Snap","Rebound","Darkness"],"picked":"Genetic Algorithm","floor":20},{"not_picked":["Turbo","Streamline","Rebound"],"picked":"Skim","floor":22},{"not_picked":["Electrodynamics","Hello World","Rip and Tear"],"picked":"Consume","floor":31},{"not_picked":["Amplify","Hyperbeam","Core Surge"],"picked":"Biased Cognition","floor":33},{"not_picked":["Doom and Gloom+1","Skim","Rebound","Stack"],"picked":"SKIP","floor":35},{"not_picked":["Doom and Gloom+1","Skim","Rebound"],"picked":"Stack","floor":35},{"not_picked":["Conserve Battery","Doom and Gloom+1","Steam"],"picked":"Leap","floor":38}],"player_experience":3521236,"relics_obtained":[{"floor":7,"key":"Tiny Chest"},{"floor":9,"key":"Mercury Hourglass"},{"floor":10,"key":"Dead Branch"},{"floor":19,"key":"Question Card"},{"floor":20,"key":"Red Mask"},{"floor":26,"key":"Bronze Scales"},{"floor":37,"key":"Pen Nib"},{"floor":38,"key":"Ice Cream"}],"event_choices":[{"damage_healed":0,"gold_gain":0,"player_choice":"Donut","damage_taken":0,"max_hp_gain":5,"max_hp_loss":0,"event_name":"Big Fish","floor":2,"gold_loss":0},{"cards_removed":["Strike_B"],"damage_healed":0,"gold_gain":0,"player_choice":"Card Removal","damage_taken":0,"max_hp_gain":0,"max_hp_loss":0,"event_name":"The Cleric","floor":3,"gold_loss":75},{"damage_healed":0,"gold_gain":75,"player_choice":"Gather Gold","damage_taken":11,"max_hp_gain":0,"max_hp_loss":0,"event_name":"World of Goop","floor":13,"gold_loss":0},{"damage_healed":0,"gold_gain":0,"player_choice":"Fought Bandits","damage_taken":0,"max_hp_gain":0,"max_hp_loss":0,"event_name":"Masked Bandits","floor":20,"gold_loss":0},{"cards_removed":["Defend_B"],"damage_healed":0,"gold_gain":0,"player_choice":"Elegance","damage_taken":0,"max_hp_gain":0,"max_hp_loss":0,"event_name":"Back to Basics","floor":24,"gold_loss":0},{"damage_healed":0,"gold_gain":0,"cards_transformed":["Defend_B"],"player_choice":"Transformed","damage_taken":0,"max_hp_gain":0,"max_hp_loss":0,"event_name":"Transmorgrifier","floor":27,"gold_loss":0,"cards_obtained":["Reboot"]},{"damage_healed":0,"gold_gain":0,"player_choice":"Fight","damage_taken":0,"max_hp_gain":0,"max_hp_loss":0,"event_name":"MindBloom","floor":38,"gold_loss":0},{"damage_healed":0,"gold_gain":0,"player_choice":"Fight","damage_taken":0,"max_hp_gain":0,"max_hp_loss":0,"event_name":"Mysterious Sphere","floor":39,"gold_loss":0}],"is_beta":false,"boss_relics":[{"not_picked":["Busted Crown","Lizard Tail"],"picked":"Astrolabe"},{"not_picked":["Fusion Hammer","Coffee Dripper"],"picked":"Cursed Key"}],"items_purged_floors":[12],"is_endless":false,"potions_floor_spawned":[5,7,22,31,33,35],"killed_by":"2 Orb Walkers","ascension_level":20}