{"gold_per_floor":[109,109,59,59,59,86,86,113,113,123,135,153,182,200,200,303,303,319,319,329,329,345,379,379,411,411,436,386,416,427,427,427,532,532,544,67,85,85,99,131,131,163,187,213,229,229,229,239,239,239,239,239,27,54,54],"floor_reached":56,"playtime":4602,"items_purged":["Strike_G"],"score":1863,"play_id":"76a58c5a-bd0f-4b14-b10f-e18bb72a7450","local_time":"20190720214545","is_ascension_mode":true,"campfire_choices":[{"floor":7,"key":"REST"},{"floor":15,"key":"REST"},{"data":"Noxious Fumes","floor":32,"key":"SMITH"},{"floor":41,"key":"RECALL"},{"data":"Caltrops","floor":47,"key":"SMITH"},{"data":"Caltrops","floor":49,"key":"SMITH"},{"data":"Adrenaline","floor":52,"key":"SMITH"}],"neow_cost":"NONE","seed_source_timestamp":4957780171718,"circlet_count":0,"master_deck":["Strike_G","Strike_G+1","Strike_G+1","Defend_G","Defend_G+1","Defend_G+1","Defend_G","Survivor+1","Neutralize+1","Backflip","Deflect","Crippling Poison","Noxious Fumes+1","Adrenaline+1","Adrenaline","Bouncing Flask+1","Ghostly","Ghostly","Ghostly+1","Ghostly","Ghostly","Acrobatics","Caltrops+1","Prepared+1","After Image","Escape Plan","Caltrops+1","Prepared+1","Acrobatics","Secret Technique","Escape Plan+1"],"relics":["Ring of the Snake","PreservedInsect","Smiling Mask","The Courier","Bottled Tornado","Black Star","StoneCalendar","Meat on the Bone","Pantograph","Matryoshka","Paper Crane","Whetstone","War Paint","Omamori","Pen Nib","The Specimen","HoveringKite","Tough Bandages","Unceasing Top","Mango","Bag of Marbles","Mercury Hourglass","Boot","Ornamental Fan","Art of War","Bottled Lightning","Cauldron","Incense Burner","Lantern"],"potions_floor_usage":[13,13,16,23,25,42,42,55,55,55],"damage_taken":[{"damage":0,"enemies":"Small Slimes","floor":1,"turns":3},{"damage":48,"enemies":"Gremlin Nob","floor":6,"turns":8},{"damage":9,"enemies":"3 Sentries","floor":8,"turns":10},{"damage":2,"enemies":"Jaw Worm","floor":10,"turns":4},{"damage":2,"enemies":"Cultist","floor":11,"turns":4},{"damage":8,"enemies":"Exordium Thugs","floor":12,"turns":7},{"damage":3,"enemies":"Gremlin Nob","floor":13,"turns":5},{"damage":0,"enemies":"Blue Slaver","floor":14,"turns":5},{"damage":13,"enemies":"The Guardian","floor":16,"turns":14},{"damage":7,"enemies":"Spheric Guardian","floor":18,"turns":7},{"damage":1,"enemies":"Shell Parasite","floor":20,"turns":9},{"damage":3,"enemies":"Snake Plant","floor":22,"turns":5},{"damage":1,"enemies":"Book of Stabbing","floor":23,"turns":6},{"damage":3,"enemies":"Slavers","floor":25,"turns":7},{"damage":0,"enemies":"Gremlin Leader","floor":27,"turns":7},{"damage":5,"enemies":"Slavers","floor":29,"turns":4},{"damage":3,"enemies":"3 Cultists","floor":30,"turns":5},{"damage":7,"enemies":"Automaton","floor":33,"turns":9},{"damage":4,"enemies":"3 Shapes","floor":35,"turns":5},{"damage":0,"enemies":"3 Darklings","floor":37,"turns":5},{"damage":0,"enemies":"Maw","floor":39,"turns":8},{"damage":0,"enemies":"Giant Head","floor":40,"turns":8},{"damage":0,"enemies":"Reptomancer","floor":42,"turns":6},{"damage":0,"enemies":"Giant Head","floor":44,"turns":9},{"damage":10,"enemies":"Spire Growth","floor":45,"turns":6},{"damage":0,"enemies":"Jaw Worm Horde","floor":48,"turns":3},{"damage":0,"enemies":"Awakened One","floor":50,"turns":14},{"damage":0,"enemies":"Shield and Spear","floor":54,"turns":5},{"damage":15,"enemies":"The Heart","floor":55,"turns":9}],"seed_played":"396135979659375380","potions_obtained":[{"floor":6,"key":"GhostInAJar"},{"floor":8,"key":"Ancient Potion"},{"floor":12,"key":"Swift Potion"},{"floor":16,"key":"EssenceOfSteel"},{"floor":20,"key":"GhostInAJar"},{"floor":27,"key":"SteroidPotion"},{"floor":33,"key":"Explosive Potion"},{"floor":35,"key":"Block Potion"},{"floor":39,"key":"Strength Potion"},{"floor":42,"key":"GamblersBrew"},{"floor":44,"key":"Regen Potion"},{"floor":53,"key":"Poison Potion"},{"floor":53,"key":"Ancient Potion"},{"floor":53,"key":"Energy Potion"}],"is_trial":false,"path_per_floor":["M","?","?","?","?","E","R","E","T","M","M","M","E","M","R","B",null,"M","?","M","?","M","E","?","E","T","E","?","E","M","?","R","B",null,"M","$","M","?","M","E","R","E","T","E","M","?","R","M","R","B",null,"R","$","E","B",null],"character_chosen":"THE_SILENT","items_purchased":["Tough Bandages","Unceasing Top","Cauldron"],"campfire_rested":2,"item_purchase_floors":[36,36,53],"current_hp_per_floor":[70,70,70,55,55,7,30,21,21,19,17,9,6,6,29,16,62,55,55,54,38,35,34,34,31,31,31,31,26,23,18,18,36,41,37,37,37,37,37,51,51,51,51,51,41,31,31,31,31,56,57,57,57,57,42],"gold":54,"neow_bonus":"TEN_PERCENT_HP_BONUS","is_prod":false,"is_daily":false,"chose_seed":false,"campfire_upgraded":4,"win_rate":0,"timestamp":1563651945,"path_taken":["M","?","?","?","?","E","R","E","T","M","M","M","E","M","R","BOSS","M","?","?","?","M","E","?","E","T","E","?","E","?","?","R","BOSS","M","$","M","?","M","E","R","E","T","E","?","?","R","M","R","BOSS","R","$","E","BOSS"],"build_version":"2019-07-17","purchased_purges":1,"victory":true,"max_hp_per_floor":[77,77,77,77,77,77,77,77,77,77,77,77,77,77,77,77,77,77,77,77,38,38,38,38,38,38,38,38,38,38,43,43,43,43,43,43,43,43,43,57,57,57,57,57,57,57,57,57,57,57,57,57,57,57,57],"card_choices":[{"not_picked":["Deflect","Dagger Throw"],"picked":"Backflip","floor":1},{"not_picked":["Deadly Poison","Blade Dance","Bouncing Flask"],"picked":"SKIP","floor":6},{"not_picked":["Quick Slash","Burst"],"picked":"Deflect","floor":8},{"not_picked":["Sucker Punch","Deadly Poison"],"picked":"Crippling Poison","floor":10},{"not_picked":["Outmaneuver","Quick Slash","Blade Dance"],"picked":"SKIP","floor":11},{"not_picked":["All Out Attack","Bane"],"picked":"Noxious Fumes","floor":12},{"not_picked":["Grand Finale","Reflex","Noxious Fumes"],"picked":"SKIP","floor":13},{"not_picked":["Deadly Poison","Concentrate","Deflect"],"picked":"SKIP","floor":14},{"not_picked":["Bullet Time","Glass Knife"],"picked":"Adrenaline","floor":16},{"not_picked":["Bane+1","Poisoned Stab+1","Riddle With Holes"],"picked":"SKIP","floor":18},{"not_picked":["Dagger Spray","Reflex+1"],"picked":"Bouncing Flask+1","floor":20},{"not_picked":["Poisoned Stab","Quick Slash+1","Heel Hook"],"picked":"SKIP","floor":22},{"not_picked":["Dagger Spray","Quick Slash","Deadly Poison"],"picked":"SKIP","floor":23},{"not_picked":["Finisher","Cloak And Dagger","Blade Dance"],"picked":"SKIP","floor":25},{"not_picked":["Bouncing Flask","Tools of the Trade"],"picked":"Caltrops","floor":27},{"not_picked":["Deflect+1","Accuracy+1","Quick Slash"],"picked":"SKIP","floor":29},{"not_picked":["Infinite Blades+1","Dash"],"picked":"Prepared+1","floor":30},{"not_picked":["Burst","Storm of Steel"],"picked":"After Image","floor":33},{"not_picked":["Dagger Spray","Dash"],"picked":"Escape Plan","floor":35},{"not_picked":["Dagger Throw","Heel Hook+1"],"picked":"Caltrops","floor":37},{"not_picked":["Predator+1","Bane+1","Endless Agony+1"],"picked":"SKIP","floor":39},{"not_picked":["Venomology","Distraction+1","Accuracy"],"picked":"SKIP","floor":40},{"not_picked":["Deadly Poison","Flechettes","Underhanded Strike+1"],"picked":"SKIP","floor":42},{"not_picked":["Slice","Poisoned Stab"],"picked":"Prepared+1","floor":44},{"not_picked":["Dagger Spray+1","Quick Slash+1"],"picked":"Acrobatics","floor":45},{"not_picked":["Dark Shackles","The Bomb"],"picked":"Secret Technique","floor":46},{"not_picked":["Acrobatics","Setup","Bane+1"],"picked":"SKIP","floor":48},{"not_picked":["Flying Knee","Expertise+1"],"picked":"Escape Plan+1","floor":54}],"player_experience":188287,"relics_obtained":[{"floor":6,"key":"PreservedInsect"},{"floor":8,"key":"Smiling Mask"},{"floor":9,"key":"The Courier"},{"floor":13,"key":"Bottled Tornado"},{"floor":23,"key":"StoneCalendar"},{"floor":23,"key":"Meat on the Bone"},{"floor":25,"key":"Pantograph"},{"floor":25,"key":"Matryoshka"},{"floor":26,"key":"Paper Crane"},{"floor":26,"key":"Whetstone"},{"floor":27,"key":"War Paint"},{"floor":27,"key":"Omamori"},{"floor":29,"key":"Pen Nib"},{"floor":29,"key":"The Specimen"},{"floor":40,"key":"Mango"},{"floor":40,"key":"Bag of Marbles"},{"floor":42,"key":"Mercury Hourglass"},{"floor":42,"key":"Boot"},{"floor":43,"key":"Ornamental Fan"},{"floor":44,"key":"Art of War"},{"floor":44,"key":"Bottled Lightning"},{"floor":54,"key":"Incense Burner"},{"floor":54,"key":"Lantern"}],"event_choices":[{"damage_healed":0,"gold_gain":0,"player_choice":"Grow","damage_taken":0,"max_hp_gain":0,"max_hp_loss":0,"event_name":"Living Wall","floor":2,"gold_loss":0,"cards_upgraded":["Neutralize"]},{"cards_removed":["Defend_G"],"damage_healed":0,"gold_gain":0,"player_choice":"Card Removal","damage_taken":0,"max_hp_gain":0,"max_hp_loss":0,"event_name":"The Cleric","floor":3,"gold_loss":50},{"damage_healed":0,"gold_gain":0,"player_choice":"Entered Light","damage_taken":15,"max_hp_gain":0,"max_hp_loss":0,"event_name":"Shining Light","floor":4,"gold_loss":0,"cards_upgraded":["Survivor","Defend_G"]},{"damage_healed":0,"gold_gain":0,"player_choice":"Ignored","damage_taken":0,"max_hp_gain":0,"max_hp_loss":0,"event_name":"Liars Game","floor":5,"gold_loss":0},{"damage_healed":0,"gold_gain":0,"player_choice":"1 cards matched","damage_taken":0,"max_hp_gain":0,"max_hp_loss":0,"event_name":"Match and Keep!","floor":19,"gold_loss":0,"cards_obtained":["Adrenaline"]},{"damage_healed":0,"gold_gain":0,"player_choice":"Became a Ghost","damage_taken":0,"max_hp_gain":0,"max_hp_loss":39,"event_name":"Ghosts","floor":21,"gold_loss":0,"cards_obtained":["Ghostly","Ghostly","Ghostly","Ghostly","Ghostly"]},{"damage_healed":0,"gold_gain":0,"player_choice":"Read","damage_taken":0,"max_hp_gain":0,"max_hp_loss":0,"event_name":"The Library","floor":24,"gold_loss":0,"cards_obtained":["Acrobatics"]},{"damage_healed":0,"gold_gain":0,"player_choice":"Bet on Murderer","damage_taken":0,"max_hp_gain":0,"max_hp_loss":0,"event_name":"The Joust","floor":28,"gold_loss":50},{"damage_healed":0,"gold_gain":0,"player_choice":"Shed Blood","damage_taken":10,"max_hp_gain":5,"max_hp_loss":0,"event_name":"Forgotten Altar","floor":31,"gold_loss":0},{"cards_removed":["Strike_G"],"damage_healed":0,"gold_gain":0,"player_choice":"Purged","damage_taken":0,"max_hp_gain":0,"max_hp_loss":0,"event_name":"Purifier","floor":38,"gold_loss":0},{"damage_healed":0,"gold_gain":0,"player_choice":"Memory 3","damage_taken":10,"max_hp_gain":0,"max_hp_loss":0,"event_name":"SensoryStone","floor":46,"gold_loss":0}],"is_beta":false,"boss_relics":[{"not_picked":["Astrolabe","Runic Pyramid"],"picked":"Black Star"},{"not_picked":["Snecko Eye","Empty Cage"],"picked":"HoveringKite"}],"items_purged_floors":[53],"is_endless":false,"potions_floor_spawned":[6,8,12,16,20,27,33,35,39,42,44,54],"ascension_level":6}