{"gold_per_floor":[113,113,131,151,0,0,17,17,41,55,55,55,73,87,87,87],"floor_reached":16,"playtime":1104,"items_purged":[],"score":136,"play_id":"9be07e38-0cf6-4035-ba7f-6d731765736a","local_time":"20181209225327","is_ascension_mode":true,"campfire_choices":[{"floor":6,"key":"REST"},{"data":"Zap","floor":8,"key":"SMITH"},{"data":"Redo","floor":15,"key":"SMITH"}],"neow_cost":"PERCENT_DAMAGE","seed_source_timestamp":2247626340534362,"circlet_count":0,"master_deck":["Strike_B","Strike_B","Defend_B","Defend_B","Defend_B","Defend_B","Zap+1","Dualcast","Redo+1","Auto Shields","Coolheaded","Hologram","Compile Driver","Melter"],"relics":["Cracked Core","Calipers","Juzu Bracelet","Strawberry","Golden Idol"],"potions_floor_usage":[4,10,16,16],"damage_taken":[{"damage":9,"enemies":"2 Louse","floor":1,"turns":3},{"damage":5,"enemies":"Cultist","floor":3,"turns":4},{"damage":3,"enemies":"Small Slimes","floor":4,"turns":3},{"damage":9,"enemies":"2 Fungi Beasts","floor":7,"turns":5},{"damage":12,"enemies":"Lots of Slimes","floor":10,"turns":5},{"damage":12,"enemies":"Exordium Wildlife","floor":13,"turns":6},{"damage":1,"enemies":"3 Louse","floor":14,"turns":3},{"damage":25,"enemies":"Hexaghost","floor":16,"turns":11}],"seed_played":"-2188891054313164469","potions_obtained":[{"floor":1,"key":"Weak Potion"},{"floor":3,"key":"Energy Potion"},{"floor":7,"key":"Strength Potion"},{"floor":14,"key":"EssenceOfSteel"}],"is_trial":false,"path_per_floor":["M","?","M","M","$","R","M","R","T","M","?","?","M","M","R","B"],"character_chosen":"DEFECT","items_purchased":["Juzu Bracelet"],"campfire_rested":1,"item_purchase_floors":[5],"current_hp_per_floor":[41,41,36,33,33,55,46,46,53,41,41,34,22,21,21,0],"gold":87,"neow_bonus":"ONE_RARE_RELIC","is_prod":false,"is_daily":false,"chose_seed":false,"campfire_upgraded":2,"win_rate":0,"timestamp":1544414007,"path_taken":["M","?","?","M","$","R","M","R","T","M","?","?","M","M","R","BOSS"],"build_version":"2018-12-06","purchased_purges":0,"victory":false,"max_hp_per_floor":[75,75,75,75,75,75,75,75,82,82,76,76,76,76,76,76],"card_choices":[{"not_picked":["Force Field","Scrape"],"picked":"Redo","floor":1},{"not_picked":["Stack","Blizzard"],"picked":"Auto Shields","floor":3},{"not_picked":["Compile Driver","Beam Cell"],"picked":"Coolheaded","floor":4},{"not_picked":["Steam Power","Go for the Eyes"],"picked":"Hologram","floor":7},{"not_picked":["Barrage","Tempest"],"picked":"Compile Driver","floor":10},{"not_picked":["Streamline","Barrage"],"picked":"Melter","floor":13},{"not_picked":["Consume","Meteor Strike","Rebound"],"picked":"SKIP","floor":14}],"player_experience":2801351,"relics_obtained":[{"floor":9,"key":"Strawberry"}],"event_choices":[{"cards_removed":["Strike_B"],"damage_healed":0,"gold_gain":0,"player_choice":"Purged","damage_taken":0,"max_hp_gain":0,"max_hp_loss":0,"event_name":"Purifier","floor":2,"gold_loss":0},{"damage_healed":0,"gold_gain":0,"player_choice":"Lose Max HP","damage_taken":0,"relics_obtained":["Golden Idol"],"max_hp_gain":0,"max_hp_loss":6,"event_name":"Golden Idol","floor":11,"gold_loss":0},{"cards_removed":["Strike_B"],"damage_healed":0,"gold_gain":0,"player_choice":"Card Removal","damage_taken":7,"max_hp_gain":0,"max_hp_loss":0,"event_name":"Golden Wing","floor":12,"gold_loss":0}],"is_beta":false,"boss_relics":[],"items_purged_floors":[],"is_endless":false,"potions_floor_spawned":[1,3,7,14],"killed_by":"Hexaghost","ascension_level":9}