{"gold_per_floor":[119,134,150,150,232,270,282,312,324,367,379,391,434,459,471,607,619,649,661,292,311,334,334,334,334,334,19,19,19,42,63,63,189,252,270,270,285,285,345,345,358,358,358,358,374,408,408,408,408,408],"floor_reached":51,"playtime":3559,"items_purged":["Phantasmal Killer"],"score":893,"play_id":"d0079234-6709-477f-bebf-e772a645b7ca","local_time":"20190618165917","is_ascension_mode":false,"campfire_choices":[{"data":"Bouncing Flask","floor":7,"key":"SMITH"},{"data":"Cloak And Dagger","floor":12,"key":"SMITH"},{"data":"Well Laid Plans","floor":15,"key":"SMITH"},{"data":"Neutralize","floor":24,"key":"SMITH"},{"data":"After Image","floor":29,"key":"SMITH"},{"floor":32,"key":"REST"},{"data":"Wraith Form v2","floor":40,"key":"SMITH"},{"data":"Dash","floor":42,"key":"SMITH"},{"data":"Predator","floor":44,"key":"SMITH"},{"floor":49,"key":"REST"}],"neow_cost":"NONE","seed_source_timestamp":489262263746061,"circlet_count":0,"master_deck":["Survivor+1","Neutralize+1","Burst+1","Well Laid Plans+1","Bouncing Flask+1","Dash+1","Cloak And Dagger+1","After Image+1","Caltrops+1","Blur+1","Predator+1","Concentrate+1","Terror+1","Adrenaline+1","Backstab+1","After Image+1","Backflip+1","Setup+1","Blur+1","Wraith Form v2+1","Leg Sweep+1","Deadly Poison+1","Sucker Punch+1","Caltrops+1","Blind+1"],"relics":["Ring of the Snake","MawBank","Shuriken","Vajra","Art of War","Golden Idol","War Paint","Pandora\u0027s Box","Lantern","Strawberry","Bag of Marbles","Kunai","Ninja Scroll","Tiny House","Mango","Molten Egg 2","Juzu Bracelet","Mark of the Bloom"],"potions_floor_usage":[6,10,10,35,39,39,50,50],"damage_taken":[{"damage":0,"enemies":"2 Louse","floor":1,"turns":4},{"damage":0,"enemies":"Small Slimes","floor":2,"turns":4},{"damage":4,"enemies":"Cultist","floor":3,"turns":4},{"damage":0,"enemies":"Lagavulin","floor":6,"turns":7},{"damage":0,"enemies":"3 Louse","floor":8,"turns":2},{"damage":6,"enemies":"3 Sentries","floor":10,"turns":8},{"damage":0,"enemies":"Lagavulin","floor":13,"turns":6},{"damage":0,"enemies":"Large Slime","floor":14,"turns":5},{"damage":0,"enemies":"Hexaghost","floor":16,"turns":9},{"damage":0,"enemies":"Spheric Guardian","floor":18,"turns":5},{"damage":1,"enemies":"2 Thieves","floor":21,"turns":4},{"damage":14,"enemies":"Snecko","floor":22,"turns":5},{"damage":12,"enemies":"3 Cultists","floor":30,"turns":4},{"damage":0,"enemies":"Sentry and Sphere","floor":31,"turns":5},{"damage":0,"enemies":"Champ","floor":33,"turns":10},{"damage":0,"enemies":"3 Darklings","floor":35,"turns":3},{"damage":0,"enemies":"Orb Walker","floor":37,"turns":4},{"damage":8,"enemies":"2 Orb Walkers","floor":39,"turns":7},{"damage":1,"enemies":"4 Shapes","floor":41,"turns":6},{"damage":0,"enemies":"Spire Growth","floor":45,"turns":6},{"damage":0,"enemies":"Giant Head","floor":46,"turns":8},{"damage":10,"enemies":"Time Eater","floor":50,"turns":10}],"seed_played":"4499868913748580553","potions_obtained":[{"floor":1,"key":"Weak Potion"},{"floor":2,"key":"Weak Potion"},{"floor":3,"key":"Strength Potion"},{"floor":8,"key":"FearPotion"},{"floor":18,"key":"GhostInAJar"},{"floor":30,"key":"AttackPotion"},{"floor":31,"key":"GamblersBrew"},{"floor":34,"key":"Fruit Juice"},{"floor":35,"key":"PowerPotion"},{"floor":45,"key":"SpeedPotion"},{"floor":46,"key":"Fire Potion"}],"is_trial":false,"path_per_floor":["M","M","M","?","?","E","R","M","T","E","?","R","E","M","R","B",null,"M","?","$","M","M","?","R","?","T","$","?","R","M","M","R","B",null,"M","?","M","?","?","R","M","R","T","R","M","E","?","?","R","B",null],"character_chosen":"THE_SILENT","items_purchased":["Lantern","Strawberry","Ninja Scroll","Blur"],"campfire_rested":2,"item_purchase_floors":[20,20,27,27],"current_hp_per_floor":[70,70,66,59,59,59,59,59,59,53,53,53,53,53,53,53,65,65,65,72,71,57,57,57,57,57,57,57,57,45,45,66,66,77,82,82,82,82,88,88,87,87,87,87,87,87,77,77,77,67],"gold":408,"neow_bonus":"ONE_RANDOM_RARE_CARD","is_prod":false,"is_daily":false,"chose_seed":false,"campfire_upgraded":8,"win_rate":0,"timestamp":1560891557,"path_taken":["M","M","M","?","?","E","R","M","T","E","?","R","E","M","R","BOSS","M","?","$","M","?","?","R","?","T","$","?","R","M","M","R","BOSS","M","?","M","?","?","R","M","R","T","R","M","E","?","?","R","BOSS"],"build_version":"2019-01-23","purchased_purges":1,"victory":true,"max_hp_per_floor":[70,70,70,70,70,70,70,70,70,70,65,65,65,65,65,65,65,65,65,72,72,72,72,72,72,72,72,72,72,72,72,72,72,77,82,82,82,82,96,96,96,96,96,96,96,96,96,96,96,96],"card_choices":[{"not_picked":["Terror","Reflex"],"picked":"Underhanded Strike","floor":1},{"not_picked":["Expertise","Setup"],"picked":"Well Laid Plans","floor":2},{"not_picked":["Outmaneuver","Deflect"],"picked":"Bouncing Flask","floor":3},{"not_picked":["Endless Agony","Prepared"],"picked":"Dash","floor":6},{"not_picked":["Sucker Punch","Outmaneuver","All Out Attack"],"picked":"SKIP","floor":8},{"not_picked":["Acrobatics","Backstab"],"picked":"Cloak And Dagger","floor":10},{"not_picked":["Deflect","Prepared","Masterful Stab"],"picked":"SKIP","floor":13},{"not_picked":["Expertise","Distraction","Outmaneuver"],"picked":"SKIP","floor":14},{"not_picked":["Die Die Die","Grand Finale"],"picked":"After Image","floor":16},{"not_picked":["Skewer","Heel Hook"],"picked":"Backflip","floor":18},{"not_picked":["Blade Dance","Quick Slash"],"picked":"Setup+1","floor":21},{"not_picked":["Concentrate","Blade Dance","Dagger Spray+1"],"picked":"SKIP","floor":22},{"not_picked":["Setup","Dodge and Roll","Dagger Spray"],"picked":"SKIP","floor":30},{"not_picked":["Deflect","Outmaneuver","Glass Knife"],"picked":"SKIP","floor":31},{"not_picked":["Tools of the Trade","Phantasmal Killer"],"picked":"Wraith Form v2","floor":33},{"not_picked":["Sucker Punch","Prepared+1"],"picked":"Leg Sweep+1","floor":35},{"not_picked":["Deflect+1","Bane"],"picked":"Deadly Poison+1","floor":37},{"not_picked":["Sucker Punch","Acrobatics+1","Reflex"],"picked":"SKIP","floor":41},{"not_picked":["Doppelganger","Bane+1"],"picked":"Sucker Punch+1","floor":45},{"not_picked":["Eviscerate+1","Endless Agony+1"],"picked":"Caltrops+1","floor":46},{"not_picked":["Magnetism","Apotheosis"],"picked":"Blind","floor":47}],"player_experience":3785741,"relics_obtained":[{"floor":6,"key":"Shuriken"},{"floor":9,"key":"Vajra"},{"floor":10,"key":"Art of War"},{"floor":13,"key":"War Paint"},{"floor":26,"key":"Kunai"},{"floor":39,"key":"Mango"},{"floor":43,"key":"Molten Egg 2"},{"floor":46,"key":"Juzu Bracelet"}],"event_choices":[{"damage_healed":0,"gold_gain":0,"player_choice":"Success","damage_taken":7,"relics_obtained":["MawBank"],"max_hp_gain":0,"max_hp_loss":0,"event_name":"Scrap Ooze","floor":4,"gold_loss":0},{"damage_healed":0,"gold_gain":70,"player_choice":"Gained Gold","damage_taken":0,"max_hp_gain":0,"max_hp_loss":0,"event_name":"Golden Wing","floor":5,"gold_loss":0},{"damage_healed":0,"gold_gain":0,"player_choice":"Lose Max HP","damage_taken":0,"relics_obtained":["Golden Idol"],"max_hp_gain":0,"max_hp_loss":5,"event_name":"Golden Idol","floor":11,"gold_loss":0},{"damage_healed":0,"gold_gain":0,"player_choice":"Ignored","damage_taken":0,"max_hp_gain":0,"max_hp_loss":0,"event_name":"NoteForYourself","floor":19,"gold_loss":0},{"cards_removed":["Underhanded Strike"],"damage_healed":0,"gold_gain":0,"player_choice":"Elegance","damage_taken":0,"max_hp_gain":0,"max_hp_loss":0,"event_name":"Back to Basics","floor":23,"gold_loss":0},{"damage_healed":0,"gold_gain":0,"player_choice":"Opened","damage_taken":0,"relics_obtained":["Bag of Marbles"],"max_hp_gain":0,"max_hp_loss":0,"event_name":"The Mausoleum","floor":25,"gold_loss":0},{"cards_removed":["Dagger Spray"],"damage_healed":0,"gold_gain":0,"player_choice":"Removed Attack","damage_taken":0,"max_hp_gain":0,"max_hp_loss":0,"event_name":"Falling","floor":36,"gold_loss":0},{"damage_healed":0,"gold_gain":0,"player_choice":"Ignored","damage_taken":0,"max_hp_gain":0,"max_hp_loss":0,"event_name":"Tomb of Lord Red Mask","floor":38,"gold_loss":0},{"damage_healed":0,"gold_gain":0,"player_choice":"Fight","damage_taken":0,"max_hp_gain":0,"max_hp_loss":0,"event_name":"Mysterious Sphere","floor":39,"gold_loss":0},{"damage_healed":0,"gold_gain":0,"player_choice":"Memory 3","damage_taken":10,"max_hp_gain":0,"max_hp_loss":0,"event_name":"SensoryStone","floor":47,"gold_loss":0},{"damage_healed":0,"gold_gain":0,"player_choice":"Upgrade","damage_taken":0,"relics_obtained":["Mark of the Bloom"],"max_hp_gain":0,"max_hp_loss":0,"event_name":"MindBloom","floor":48,"gold_loss":0,"cards_upgraded":["Survivor","After Image","Caltrops","Blur","Concentrate","Adrenaline","Backstab","Backflip","Blur","Blind"]}],"is_beta":false,"boss_relics":[{"not_picked":["Eternal Feather","Ectoplasm"],"picked":"Pandora\u0027s Box"},{"not_picked":["Lizard Tail","Coffee Dripper"],"picked":"Tiny House"}],"items_purged_floors":[20],"is_endless":false,"potions_floor_spawned":[1,2,3,8,18,30,31,33,35,45,46],"ascension_level":0}