{"gold_per_floor":[109,122,122,139,29,54,64,64,136,153,228,245,278,288,288,386,386,401,401,38,51,86,86,101,101,101,114,131,158,158,173,173,272,272,288,288,334,352,5,38,57,57,57,7,46,71,95,26,26,26],"floor_reached":51,"playtime":3207,"items_purged":["Regret","Double Tap+1"],"score":1207,"play_id":"3434c10a-a603-4e28-a1cc-46cd4b5886a1","local_time":"20190720134029","is_ascension_mode":true,"campfire_choices":[{"floor":8,"key":"REST"},{"data":"Corruption","floor":15,"key":"SMITH"},{"data":"Searing Blow+1","floor":23,"key":"SMITH"},{"data":"Searing Blow+2","floor":25,"key":"SMITH"},{"data":"Searing Blow+3","floor":30,"key":"SMITH"},{"data":"Searing Blow+4","floor":32,"key":"SMITH"},{"data":"Searing Blow+5","floor":42,"key":"SMITH"},{"data":"Searing Blow+6","floor":49,"key":"SMITH"}],"neow_cost":"NONE","seed_source_timestamp":8115396825317,"circlet_count":0,"master_deck":["Strike_R+1","Defend_R","Defend_R","Defend_R","Bash+1","Flame Barrier","Sentinel","Ghostly Armor","Flame Barrier","Shrug It Off","Corruption+1","Seeing Red+1","Shrug It Off+1","Impervious+1","Searing Blow+7","Power Through+1","Shrug It Off+1","Ghostly Armor+1","True Grit+1","Entrench+1","Pommel Strike","Entrench+1","Havoc+1","Disarm+1","Burning Pact+1","Juggernaut","Exhume+1","Shrug It Off+1","Second Wind+1","Armaments+1","Exhume+1","Warcry+1","Shrug It Off+1","Exhume+1","Disarm+1","Corruption"],"relics":["Burning Blood","StoneCalendar","Whetstone","Toxic Egg 2","Mango","Astrolabe","Thread and Needle","Red Mask","Ginger","Unceasing Top","Sozu","Prayer Wheel","Medical Kit","Pen Nib","Nunchaku","MawBank","Regal Pillow"],"potions_floor_usage":[13,13,13,13,16,22,28],"damage_taken":[{"damage":6,"enemies":"Cultist","floor":1,"turns":3},{"damage":9,"enemies":"Jaw Worm","floor":2,"turns":5},{"damage":2,"enemies":"2 Louse","floor":4,"turns":3},{"damage":40,"enemies":"3 Sentries","floor":6,"turns":7},{"damage":22,"enemies":"Exordium Thugs","floor":7,"turns":7},{"damage":2,"enemies":"Looter","floor":10,"turns":4},{"damage":1,"enemies":"Blue Slaver","floor":12,"turns":5},{"damage":15,"enemies":"Gremlin Nob","floor":13,"turns":5},{"damage":3,"enemies":"3 Louse","floor":14,"turns":4},{"damage":26,"enemies":"Slime Boss","floor":16,"turns":9},{"damage":0,"enemies":"3 Byrds","floor":18,"turns":3},{"damage":0,"enemies":"Shell Parasite","floor":21,"turns":7},{"damage":7,"enemies":"Masked Bandits","floor":22,"turns":5},{"damage":0,"enemies":"Centurion and Healer","floor":24,"turns":7},{"damage":2,"enemies":"Snake Plant","floor":27,"turns":7},{"damage":0,"enemies":"Cultist and Chosen","floor":28,"turns":7},{"damage":40,"enemies":"Gremlin Leader","floor":29,"turns":7},{"damage":2,"enemies":"Centurion and Healer","floor":31,"turns":7},{"damage":20,"enemies":"Collector","floor":33,"turns":7},{"damage":0,"enemies":"Orb Walker","floor":35,"turns":2},{"damage":0,"enemies":"2 Orb Walkers","floor":37,"turns":4},{"damage":0,"enemies":"3 Darklings","floor":38,"turns":6},{"damage":0,"enemies":"Giant Head","floor":40,"turns":4},{"damage":0,"enemies":"4 Shapes","floor":41,"turns":2},{"damage":0,"enemies":"Reptomancer","floor":45,"turns":4},{"damage":0,"enemies":"Maw","floor":46,"turns":2},{"damage":0,"enemies":"Sphere and 2 Shapes","floor":47,"turns":2},{"damage":25,"enemies":"Time Eater","floor":50,"turns":11}],"seed_played":"5831318363597504642","potions_obtained":[{"floor":2,"key":"SkillPotion"},{"floor":6,"key":"SkillPotion"},{"floor":10,"key":"EntropicBrew"},{"floor":14,"key":"Weak Potion"},{"floor":22,"key":"Explosive Potion"},{"floor":24,"key":"AttackPotion"},{"floor":28,"key":"Fire Potion"}],"is_trial":false,"path_per_floor":["M","M","?","M","$","E","M","R","T","M","?","M","E","M","R","B",null,"M","?","$","M","?","R","M","R","T","M","M","E","R","M","R","B",null,"M","?","?","M","$","E","M","R","T","?","E","M","M","$","R","B",null],"character_chosen":"IRONCLAD","items_purchased":["Flame Barrier","Thread and Needle","Entrench+1","Medical Kit","Warcry+1","Corruption"],"campfire_rested":1,"item_purchase_floors":[5,20,20,39,39,48],"current_hp_per_floor":[80,77,77,81,81,47,31,57,57,61,50,55,60,63,63,43,87,93,93,93,99,98,98,102,102,102,102,102,68,68,72,72,58,91,97,97,102,102,102,102,102,102,102,102,102,102,102,102,102,83],"gold":26,"neow_bonus":"TEN_PERCENT_HP_BONUS","is_prod":false,"is_daily":false,"chose_seed":false,"campfire_upgraded":7,"win_rate":0,"timestamp":1563622829,"path_taken":["M","?","?","M","?","E","M","R","T","?","?","M","E","M","R","BOSS","M","?","$","M","?","R","M","R","T","?","M","E","R","M","R","BOSS","M","?","?","M","$","E","M","R","T","?","E","?","M","?","R","BOSS"],"build_version":"2019-07-17","purchased_purges":2,"victory":true,"max_hp_per_floor":[88,88,88,88,88,88,88,88,88,88,88,88,102,102,102,102,102,102,102,102,102,102,102,102,102,102,102,102,102,102,102,102,102,102,102,102,102,102,102,102,102,102,102,102,102,102,102,102,102,102],"card_choices":[{"not_picked":["Wild Strike","Twin Strike"],"picked":"Flame Barrier","floor":1},{"not_picked":["Metallicize","Dual Wield"],"picked":"Sentinel","floor":2},{"not_picked":["Headbutt","Anger"],"picked":"Ghostly Armor","floor":4},{"not_picked":["Evolve","Pommel Strike"],"picked":"Shrug It Off","floor":6},{"not_picked":["Spot Weakness","Clash"],"picked":"Corruption","floor":7},{"not_picked":["Rage+1","Thunderclap"],"picked":"Seeing Red+1","floor":10},{"not_picked":["Intimidate+1","Heavy Blade"],"picked":"Shrug It Off+1","floor":12},{"not_picked":["Rage+1","Corruption","Clash"],"picked":"SKIP","floor":13},{"not_picked":["Flex+1","Anger"],"picked":"Double Tap+1","floor":14},{"not_picked":["Bludgeon","Immolate"],"picked":"Impervious+1","floor":16},{"not_picked":["Inflame","Spot Weakness+1"],"picked":"Shrug It Off+1","floor":18},{"not_picked":["Twin Strike","Perfected Strike"],"picked":"Pommel Strike","floor":21},{"not_picked":["Warcry+1","Fiend Fire"],"picked":"Entrench+1","floor":22},{"not_picked":["Perfected Strike+1","Body Slam"],"picked":"Havoc+1","floor":24},{"not_picked":["Iron Wave+1","Rage+1","Wild Strike+1"],"picked":"SKIP","floor":27},{"not_picked":["Infernal Blade+1","Body Slam"],"picked":"Disarm+1","floor":28},{"not_picked":["True Grit+1","Armaments+1"],"picked":"Burning Pact+1","floor":29},{"not_picked":["Headbutt","Sword Boomerang+1"],"picked":"Juggernaut","floor":31},{"not_picked":["Juggernaut","Brutality"],"picked":"Exhume+1","floor":33},{"not_picked":["Perfected Strike","Blood for Blood+1"],"picked":"Shrug It Off+1","floor":35},{"not_picked":["Clothesline+1","Thunderclap+1"],"picked":"Second Wind+1","floor":37},{"not_picked":["Entrench+1","Cleave"],"picked":"Armaments+1","floor":38},{"not_picked":["Cleave","Clash"],"picked":"Exhume+1","floor":38},{"not_picked":["Fire Breathing","Reckless Charge","Pommel Strike"],"picked":"SKIP","floor":40},{"not_picked":["Evolve+1","Cleave"],"picked":"Shrug It Off+1","floor":41},{"not_picked":["Reckless Charge+1","Ghostly Armor+1","Iron Wave"],"picked":"SKIP","floor":41},{"not_picked":["Second Wind+1","Ghostly Armor+1"],"picked":"Exhume+1","floor":45},{"not_picked":["Combust+1","Headbutt","Thunderclap"],"picked":"SKIP","floor":46},{"not_picked":["Iron Wave+1","Heavy Blade","Combust"],"picked":"SKIP","floor":46},{"not_picked":["Headbutt+1","Combust"],"picked":"Disarm+1","floor":47},{"not_picked":["Cleave+1","Pommel Strike","Spot Weakness+1"],"picked":"SKIP","floor":47}],"player_experience":180511,"relics_obtained":[{"floor":6,"key":"Whetstone"},{"floor":9,"key":"Toxic Egg 2"},{"floor":13,"key":"Mango"},{"floor":22,"key":"Red Mask"},{"floor":26,"key":"Ginger"},{"floor":29,"key":"Unceasing Top"},{"floor":37,"key":"Prayer Wheel"},{"floor":40,"key":"Pen Nib"},{"floor":43,"key":"Nunchaku"},{"floor":45,"key":"Regal Pillow"}],"event_choices":[{"damage_healed":0,"gold_gain":0,"player_choice":"Box","damage_taken":0,"relics_obtained":["StoneCalendar"],"max_hp_gain":0,"max_hp_loss":0,"event_name":"Big Fish","floor":3,"gold_loss":0,"cards_obtained":["Regret"]},{"damage_healed":0,"gold_gain":75,"player_choice":"Gather Gold","damage_taken":11,"max_hp_gain":0,"max_hp_loss":0,"event_name":"World of Goop","floor":11,"gold_loss":0},{"damage_healed":0,"gold_gain":0,"cards_transformed":["Evolve","Strike_R"],"player_choice":"Became Test Subject","damage_taken":0,"max_hp_gain":0,"max_hp_loss":0,"event_name":"Drug Dealer","floor":19,"gold_loss":0,"cards_obtained":["Ghostly Armor","True Grit"]},{"damage_healed":0,"gold_gain":0,"player_choice":"Fought Bandits","damage_taken":0,"max_hp_gain":0,"max_hp_loss":0,"event_name":"Masked Bandits","floor":22,"gold_loss":0},{"cards_removed":["Defend_R"],"damage_healed":0,"gold_gain":0,"player_choice":"Removed Skill","damage_taken":0,"max_hp_gain":0,"max_hp_loss":0,"event_name":"Falling","floor":36,"gold_loss":0},{"damage_healed":0,"gold_gain":0,"player_choice":"Fight","damage_taken":0,"max_hp_gain":0,"max_hp_loss":0,"event_name":"Mysterious Sphere","floor":37,"gold_loss":0},{"damage_healed":0,"gold_gain":0,"player_choice":"Paid Gold","damage_taken":0,"relics_obtained":["MawBank"],"max_hp_gain":0,"max_hp_loss":0,"event_name":"WeMeetAgain","floor":44,"gold_loss":50}],"is_beta":false,"boss_relics":[{"not_picked":["Black Blood","Empty Cage"],"picked":"Astrolabe"},{"not_picked":["Velvet Choker","Coffee Dripper"],"picked":"Sozu"}],"items_purged_floors":[5,39],"is_endless":false,"potions_floor_spawned":[2,6,10,14,22,24,28,31,35,38,40,45,47],"ascension_level":8}