{"gold_per_floor":[110,158,174,34,34,59,74,74,74,88,108,108,127,127,127,232,232,252,242,256,81,81],"floor_reached":22,"playtime":3423,"items_purged":[],"score":213,"play_id":"d179c698-f992-439d-be21-0f865685cc51","local_time":"20190716173516","is_ascension_mode":false,"campfire_choices":[{"floor":12,"key":"REST"},{"floor":15,"key":"REST"}],"neow_cost":"NONE","seed_source_timestamp":20748324570258,"circlet_count":0,"master_deck":["Strike_G","Strike_G","Strike_G","Strike_G","Defend_G","Defend_G","Defend_G","Defend_G","Defend_G","Survivor","Neutralize","PiercingWail","Distraction","Cloak And Dagger","Caltrops","Deflect","Deadly Poison","Footwork","Escape Plan","Flying Knee","Finisher","Caltrops","A Thousand Cuts","Outmaneuver","Well Laid Plans","Footwork","Cloak And Dagger","Well Laid Plans","Accuracy","Flying Knee","Tools of the Trade","Noxious Fumes","Acrobatics","Dagger Throw","Flying Knee"],"relics":["Ring of the Snake","Bag of Marbles","Pantograph","Bottled Tornado","Orrery"],"potions_floor_usage":[],"damage_taken":[{"damage":3,"enemies":"Cultist","floor":1,"turns":7},{"damage":0,"enemies":"2 Louse","floor":3,"turns":4},{"damage":66,"enemies":"Gremlin Nob","floor":6,"turns":6},{"damage":0,"enemies":"Jaw Worm","floor":7,"turns":4},{"damage":0,"enemies":"2 Fungi Beasts","floor":10,"turns":7},{"damage":0,"enemies":"Looter","floor":11,"turns":4},{"damage":4,"enemies":"3 Louse","floor":13,"turns":6},{"damage":14,"enemies":"The Guardian","floor":16,"turns":14},{"damage":16,"enemies":"Spheric Guardian","floor":18,"turns":7},{"damage":11,"enemies":"2 Thieves","floor":19,"turns":4},{"damage":33,"enemies":"3 Cultists","floor":20,"turns":6},{"damage":15,"enemies":"Snake Plant","floor":22,"turns":1}],"seed_played":"-7111496288033909659","potions_obtained":[{"floor":1,"key":"FearPotion"},{"floor":7,"key":"SpeedPotion"},{"floor":20,"key":"Poison Potion"}],"is_trial":false,"path_per_floor":["M","T","M","$","?","E","M","?","T","M","M","R","M","?","R","B",null,"M","M","M","$","M"],"character_chosen":"THE_SILENT","items_purchased":["Caltrops","Deflect","Deadly Poison","Noxious Fumes","Acrobatics","Dagger Throw","Flying Knee"],"campfire_rested":2,"item_purchase_floors":[4,4,4,21,21,21,21],"current_hp_per_floor":[67,67,67,67,67,1,1,1,1,1,1,22,18,18,39,50,70,54,43,10,10,0],"gold":81,"neow_bonus":"TRANSFORM_CARD","is_prod":false,"is_daily":false,"chose_seed":false,"campfire_upgraded":0,"win_rate":0.0,"timestamp":1563291316,"path_taken":["M","?","M","?","?","E","?","?","T","M","M","R","M","?","R","BOSS","M","M","M","$","M"],"build_version":"2019-07-05","purchased_purges":0,"victory":false,"max_hp_per_floor":[70,70,70,70,70,70,70,70,70,70,70,70,70,70,70,70,70,70,70,70,70,70],"card_choices":[{"not_picked":["Finisher","Dash"],"picked":"Distraction","floor":1},{"not_picked":["Quick Slash","Poisoned Stab"],"picked":"Cloak And Dagger","floor":3},{"not_picked":["Dagger Throw","Poisoned Stab"],"picked":"Footwork","floor":6},{"not_picked":["Leg Sweep","Dagger Spray"],"picked":"Escape Plan","floor":7},{"not_picked":["Prepared","Dagger Spray"],"picked":"Flying Knee","floor":10},{"not_picked":["Underhanded Strike","Deflect"],"picked":"Finisher","floor":11},{"not_picked":["PiercingWail","Flying Knee"],"picked":"Caltrops","floor":13},{"not_picked":["Venomology","Burst"],"picked":"A Thousand Cuts","floor":16},{"not_picked":["Dodge and Roll","Infinite Blades"],"picked":"Outmaneuver","floor":17},{"not_picked":["Deadly Poison","Outmaneuver"],"picked":"Well Laid Plans","floor":17},{"not_picked":["Dagger Throw","Acrobatics"],"picked":"Footwork","floor":17},{"not_picked":["Sucker Punch","Blade Dance"],"picked":"Cloak And Dagger","floor":17},{"not_picked":["Poisoned Stab","Cloak And Dagger"],"picked":"Well Laid Plans","floor":17},{"not_picked":["Infinite Blades","Expertise"],"picked":"Accuracy","floor":18},{"not_picked":["Flechettes","Reflex"],"picked":"Flying Knee","floor":19},{"not_picked":["PiercingWail","Dagger Throw+1"],"picked":"Tools of the Trade","floor":20}],"player_experience":136604,"relics_obtained":[{"floor":2,"key":"Bag of Marbles"},{"floor":6,"key":"Pantograph"},{"floor":9,"key":"Bottled Tornado"}],"event_choices":[{"damage_healed":0,"gold_gain":0,"player_choice":"Ignored","damage_taken":0,"max_hp_gain":0,"max_hp_loss":0,"event_name":"Golden Idol","floor":5,"gold_loss":0},{"damage_healed":0,"gold_gain":0,"player_choice":"Fled","damage_taken":0,"max_hp_gain":0,"max_hp_loss":0,"event_name":"Scrap Ooze","floor":8,"gold_loss":0},{"damage_healed":0,"gold_gain":0,"player_choice":"Ignored","damage_taken":0,"max_hp_gain":0,"max_hp_loss":0,"event_name":"Liars Game","floor":14,"gold_loss":0}],"is_beta":false,"boss_relics":[{"not_picked":["HoveringKite","Philosopher\u0027s Stone"],"picked":"Orrery"}],"items_purged_floors":[],"is_endless":false,"potions_floor_spawned":[1,7,20],"killed_by":"Snake Plant","ascension_level":0}