{"gold_per_floor":[115,115,36,36,36,36,67,67,67,67,86,104,104,124,124,250,250,268,268,287,59,83,117,117,152,175,32,32,32,57,78,78,208,208,233,233,254,179,194,209,209,334,358,358,402,11,36,36,36,36,36,36,36,76,76],"floor_reached":55,"playtime":3523,"items_purged":["Defend_R","Clumsy"],"score":801,"play_id":"696f07c4-d596-4f9f-8407-265a8a766f02","local_time":"20181125163017","is_ascension_mode":true,"campfire_choices":[{"floor":6,"key":"REST"},{"floor":8,"key":"REST"},{"data":"1","floor":10,"key":"LIFT"},{"data":"2","floor":15,"key":"LIFT"},{"data":"Demon Form","floor":24,"key":"SMITH"},{"data":"Bash","floor":29,"key":"SMITH"},{"data":"True Grit","floor":32,"key":"SMITH"},{"data":"3","floor":41,"key":"LIFT"},{"floor":44,"key":"REST"},{"floor":49,"key":"RECALL"},{"data":"Shockwave","floor":52,"key":"SMITH"}],"neow_cost":"PERCENT_DAMAGE","seed_source_timestamp":1012275265985986,"circlet_count":0,"master_deck":["Defend_R","Defend_R","Defend_R","Bash+1","Evolve","Body Slam+1","Inflame","Shockwave+1","Sword Boomerang","Heavy Blade","Demon Form+1","Inflame+1","Seeing Red+1","Power Through+1","Whirlwind+1","Power Through+1","Shrug It Off","Clothesline","Spot Weakness+1","True Grit+1","Hemokinesis+1","Impervious","Sword Boomerang+1","Entrench+1","Seeing Red+1","Shrug It Off+1","Disarm+1"],"relics":["Burning Blood","Golden Idol","Girya","Boot","Pear","Astrolabe","Happy Flower","Unceasing Top","Question Card","Art of War","Red Skull","Cursed Key","Ginger","Peace Pipe","Mummified Hand","Toxic Egg 2"],"potions_floor_usage":[14,23,23,33,35,45,45,50,50,50],"damage_taken":[{"damage":2,"enemies":"Small Slimes","floor":1,"turns":5},{"damage":54,"enemies":"Lagavulin","floor":7,"turns":10},{"damage":3,"enemies":"2 Louse","floor":11,"turns":3},{"damage":4,"enemies":"Cultist","floor":12,"turns":3},{"damage":3,"enemies":"Gremlin Gang","floor":14,"turns":5},{"damage":21,"enemies":"Slime Boss","floor":16,"turns":6},{"damage":19,"enemies":"Shell Parasite","floor":18,"turns":4},{"damage":20,"enemies":"Spheric Guardian","floor":20,"turns":4},{"damage":2,"enemies":"Snecko","floor":22,"turns":4},{"damage":0,"enemies":"Book of Stabbing","floor":23,"turns":5},{"damage":22,"enemies":"Gremlin Leader","floor":25,"turns":5},{"damage":11,"enemies":"Shelled Parasite and Fungi","floor":30,"turns":5},{"damage":10,"enemies":"Snake Plant","floor":31,"turns":3},{"damage":18,"enemies":"Champ","floor":33,"turns":9},{"damage":8,"enemies":"3 Darklings","floor":35,"turns":4},{"damage":24,"enemies":"Orb Walker","floor":37,"turns":3},{"damage":16,"enemies":"Maw","floor":39,"turns":6},{"damage":16,"enemies":"Spire Growth","floor":40,"turns":3},{"damage":2,"enemies":"Mind Bloom Boss Battle","floor":42,"turns":4},{"damage":37,"enemies":"Nemesis","floor":45,"turns":5},{"damage":15,"enemies":"3 Darklings","floor":47,"turns":4},{"damage":10,"enemies":"Awakened One","floor":50,"turns":9},{"damage":20,"enemies":"Shield and Spear","floor":54,"turns":4},{"damage":72,"enemies":"The Heart","floor":55,"turns":6}],"seed_played":"8477125717358100930","potions_obtained":[{"floor":12,"key":"SpeedPotion"},{"floor":16,"key":"EssenceOfSteel"},{"floor":20,"key":"LiquidBronze"},{"floor":23,"key":"SpeedPotion"},{"floor":31,"key":"SkillPotion"},{"floor":33,"key":"AttackPotion"},{"floor":37,"key":"SpeedPotion"},{"floor":42,"key":"Regen Potion"},{"floor":47,"key":"BloodPotion"}],"is_trial":false,"path_per_floor":["M","?","$","?","?","R","E","R","T","R","M","M","?","M","R","B",null,"M","?","M","$","M","E","R","E","T","$","$","R","M","M","R","B",null,"M","$","M","$","M","M","R","?","T","R","E","$","M","?","R","B",null,"R","$","E","B"],"character_chosen":"IRONCLAD","items_purchased":["Inflame","Shrug It Off","Clothesline","Happy Flower","Red Skull","Mummified Hand","Dexterity Potion"],"campfire_rested":3,"item_purchase_floors":[3,21,21,21,27,46,46],"current_hp_per_floor":[60,53,53,53,35,57,9,31,41,41,44,46,46,49,49,34,84,71,71,57,57,61,67,67,51,51,51,51,51,46,42,42,30,84,82,82,64,64,54,44,44,48,48,73,54,54,45,45,45,49,84,84,84,70,0],"gold":76,"neow_bonus":"TRANSFORM_TWO_CARDS","is_prod":false,"is_daily":false,"chose_seed":false,"campfire_upgraded":4,"win_rate":0,"timestamp":1543181417,"path_taken":["M","?","$","?","?","R","E","R","T","R","M","M","?","M","R","BOSS","M","?","M","$","M","E","R","E","T","?","$","R","M","M","R","BOSS","M","$","M","$","M","?","R","?","T","R","E","$","M","?","R","BOSS","R","$","E","BOSS"],"build_version":"2018-11-15","purchased_purges":2,"victory":false,"max_hp_per_floor":[80,80,80,74,74,74,74,74,84,84,84,84,84,84,84,84,84,84,84,84,84,84,84,84,84,84,84,84,84,84,84,84,84,84,84,84,84,84,84,84,84,84,84,84,84,84,84,84,84,84,84,84,84,84,84],"card_choices":[{"not_picked":["Warcry","Bloodletting"],"picked":"Body Slam","floor":1},{"not_picked":["Corruption","Anger"],"picked":"Shockwave","floor":7},{"not_picked":["Sentinel","True Grit","Berserk"],"picked":"SKIP","floor":11},{"not_picked":["Entrench","Feel No Pain"],"picked":"Sword Boomerang","floor":12},{"not_picked":["Wild Strike","Flex"],"picked":"Heavy Blade","floor":14},{"not_picked":["Reaper","Barricade"],"picked":"Demon Form","floor":16},{"not_picked":["Rupture","Pommel Strike"],"picked":"Whirlwind+1","floor":18},{"not_picked":["Iron Wave","Heavy Blade","Perfected Strike+1"],"picked":"SKIP","floor":20},{"not_picked":["Wild Strike+1","Pommel Strike","Blood for Blood"],"picked":"SKIP","floor":22},{"not_picked":["Wild Strike+1","Pommel Strike","Blood for Blood"],"picked":"SKIP","floor":22},{"not_picked":["Clothesline","Havoc"],"picked":"Spot Weakness+1","floor":23},{"not_picked":["Dark Embrace","Sword Boomerang","Berserk"],"picked":"SKIP","floor":25},{"not_picked":["Perfected Strike","Pommel Strike","Wild Strike"],"picked":"True Grit","floor":30},{"not_picked":["Corruption","Iron Wave","Blood for Blood"],"picked":"Hemokinesis+1","floor":31},{"not_picked":["Juggernaut","Limit Break","Exhume"],"picked":"Impervious","floor":33},{"not_picked":["Thunderclap","Cleave+1","Evolve+1"],"picked":"Sword Boomerang+1","floor":35},{"not_picked":["Havoc+1","Clothesline+1","Clash+1"],"picked":"Entrench+1","floor":37},{"not_picked":["Flex+1","Disarm","Dropkick"],"picked":"Seeing Red+1","floor":39},{"not_picked":["Perfected Strike","Clash","Anger","Flex"],"picked":"SKIP","floor":40},{"not_picked":["Searing Blow+1","Wild Strike","Fiend Fire"],"picked":"Shrug It Off+1","floor":45},{"not_picked":["Cleave+1","Flex","Shrug It Off+1"],"picked":"Disarm+1","floor":47},{"not_picked":["Rampage","Demon Form","Cleave+1","Sword Boomerang+1"],"picked":"SKIP","floor":54}],"player_experience":2497660,"relics_obtained":[{"floor":7,"key":"Boot"},{"floor":9,"key":"Pear"},{"floor":23,"key":"Unceasing Top"},{"floor":25,"key":"Question Card"},{"floor":26,"key":"Art of War"},{"floor":42,"key":"Ginger"},{"floor":45,"key":"Peace Pipe"},{"floor":54,"key":"Toxic Egg 2"}],"event_choices":[{"cards_removed":["Strike_R"],"damage_healed":0,"gold_gain":0,"player_choice":"Card Removal","damage_taken":7,"max_hp_gain":0,"max_hp_loss":0,"event_name":"Golden Wing","floor":2,"gold_loss":0},{"damage_healed":0,"gold_gain":0,"player_choice":"Lose Max HP","damage_taken":0,"relics_obtained":["Golden Idol"],"max_hp_gain":0,"max_hp_loss":6,"event_name":"Golden Idol","floor":4,"gold_loss":0},{"damage_healed":0,"gold_gain":0,"player_choice":"Success","damage_taken":18,"relics_obtained":["Girya"],"max_hp_gain":0,"max_hp_loss":0,"event_name":"Scrap Ooze","floor":5,"gold_loss":0},{"damage_healed":0,"gold_gain":0,"player_choice":"Grow","damage_taken":0,"max_hp_gain":0,"max_hp_loss":0,"event_name":"Living Wall","floor":13,"gold_loss":0,"cards_upgraded":["Body Slam"]},{"damage_healed":0,"gold_gain":0,"player_choice":"Copied","damage_taken":0,"max_hp_gain":0,"max_hp_loss":0,"event_name":"Duplicator","floor":19,"gold_loss":0,"cards_obtained":["Power Through"]},{"damage_healed":0,"gold_gain":0,"player_choice":"Fight","damage_taken":0,"max_hp_gain":0,"max_hp_loss":0,"event_name":"MindBloom","floor":42,"gold_loss":0},{"damage_healed":0,"gold_gain":0,"player_choice":"Ignored","damage_taken":0,"max_hp_gain":0,"max_hp_loss":0,"event_name":"WeMeetAgain","floor":48,"gold_loss":0}],"is_beta":false,"boss_relics":[{"not_picked":["Black Star","Eternal Feather"],"picked":"Astrolabe"},{"not_picked":["Coffee Dripper","Sozu"],"picked":"Cursed Key"}],"items_purged_floors":[38,46],"is_endless":false,"potions_floor_spawned":[12,16,20,23,31,33,37,42,47],"killed_by":"The Heart","ascension_level":1}