{"gold_per_floor":[109,128,128,53,53,53,67,82,82,82,95,95,115,150,150,248,248,258,438,438,438,52,52,70,70,140,158,171,187,187,187,187,288,338,356,369,383,398,20,20,38,38,38,50,60,60,70,101,101,101],"floor_reached":51,"playtime":3729,"items_purged":["Strike_B"],"score":832,"play_id":"874b67be-9e0c-4f7e-94f4-d3af0e5f764a","local_time":"20180909233247","is_ascension_mode":true,"campfire_choices":[{"floor":6.0,"key":"REST"},{"data":"Genetic Algorithm","floor":10.0,"key":"SMITH"},{"floor":12.0,"key":"REST"},{"data":"Zap","floor":15.0,"key":"SMITH"},{"floor":23.0,"key":"REST"},{"data":"Echo Form","floor":25.0,"key":"SMITH"},{"data":"Dualcast","floor":30.0,"key":"SMITH"},{"data":"Conserve Battery","floor":32.0,"key":"SMITH"},{"data":"Creative AI","floor":40.0,"key":"SMITH"},{"data":"Go for the Eyes","floor":42.0,"key":"SMITH"},{"data":"Electrodynamics","floor":46,"key":"SMITH"},{"floor":49,"key":"REST"}],"neow_cost":"PERCENT_DAMAGE","seed_source_timestamp":0,"circlet_count":0,"master_deck":["Strike_B+1","Defend_B","Defend_B","Zap+1","Dualcast+1","Hologram+1","Ball Lightning+1","Darkness+1","Genetic Algorithm+1","Conserve Battery+1","Go for the Eyes","FTL","Echo Form+1","Electrodynamics+1","Conserve Battery","Deep Breath","Conserve Battery+1","Redo+1","Go for the Eyes+1","Coolheaded","Creative AI+1","Coolheaded","Reinforced Body","Hologram+1","FTL","Sadistic Nature","Coolheaded+1","Coolheaded+1","Stack+1","Conserve Battery+1"],"special_seed":0,"relics":["Cracked Core","Whetstone","Symbiotic Virus","Inserter","Happy Flower","Pear","Mummified Hand","Tiny House","Lee\u0027s Waffle","Art of War","Sundial"],"potions_floor_usage":[50,50],"damage_taken":[{"damage":6.0,"enemies":"Cultist","floor":1.0,"turns":3.0},{"damage":0.0,"enemies":"2 Louse","floor":2.0,"turns":3.0},{"damage":7.0,"enemies":"Jaw Worm","floor":7.0,"turns":2.0},{"damage":8.0,"enemies":"2 Fungi Beasts","floor":8.0,"turns":4.0},{"damage":5.0,"enemies":"Blue Slaver","floor":11.0,"turns":3.0},{"damage":1.0,"enemies":"Exordium Wildlife","floor":13.0,"turns":3.0},{"damage":14.0,"enemies":"Lagavulin","floor":14.0,"turns":6.0},{"damage":13.0,"enemies":"Hexaghost","floor":16.0,"turns":6.0},{"damage":0.0,"enemies":"Chosen","floor":18.0,"turns":3.0},{"damage":0.0,"enemies":"Shell Parasite","floor":24.0,"turns":5.0},{"damage":11.0,"enemies":"Centurion and Healer","floor":27.0,"turns":5.0},{"damage":7.0,"enemies":"Snake Plant","floor":28.0,"turns":3.0},{"damage":0.0,"enemies":"3 Cultists","floor":29.0,"turns":4.0},{"damage":37.0,"enemies":"Automaton","floor":33.0,"turns":10.0},{"damage":2.0,"enemies":"Orb Walker","floor":35.0,"turns":3.0},{"damage":10.0,"enemies":"3 Darklings","floor":36.0,"turns":5.0},{"damage":4.0,"enemies":"Sphere and 2 Shapes","floor":37.0,"turns":4.0},{"damage":0.0,"enemies":"Reptomancer","floor":38.0,"turns":4.0},{"damage":16.0,"enemies":"3 Darklings","floor":41.0,"turns":6.0},{"damage":9.0,"enemies":"Maw","floor":44.0,"turns":7.0},{"damage":7,"enemies":"Transient","floor":45,"turns":5},{"damage":7,"enemies":"Sphere and 2 Shapes","floor":47,"turns":4},{"damage":0,"enemies":"Giant Head","floor":48,"turns":10},{"damage":58,"enemies":"Donu and Deca","floor":50,"turns":10}],"seed_played":"3974671447056504966","potions_obtained":[{"floor":7.0,"key":"FocusPotion"},{"floor":11.0,"key":"Swift Potion"},{"floor":13.0,"key":"Block Potion"},{"floor":16.0,"key":"Strength Potion"},{"floor":18.0,"key":"EssenceOfSteel"},{"floor":21.0,"key":"Ancient Potion"},{"floor":27.0,"key":"Explosive Potion"},{"floor":34.0,"key":"EssenceOfSteel"},{"floor":37.0,"key":"GamblersBrew"},{"floor":38.0,"key":"FairyPotion"},{"floor":44,"key":"EssenceOfSteel"}],"is_trial":false,"path_per_floor":["M","M","?","$","?","R","M","M","T","R","M","R","M","E","R","B",null,"M","?","?","?","$","R","M","R","T","M","M","M","R","?","R","B",null,"M","M","M","M","$","R","M","R","T","M","M","R","M","E","R","B"],"character_chosen":"DEFECT","items_purchased":["Happy Flower","Pear","Lee\u0027s Waffle","Sadistic Nature"],"campfire_rested":4,"item_purchase_floors":[22,22,39,39],"current_hp_per_floor":[48,48,48,48,33,55,48,40,40,40,35,57,56,42,42,29,75,75,47,47,47,57,82,82,82,82,71,64,64,64,64,64,27,90,88,78,74,74,97,97,81,81,81,72,65,65,58,58,87,29],"gold":101,"neow_bonus":"REMOVE_TWO","is_prod":false,"is_daily":false,"chose_seed":false,"campfire_upgraded":8,"win_rate":0,"timestamp":1536550367,"path_taken":["M","M","?","$","?","R","M","M","T","R","M","R","M","E","R","BOSS","M","?","?","?","$","R","M","R","T","?","M","M","R","?","R","BOSS","M","M","?","M","$","R","M","R","T","M","M","R","M","E","R","BOSS"],"build_version":"2018-09-06","purchased_purges":1,"victory":true,"max_hp_per_floor":[75,75,75,75,75,75,75,75,75,75,75,75,75,75,75,75,75,75,75,75,75,85,85,85,85,85,85,85,85,85,85,85,85,90,90,90,90,90,97,97,97,97,97,97,97,97,97,97,97,97],"card_choices":[{"not_picked":["Stack","Reprogram"],"picked":"Hologram","floor":1.0},{"not_picked":["Rip and Tear","Cold Snap"],"picked":"Ball Lightning","floor":2.0},{"not_picked":["Scrape","Go for the Eyes"],"picked":"Genetic Algorithm","floor":7.0},{"not_picked":["Stack","Compile Driver"],"picked":"Conserve Battery","floor":8.0},{"not_picked":["Compile Driver","Skim"],"picked":"Go for the Eyes","floor":11.0},{"not_picked":["Static Discharge","Cold Snap"],"picked":"FTL","floor":13.0},{"not_picked":["Barrage","Beam Cell"],"picked":"Echo Form","floor":14.0},{"not_picked":["All For One","Buffer"],"picked":"Electrodynamics","floor":16.0},{"not_picked":["Steam","Compile Driver"],"picked":"Conserve Battery","floor":18.0},{"not_picked":["Streamline","Storm"],"picked":"Conserve Battery+1","floor":24.0},{"not_picked":["Beam Cell","Stack+1"],"picked":"Redo+1","floor":27.0},{"not_picked":["Fusion","Steam+1"],"picked":"Go for the Eyes","floor":28.0},{"not_picked":["Turbo","Self Repair"],"picked":"Coolheaded","floor":29.0},{"not_picked":["Reboot","Fission"],"picked":"Creative AI","floor":33.0},{"not_picked":["Cold Snap","Steam+1"],"picked":"Coolheaded","floor":35.0},{"not_picked":["Rebound","Streamline+1"],"picked":"Reinforced Body","floor":36.0},{"not_picked":["Barrage","White Noise"],"picked":"Hologram+1","floor":37.0},{"not_picked":["Storm","Barrage"],"picked":"FTL","floor":38.0},{"not_picked":["Capacitor","Self Repair+1"],"picked":"Coolheaded+1","floor":41.0},{"not_picked":["Steam","Scrape"],"picked":"Coolheaded+1","floor":44},{"not_picked":["Gash","All For One"],"picked":"Stack+1","floor":45},{"not_picked":["Redo","Coolheaded+1"],"picked":"Conserve Battery+1","floor":47},{"not_picked":["Melter","Lockon+1","Turbo+1"],"picked":"SKIP","floor":48}],"player_experience":101289,"relics_obtained":[{"floor":9.0,"key":"Whetstone"},{"floor":14.0,"key":"Symbiotic Virus"},{"floor":26.0,"key":"Mummified Hand"},{"floor":43.0,"key":"Art of War"},{"floor":48,"key":"Sundial"}],"event_choices":[{"event_name":"Living Wall","player_choice":"Change","floor":3.0,"damage_taken":0.0},{"event_name":"Shining Light","player_choice":"Entered Light","floor":5.0,"damage_taken":0.0},{"event_name":"Knowing Skull","player_choice":"CARD GOLD GOLD ","floor":19.0,"damage_taken":0.0},{"event_name":"Wheel of Change","player_choice":"Card Removal","floor":20.0,"damage_taken":0.0},{"event_name":"The Lab","player_choice":"Got Potions","floor":21.0,"damage_taken":0.0},{"event_name":"Vampires","player_choice":"Ignored","floor":31.0,"damage_taken":0.0}],"is_beta":false,"boss_relics":[{"not_picked":["Ectoplasm","Black Star"],"picked":"Inserter"},{"not_picked":["Velvet Choker","Astrolabe"],"picked":"Tiny House"}],"items_purged_floors":[4],"is_endless":false,"potions_floor_spawned":[7,11,13,16,18,27,28,29,37,38,44,48],"ascension_level":3}