{"gold_per_floor":[110,126,143,157,157,157,184,197,220,249,279,298,10,25,25,130,130,148,148,165,178,178,178,191,191,214,240,340,340,359,359,359,461,461,481,481,94,114,128,128,160,160,160,160,160,207,207,225,225,225],"floor_reached":50,"playtime":7488,"items_purged":["Writhe"],"score":745,"play_id":"4d8a7eec-407e-435f-86c9-a09ac94adc0d","local_time":"20190717002242","is_ascension_mode":true,"campfire_choices":[{"data":"Cloak And Dagger","floor":6.0,"key":"SMITH"},{"floor":15.0,"key":"REST"},{"data":"Backflip","floor":23.0,"key":"SMITH"},{"data":"Noxious Fumes","floor":29.0,"key":"SMITH"},{"floor":32.0,"key":"REST"},{"data":"Wraith Form v2","floor":40.0,"key":"SMITH"},{"data":"Backflip","floor":42,"key":"SMITH"},{"data":"Backflip","floor":44,"key":"SMITH"},{"data":"Corpse Explosion","floor":49,"key":"SMITH"}],"neow_cost":"NONE","seed_source_timestamp":0,"circlet_count":0,"master_deck":["Strike_G+1","Strike_G+1","Strike_G+1","Strike_G+1","Strike_G+1","Defend_G+1","Defend_G+1","Defend_G+1","Defend_G+1","Defend_G+1","Survivor","Neutralize+1","Cloak And Dagger+1","Finisher+1","Riddle With Holes","Dagger Spray","Predator","Tools of the Trade","Dagger Throw","Slice","Corpse Explosion+1","Backflip+1","Backflip+1","Footwork+1","Noxious Fumes+1","Wraith Form v2+1","Reflex+1","Backflip+1","PiercingWail+1","Backstab+1"],"special_seed":0,"relics":["Ring of the Snake","Whetstone","Ancient Tea Set","Vajra","Blood Vial","Paper Crane","HoveringKite","Matryoshka","Oddly Smooth Stone","Juzu Bracelet","Singing Bowl","Eternal Feather","Membership Card","Ninja Scroll","Frozen Egg 2","Boot","Bottled Tornado","Ice Cream"],"potions_floor_usage":[41,50,50],"damage_taken":[{"damage":0.0,"enemies":"Jaw Worm","floor":1.0,"turns":7.0},{"damage":4.0,"enemies":"Small Slimes","floor":2.0,"turns":4.0},{"damage":0.0,"enemies":"Cultist","floor":3.0,"turns":3.0},{"damage":1.0,"enemies":"Blue Slaver","floor":4.0,"turns":3.0},{"damage":8.0,"enemies":"Gremlin Nob","floor":7.0,"turns":4.0},{"damage":0.0,"enemies":"Gremlin Gang","floor":8.0,"turns":1.0},{"damage":39.0,"enemies":"Lagavulin","floor":10.0,"turns":8.0},{"damage":6.0,"enemies":"Looter","floor":12.0,"turns":3.0},{"damage":0.0,"enemies":"Large Slime","floor":14.0,"turns":3.0},{"damage":29.0,"enemies":"The Guardian","floor":16.0,"turns":12.0},{"damage":7.0,"enemies":"Shell Parasite","floor":18.0,"turns":3.0},{"damage":0.0,"enemies":"Spheric Guardian","floor":20.0,"turns":3.0},{"damage":19.0,"enemies":"Snake Plant","floor":21.0,"turns":6.0},{"damage":25.0,"enemies":"Snecko","floor":24.0,"turns":5.0},{"damage":0.0,"enemies":"Gremlin Leader","floor":27.0,"turns":8.0},{"damage":0.0,"enemies":"Centurion and Healer","floor":30.0,"turns":3.0},{"damage":37.0,"enemies":"Collector","floor":33.0,"turns":10.0},{"damage":9.0,"enemies":"Orb Walker","floor":35.0,"turns":3.0},{"damage":0.0,"enemies":"3 Shapes","floor":38.0,"turns":2.0},{"damage":0.0,"enemies":"3 Darklings","floor":39.0,"turns":3.0},{"damage":16,"enemies":"Reptomancer","floor":41,"turns":12},{"damage":16,"enemies":"2 Orb Walkers","floor":46,"turns":4},{"damage":20,"enemies":"Jaw Worm Horde","floor":48,"turns":2},{"damage":72,"enemies":"Awakened One","floor":50,"turns":23}],"seed_played":"167476770775550491","potions_obtained":[{"floor":4.0,"key":"Energy Potion"},{"floor":7.0,"key":"Explosive Potion"},{"floor":10.0,"key":"AttackPotion"},{"floor":12.0,"key":"SneckoOil"},{"floor":27.0,"key":"Strength Potion"},{"floor":30.0,"key":"PowerPotion"},{"floor":33.0,"key":"Fire Potion"},{"floor":39.0,"key":"Dexterity Potion"},{"floor":46,"key":"FearPotion"}],"is_trial":false,"path_per_floor":["M","M","M","M","?","R","E","M","T","E","?","M","$","M","R","B",null,"M","?","M","M","?","R","M","?","T","E","?","R","M","?","R","B",null,"M","?","$","M","M","R","E","R","T","R","?","?","?","M","R","B"],"character_chosen":"THE_SILENT","items_purchased":["Paper Crane","SkillPotion","Membership Card","Ninja Scroll","Backflip"],"campfire_rested":2,"item_purchase_floors":[13,13,37,37,37],"current_hp_per_floor":[63,59,59,58,58,58,50,50,50,11,11,7,7,9,30,3,53,48,48,50,33,33,33,10,10,10,12,12,12,16,16,37,2,55,48,66,66,68,72,74,60,75,75,76,78,62,62,46,64,0],"gold":225,"neow_bonus":"UPGRADE_CARD","is_prod":false,"is_daily":false,"chose_seed":false,"campfire_upgraded":7,"win_rate":0,"timestamp":1563348162,"path_taken":["M","M","M","M","?","R","E","M","T","E","?","M","$","M","R","BOSS","M","?","?","M","?","R","?","?","T","E","?","R","M","?","R","BOSS","M","?","$","M","M","R","E","R","T","R","?","?","?","M","R","BOSS"],"build_version":"2019-07-05","purchased_purges":1,"victory":false,"max_hp_per_floor":[70,70,70,70,70,70,70,70,70,70,70,70,70,70,70,70,70,70,70,70,70,70,70,70,70,70,70,70,70,72,72,72,72,72,72,72,72,72,74,74,76,76,76,76,78,78,78,80,80,80],"card_choices":[{"not_picked":["Backflip","Acrobatics"],"picked":"Cloak And Dagger","floor":1.0},{"not_picked":["Acrobatics","Cloak And Dagger"],"picked":"Finisher","floor":2.0},{"not_picked":["PiercingWail","Expertise"],"picked":"Riddle With Holes","floor":3.0},{"not_picked":["Backflip","Prepared"],"picked":"Dagger Spray","floor":4.0},{"not_picked":["Prepared","Backflip"],"picked":"Predator","floor":7.0},{"not_picked":["Sucker Punch","Poisoned Stab"],"picked":"Tools of the Trade","floor":8.0},{"not_picked":["Grand Finale","Blade Dance"],"picked":"Underhanded Strike","floor":10.0},{"not_picked":["Poisoned Stab","Bane"],"picked":"Dagger Throw","floor":12.0},{"not_picked":["Dodge and Roll","Dagger Spray"],"picked":"Slice","floor":14.0},{"not_picked":["Die Die Die","Glass Knife"],"picked":"Corpse Explosion","floor":16.0},{"not_picked":["Outmaneuver","Dash+1"],"picked":"Backflip","floor":18.0},{"not_picked":["Bane+1","Quick Slash","Prepared+1"],"picked":"SKIP","floor":20.0},{"not_picked":["Masterful Stab+1","Deflect","Bane+1"],"picked":"SKIP","floor":21.0},{"not_picked":["Quick Slash+1","Underhanded Strike"],"picked":"Footwork","floor":24.0},{"not_picked":["Sucker Punch","Well Laid Plans+1"],"picked":"Noxious Fumes","floor":27.0},{"not_picked":["All Out Attack","Dagger Throw","Outmaneuver"],"picked":"Singing Bowl","floor":30.0},{"not_picked":["Malaise","Unload"],"picked":"Wraith Form v2","floor":33.0},{"not_picked":["Cloak And Dagger","Slice"],"picked":"Reflex+1","floor":35.0},{"not_picked":["Skewer","Deflect"],"picked":"PiercingWail+1","floor":38.0},{"not_picked":["Poisoned Stab","Dagger Throw+1","Envenom"],"picked":"Singing Bowl","floor":39.0},{"not_picked":["Prepared","Backstab","Poisoned Stab+1"],"picked":"Singing Bowl","floor":41},{"not_picked":["Mind Blast","Enlightenment","Bandage Up"],"picked":"Singing Bowl","floor":45},{"not_picked":["Dagger Throw","Deflect+1"],"picked":"Backstab+1","floor":46},{"not_picked":["Outmaneuver","Dash","Cloak And Dagger"],"picked":"Singing Bowl","floor":48}],"player_experience":299766,"relics_obtained":[{"floor":7.0,"key":"Whetstone"},{"floor":9.0,"key":"Ancient Tea Set"},{"floor":10.0,"key":"Vajra"},{"floor":26.0,"key":"Oddly Smooth Stone"},{"floor":26.0,"key":"Juzu Bracelet"},{"floor":27.0,"key":"Singing Bowl"},{"floor":41,"key":"Frozen Egg 2"},{"floor":43,"key":"Boot"},{"floor":43,"key":"Bottled Tornado"},{"floor":46,"key":"Ice Cream"}],"event_choices":[{"damage_healed":0.0,"max_hp_gain":0.0,"max_hp_loss":0.0,"gold_gain":0.0,"event_name":"Liars Game","player_choice":"Ignored","floor":5.0,"gold_loss":0.0,"damage_taken":0.0},{"damage_healed":0.0,"max_hp_gain":0.0,"max_hp_loss":0.0,"gold_gain":30.0,"event_name":"Dead Adventurer","player_choice":"Searched \u00272\u0027 times","floor":11.0,"gold_loss":0.0,"damage_taken":0.0,"relics_obtained":["Blood Vial"]},{"damage_healed":0.0,"max_hp_gain":0.0,"max_hp_loss":0.0,"gold_gain":0.0,"event_name":"Duplicator","player_choice":"Copied","floor":19.0,"gold_loss":0.0,"damage_taken":0.0,"cards_obtained":["Backflip"]},{"cards_removed":["Underhanded Strike"],"damage_healed":0.0,"max_hp_gain":0.0,"max_hp_loss":0.0,"gold_gain":0.0,"event_name":"WeMeetAgain","player_choice":"Gave Card","floor":22.0,"gold_loss":0.0,"damage_taken":0.0,"relics_obtained":["Matryoshka"]},{"damage_healed":0.0,"max_hp_gain":0.0,"max_hp_loss":0.0,"gold_gain":0.0,"event_name":"Back to Basics","player_choice":"Simplicity","floor":25.0,"gold_loss":0.0,"damage_taken":0.0,"cards_upgraded":["Strike_G","Strike_G","Strike_G","Strike_G","Defend_G","Defend_G","Defend_G","Defend_G","Defend_G"]},{"damage_healed":0.0,"max_hp_gain":0.0,"max_hp_loss":0.0,"gold_gain":100.0,"event_name":"Golden Shrine","player_choice":"Pray","floor":28.0,"gold_loss":0.0,"damage_taken":0.0},{"damage_healed":0.0,"max_hp_gain":0.0,"max_hp_loss":0.0,"gold_gain":0.0,"event_name":"Upgrade Shrine","player_choice":"Upgraded","floor":31.0,"gold_loss":0.0,"damage_taken":0.0,"cards_upgraded":["Footwork"]},{"damage_healed":18.0,"max_hp_gain":0.0,"max_hp_loss":0.0,"gold_gain":0.0,"event_name":"Winding Halls","player_choice":"Writhe","floor":36.0,"gold_loss":0.0,"damage_taken":0.0,"cards_obtained":["Writhe"]},{"damage_healed":0,"gold_gain":0,"player_choice":"Memory 1","damage_taken":0,"max_hp_gain":0,"max_hp_loss":0,"event_name":"SensoryStone","floor":45,"gold_loss":0},{"damage_healed":0,"gold_gain":0,"player_choice":"Fight","damage_taken":0,"max_hp_gain":0,"max_hp_loss":0,"event_name":"Mysterious Sphere","floor":46,"gold_loss":0},{"damage_healed":0,"gold_gain":0,"player_choice":"Ignored","damage_taken":0,"max_hp_gain":0,"max_hp_loss":0,"event_name":"Tomb of Lord Red Mask","floor":47,"gold_loss":0}],"is_beta":false,"boss_relics":[{"not_picked":["Lizard Tail","WristBlade"],"picked":"HoveringKite"},{"not_picked":["Philosopher\u0027s Stone","Runic Pyramid"],"picked":"Eternal Feather"}],"items_purged_floors":[37],"is_endless":false,"potions_floor_spawned":[4,7,10,12,27,30,33,39,46],"killed_by":"Awakened One","ascension_level":7}