{"gold_per_floor":[116,127,127,127,127,154,154,181,207,207,217,48,48,67,67,67],"floor_reached":16,"playtime":591,"items_purged":[],"score":226,"play_id":"be9f087e-9e97-4b56-9d88-8bc1acf00ebd","local_time":"20190323112931","is_ascension_mode":true,"campfire_choices":[{"floor":7,"key":"REST"},{"floor":13,"key":"REST"},{"data":"Gash","floor":15,"key":"SMITH"}],"neow_cost":"NONE","seed_source_timestamp":911668145138849,"circlet_count":0,"master_deck":["AscendersBane","Strike_B+1","Strike_B","Strike_B","Defend_B","Defend_B","Defend_B","Defend_B","Zap+1","Dualcast","Steam","Undo","Fusion+1","Gash+1","Rebound","Steam","Streamline"],"relics":["Cracked Core","NeowsBlessing","Boot","Happy Flower","Dream Catcher","Bag of Marbles","Strawberry"],"potions_floor_usage":[8,8],"damage_taken":[{"damage":0,"enemies":"Cultist","floor":1,"turns":1},{"damage":0,"enemies":"2 Louse","floor":2,"turns":1},{"damage":0,"enemies":"Gremlin Nob","floor":6,"turns":1},{"damage":36,"enemies":"Lagavulin","floor":8,"turns":10},{"damage":1,"enemies":"Jaw Worm","floor":11,"turns":4},{"damage":0,"enemies":"2 Fungi Beasts","floor":14,"turns":3},{"damage":52,"enemies":"Hexaghost","floor":16,"turns":12}],"seed_played":"2900705076509610962","potions_obtained":[{"floor":2,"key":"Ancient Potion"},{"floor":6,"key":"SkillPotion"},{"floor":8,"key":"Explosive Potion"}],"is_trial":false,"path_per_floor":["M","M","?","?","?","E","R","E","T","?","M","$","R","M","R","B"],"character_chosen":"DEFECT","items_purchased":["Strawberry","Rebound"],"campfire_rested":2,"item_purchase_floors":[12,12],"current_hp_per_floor":[64,64,57,43,31,31,52,16,16,16,15,22,45,45,45,0],"gold":67,"neow_bonus":"THREE_ENEMY_KILL","is_prod":false,"is_daily":false,"chose_seed":false,"campfire_upgraded":1,"win_rate":0,"timestamp":1553354971,"path_taken":["M","?","?","?","?","E","R","E","T","?","M","$","R","?","R","BOSS"],"build_version":"2019-01-23","purchased_purges":0,"victory":false,"max_hp_per_floor":[71,71,71,71,71,71,71,71,71,71,71,78,78,78,78,78],"card_choices":[{"not_picked":["Redo","Rebound"],"picked":"Steam","floor":1},{"not_picked":["Redo","Conserve Battery"],"picked":"Undo","floor":2},{"not_picked":["Ball Lightning","Stack"],"picked":"Fusion","floor":6},{"not_picked":["Barrage","Meteor Strike","Lockon"],"picked":"SKIP","floor":8},{"not_picked":["Turbo","Chaos"],"picked":"Gash","floor":11},{"not_picked":["Reinforced Body","Aggregate"],"picked":"Steam","floor":13},{"not_picked":["Leap","Sweeping Beam"],"picked":"Streamline","floor":14}],"player_experience":3237203,"relics_obtained":[{"floor":6,"key":"Happy Flower"},{"floor":8,"key":"Dream Catcher"},{"floor":9,"key":"Bag of Marbles"}],"event_choices":[{"cards_removed":["Strike_B"],"damage_healed":0,"gold_gain":0,"player_choice":"Card Removal","damage_taken":7,"max_hp_gain":0,"max_hp_loss":0,"event_name":"Golden Wing","floor":3,"gold_loss":0},{"damage_healed":0,"gold_gain":0,"player_choice":"Entered Light","damage_taken":14,"max_hp_gain":0,"max_hp_loss":0,"event_name":"Shining Light","floor":4,"gold_loss":0,"cards_upgraded":["Strike_B","Zap"]},{"damage_healed":0,"gold_gain":0,"player_choice":"Success","damage_taken":12,"relics_obtained":["Boot"],"max_hp_gain":0,"max_hp_loss":0,"event_name":"Scrap Ooze","floor":5,"gold_loss":0},{"damage_healed":0,"gold_gain":0,"player_choice":"Upgraded","damage_taken":0,"max_hp_gain":0,"max_hp_loss":0,"event_name":"Upgrade Shrine","floor":10,"gold_loss":0,"cards_upgraded":["Fusion"]}],"is_beta":false,"boss_relics":[],"items_purged_floors":[],"is_endless":false,"potions_floor_spawned":[2,6,8],"killed_by":"Hexaghost","ascension_level":14}