{"gold_per_floor":[116,116,131,131,146,146,171,183,222,254,278,290,377,403,415,522,534,558,380,380,333,344,379,379],"floor_reached":24,"playtime":1120,"items_purged":[],"score":306,"play_id":"b8c9852d-fc38-4221-9112-bdbb2f2fdc08","local_time":"20190721142433","is_ascension_mode":true,"campfire_choices":[{"data":"True Grit","floor":6,"key":"SMITH"},{"data":"Twin Strike","floor":8,"key":"SMITH"},{"floor":12,"key":"REST"},{"data":"Whirlwind","floor":15,"key":"SMITH"}],"neow_cost":"NONE","seed_source_timestamp":325639151608834,"circlet_count":0,"master_deck":["Strike_R","Strike_R","Strike_R","Strike_R","Defend_R","Defend_R","Defend_R","Defend_R+1","Bash","Feed","Iron Wave","Twin Strike+1","True Grit+1","Feel No Pain","Whirlwind+1","Inflame","Impervious+1","Burning Pact+1","Armaments","True Grit+1","Demon Form"],"relics":["Burning Blood","MawBank","Ancient Tea Set","Cursed Key","MealTicket","War Paint"],"potions_floor_usage":[10,16],"damage_taken":[{"damage":15,"enemies":"Small Slimes","floor":1,"turns":3},{"damage":2,"enemies":"2 Louse","floor":3,"turns":3},{"damage":6,"enemies":"Cultist","floor":5,"turns":3},{"damage":35,"enemies":"3 Sentries","floor":7,"turns":10},{"damage":28,"enemies":"Exordium Wildlife","floor":10,"turns":6},{"damage":0,"enemies":"3 Louse","floor":11,"turns":1},{"damage":1,"enemies":"Looter","floor":14,"turns":4},{"damage":18,"enemies":"Slime Boss","floor":16,"turns":7},{"damage":42,"enemies":"Shell Parasite","floor":18,"turns":6},{"damage":7,"enemies":"3 Byrds","floor":22,"turns":4},{"damage":62,"enemies":"Slavers","floor":23,"turns":5},{"damage":25,"enemies":"Centurion and Healer","floor":24,"turns":5}],"seed_played":"-7782294258357989976","potions_obtained":[{"floor":7,"key":"Fruit Juice"},{"floor":10,"key":"Regen Potion"}],"is_trial":false,"path_per_floor":["M","$","M","$","M","R","E","R","T","M","M","R","?","M","R","B",null,"M","$","?","$","M","E","M"],"character_chosen":"IRONCLAD","items_purchased":["MealTicket","Armaments"],"campfire_rested":1,"item_purchase_floors":[19,21],"current_hp_per_floor":[63,63,70,70,73,73,44,44,44,27,33,60,49,54,54,57,83,50,50,50,65,67,11,0],"gold":379,"neow_bonus":"TRANSFORM_CARD","is_prod":false,"is_daily":false,"chose_seed":false,"campfire_upgraded":3,"win_rate":0,"timestamp":1563744273,"path_taken":["M","$","M","$","M","R","E","R","T","M","M","R","?","M","R","BOSS","M","$","?","$","M","E","M"],"build_version":"2019-07-05","purchased_purges":0,"victory":false,"max_hp_per_floor":[80,80,83,83,86,86,86,86,86,91,91,91,91,91,91,91,91,94,94,94,94,97,97,97],"card_choices":[{"not_picked":["Twin Strike","Entrench"],"picked":"Iron Wave","floor":1},{"not_picked":["Dual Wield","Second Wind"],"picked":"Twin Strike","floor":3},{"not_picked":["Carnage","Metallicize"],"picked":"True Grit","floor":5},{"not_picked":["Clash","Evolve"],"picked":"Feel No Pain","floor":7},{"not_picked":["Shockwave","Heavy Blade"],"picked":"Whirlwind","floor":10},{"not_picked":["Juggernaut","Carnage","Warcry"],"picked":"SKIP","floor":11},{"not_picked":["True Grit","Armaments"],"picked":"Inflame","floor":14},{"not_picked":["Exhume","Berserk"],"picked":"Impervious","floor":16},{"not_picked":["Cleave+1","Pommel Strike+1"],"picked":"Burning Pact+1","floor":18},{"not_picked":["Wild Strike","Armaments+1"],"picked":"True Grit+1","floor":22},{"not_picked":["Pommel Strike","Flex"],"picked":"Demon Form","floor":23}],"player_experience":79355,"relics_obtained":[{"floor":7,"key":"MawBank"},{"floor":9,"key":"Ancient Tea Set"},{"floor":23,"key":"War Paint"}],"event_choices":[{"damage_healed":0,"gold_gain":75,"player_choice":"Gather Gold","damage_taken":11,"max_hp_gain":0,"max_hp_loss":0,"event_name":"World of Goop","floor":13,"gold_loss":0},{"damage_healed":0,"gold_gain":0,"player_choice":"0 cards matched","damage_taken":0,"max_hp_gain":0,"max_hp_loss":0,"event_name":"Match and Keep!","floor":20,"gold_loss":0,"cards_obtained":[]}],"is_beta":false,"boss_relics":[{"not_picked":["Astrolabe","Calling Bell"],"picked":"Cursed Key"}],"items_purged_floors":[],"is_endless":false,"potions_floor_spawned":[7,10],"killed_by":"Centurion and Healer","ascension_level":6}