{"path_per_floor":["M","?","M","$","M","R","M","R","T","M","M","M","R","$","R","B",null,"M","$","M","?","M","R","$","R","T","R","M","M","M","M","R","B",null,"M","?","M","M","$","R","M","R","T","M","R","M","M","$","R","B"],"character_chosen":"THE_SILENT","items_purchased":["Backflip","Backflip","Prepared","Expertise","Dexterity Potion","Anchor","Well Laid Plans","Regen Potion"],"gold_per_floor":[114,114,126,29,49,49,66,66,66,77,94,111,111,37,37,140,140,160,24,44,44,60,60,12,12,38,38,58,70,89,106,106,209,209,227,227,245,257,35,35,51,51,51,69,69,84,99,47,47,47],"floor_reached":51,"campfire_rested":5,"playtime":8712,"current_hp_per_floor":[58,58,54,54,54,54,33,33,33,30,30,26,44,44,44,40,55,49,49,49,33,31,49,49,49,49,49,36,32,32,7,25,17,49,47,47,47,30,30,48,48,48,48,48,48,48,48,48,60,59],"items_purged":["Parasite","Strike_G"],"gold":47,"score":697,"play_id":"bfdcced1-e4e4-4639-9708-95221ba437dd","is_prod":false,"is_daily":false,"is_ascension_mode":true,"campfire_upgraded":7,"path_taken":["M","?","M","$","?","R","?","R","T","M","M","M","R","?","R","BOSS","M","$","M","?","M","R","?","R","T","R","M","M","M","?","R","BOSS","M","?","M","?","$","R","M","R","T","?","R","M","M","$","R","BOSS"],"build_version":"2018-02-08-PROD1","purchased_purges":2,"victory":true,"master_deck":["Defend_G","Defend_G","Defend_G","Survivor","Neutralize+1","Slice+1","Flechettes+1","Footwork+1","Bouncing Flask+1","Noxious Fumes+1","Backflip","Escape Plan","Backflip+1","Escape Plan+1","Noxious Fumes+1","Backflip+1","Prepared+1","Venomology+1","PiercingWail+1","Expertise+1","Necronomicurse","Injury","Dagger Spray+1","Backflip+1","Acrobatics+1","Tactician+1","Concentrate+1","Masterful Stab+1","Well Laid Plans","Clumsy","Leg Sweep+1","Blur+1","Escape Plan+1"],"max_hp_per_floor":[63,63,63,60,60,60,60,60,60,60,60,60,60,60,60,60,60,60,60,60,60,60,60,60,60,60,60,60,60,60,60,60,60,60,60,60,60,60,60,60,60,60,60,60,60,60,60,60,60,60],"relics":["Ring of the Snake","Toxic Egg 2","Cursed Key","Necronomicon","Whetstone","Astrolabe","Anchor","Du-Vu Doll"],"card_choices":[{"not_picked":["Deflect","Phantasmal Killer"],"picked":"Footwork"},{"not_picked":["Cloak And Dagger","Acrobatics"],"picked":"Noxious Fumes"},{"not_picked":["Predator","Flechettes"],"picked":"Escape Plan"},{"not_picked":["Acrobatics","Deadly Poison"],"picked":"Backflip"},{"not_picked":["Backstab","Flying Knee"],"picked":"Escape Plan"},{"not_picked":["Cloak And Dagger","Bouncing Flask"],"picked":"Noxious Fumes"},{"not_picked":["Envenom","Bullet Time"],"picked":"Venomology"},{"not_picked":["Slice","Heel Hook"],"picked":"PiercingWail"},{"not_picked":["Bouncing Flask","Sucker Punch"],"picked":"Dagger Spray"},{"not_picked":["Dagger Throw","Slice"],"picked":"Backflip"},{"not_picked":["PiercingWail","Terror"],"picked":"Acrobatics"},{"not_picked":["Tools of the Trade","Night Terror"],"picked":"Tactician"},{"not_picked":["Dagger Spray","Flying Knee"],"picked":"Leg Sweep"},{"not_picked":["Slice","Deflect"],"picked":"Blur"},{"not_picked":["Blade Dance","All Out Attack"],"picked":"Escape Plan"}],"player_experience":702260,"potions_floor_usage":[12,18,18,22,28,28,29,29,30,31,31,33,33,33,37,38,38,41,41,44,46,47,50,50,50],"damage_taken":[{"damage":5,"enemies":"Small Slimes","floor":1,"turns":5},{"damage":4,"enemies":"Jaw Worm","floor":3,"turns":4},{"damage":0,"enemies":"Blue Slaver","floor":5,"turns":5},{"damage":21,"enemies":"Gremlin Gang","floor":7,"turns":6},{"damage":3,"enemies":"Exordium Thugs","floor":10,"turns":5},{"damage":0,"enemies":"3 Louse","floor":11,"turns":2},{"damage":4,"enemies":"Exordium Wildlife","floor":12,"turns":5},{"damage":4,"enemies":"The Guardian","floor":16,"turns":8},{"damage":6,"enemies":"2 Thieves","floor":18,"turns":4},{"damage":0,"enemies":"Chosen","floor":20,"turns":4},{"damage":2,"enemies":"3 Cultists","floor":22,"turns":7},{"damage":13,"enemies":"Snake Plant","floor":28,"turns":4},{"damage":4,"enemies":"Snecko","floor":29,"turns":5},{"damage":0,"enemies":"3 Cultists","floor":30,"turns":4},{"damage":25,"enemies":"Slaver and Parasite","floor":31,"turns":7},{"damage":23,"enemies":"Champ","floor":33,"turns":14},{"damage":2,"enemies":"Orb Walker","floor":35,"turns":3},{"damage":0,"enemies":"3 Darklings","floor":37,"turns":4},{"damage":17,"enemies":"4 Shapes","floor":38,"turns":5},{"damage":0,"enemies":"Maw","floor":41,"turns":5},{"damage":0,"enemies":"Sphere and 2 Shapes","floor":44,"turns":4},{"damage":0,"enemies":"4 Shapes","floor":46,"turns":5},{"damage":0,"enemies":"3 Darklings","floor":47,"turns":4},{"damage":16,"enemies":"Donu and Deca","floor":50,"turns":9}],"event_choices":[{"event_name":"Living Wall","player_choice":"Change","floor":2,"damage_taken":0},{"event_name":"Cursed Tome","player_choice":"Obtained Book","floor":21,"damage_taken":0}],"boss_relics":[{"not_picked":["Velvet Choker","Runic Dome"],"picked":"Cursed Key"},{"not_picked":["Snecko Eye","Philosopher\u0027s Stone"],"picked":"Astrolabe"}],"potions_floor_spawned":[11,12,16,22,28,29,33,37,38,41,44],"seed_played":"-7706905155749019879","ascension_level":10,"is_trial":false}