{"gold_per_floor":[114,114,114,114,127,127,171,196,249,287,287,287,307,328,328,418,418,441,456,193,213,4,4,44,44,44,60,60,8,46,46],"floor_reached":31,"playtime":1145,"items_purged":[],"score":597,"play_id":"920a3cc4-2f98-4421-aaf7-9c8840812da7","local_time":"20190619234203","is_ascension_mode":true,"campfire_choices":[{"data":"Neutralize","floor":6,"key":"SMITH"},{"floor":12,"key":"REST"},{"floor":15,"key":"REST"},{"floor":23,"key":"REST"},{"floor":28,"key":"REST"}],"neow_cost":"NONE","seed_source_timestamp":534234569634900,"circlet_count":0,"master_deck":["AscendersBane","Strike_G","Strike_G","Strike_G","Strike_G","Strike_G+1","Defend_G+1","Defend_G","Defend_G","Defend_G","Defend_G","Survivor","Neutralize+1","Blur","Corpse Explosion","Flying Knee","Crippling Poison+1","Noxious Fumes+1","Backflip","Tools of the Trade+1","Bouncing Flask","Quick Slash","Footwork+1","Noxious Fumes+1","Blur","Terror+1","Footwork+1","Bane"],"relics":["Ring of the Snake","NeowsBlessing","Golden Idol","Omamori","Dodecahedron","Odd Mushroom","Boot","Frozen Egg 2","HoveringKite","Membership Card","Tingsha","PreservedInsect","Happy Flower","Pantograph","Art of War"],"potions_floor_usage":[14],"damage_taken":[{"damage":0,"enemies":"Small Slimes","floor":1,"turns":1},{"damage":0,"enemies":"2 Louse","floor":5,"turns":1},{"damage":0,"enemies":"3 Sentries","floor":7,"turns":1},{"damage":1,"enemies":"The Mushroom Lair","floor":8,"turns":2},{"damage":35,"enemies":"Gremlin Nob","floor":10,"turns":5},{"damage":0,"enemies":"Cultist","floor":13,"turns":3},{"damage":5,"enemies":"Large Slime","floor":14,"turns":4},{"damage":22,"enemies":"The Guardian","floor":16,"turns":12},{"damage":10,"enemies":"Chosen","floor":18,"turns":6},{"damage":2,"enemies":"3 Byrds","floor":19,"turns":3},{"damage":18,"enemies":"Snake Plant","floor":21,"turns":5},{"damage":3,"enemies":"Gremlin Leader","floor":24,"turns":6},{"damage":13,"enemies":"Centurion and Healer","floor":27,"turns":5},{"damage":24,"enemies":"Slavers","floor":30,"turns":2},{"damage":30,"enemies":"Chosen and Byrds","floor":31,"turns":3}],"seed_played":"6827354824342080001","potions_obtained":[{"floor":7,"key":"Dexterity Potion"},{"floor":13,"key":"SkillPotion"},{"floor":16,"key":"SpeedPotion"},{"floor":18,"key":"Strength Potion"},{"floor":24,"key":"Ancient Potion"}],"is_trial":false,"path_per_floor":["M","?","?","?","M","R","E","?","T","E","?","R","M","M","R","B",null,"M","M","$","M","$","R","E","?","T","M","R","$","E","M"],"character_chosen":"THE_SILENT","items_purchased":["Membership Card","Footwork+1","Tingsha","Blur","Footwork+1","Bane"],"campfire_rested":4,"item_purchase_floors":[20,20,22,22,29,29],"current_hp_per_floor":[59,59,41,41,41,41,41,40,40,5,5,23,23,18,36,14,49,39,37,37,19,19,37,34,34,34,21,39,39,15,0],"gold":46,"neow_bonus":"THREE_ENEMY_KILL","is_prod":false,"is_daily":false,"chose_seed":false,"campfire_upgraded":1,"win_rate":0,"timestamp":1561009323,"path_taken":["M","?","?","?","?","R","E","?","T","E","?","R","?","M","R","BOSS","M","M","$","?","$","R","E","?","T","M","R","?","E","M"],"build_version":"2019-06-18","purchased_purges":0,"victory":false,"max_hp_per_floor":[66,60,60,60,60,60,60,60,60,60,60,60,60,60,60,60,60,60,60,60,60,60,60,60,60,60,60,60,60,60,60],"card_choices":[{"not_picked":["Flying Knee","Riddle With Holes"],"picked":"Dagger Spray","floor":1},{"not_picked":["Bouncing Flask","Dagger Spray"],"picked":"Blur","floor":5},{"not_picked":["Riddle With Holes","Dodge and Roll"],"picked":"Corpse Explosion","floor":7},{"not_picked":["Underhanded Strike","Riddle With Holes"],"picked":"Flying Knee","floor":8},{"not_picked":["Bouncing Flask","Cloak And Dagger"],"picked":"Crippling Poison","floor":10},{"not_picked":["Finisher","Flechettes"],"picked":"Noxious Fumes+1","floor":13},{"not_picked":["Deflect","Calculated Gamble"],"picked":"Backflip","floor":14},{"not_picked":["Venomology","Unload"],"picked":"Tools of the Trade+1","floor":16},{"not_picked":["Dagger Spray","Bane"],"picked":"Bouncing Flask","floor":18},{"not_picked":["Sucker Punch+1","Blade Dance"],"picked":"Quick Slash","floor":19},{"not_picked":["Dagger Spray","Backflip"],"picked":"Noxious Fumes+1","floor":21},{"not_picked":["Slice","Die Die Die"],"picked":"Terror+1","floor":24},{"not_picked":["Terror","Crippling Poison","Underhanded Strike"],"picked":"SKIP","floor":27},{"not_picked":["Dagger Spray","Blade Dance","Setup"],"picked":"SKIP","floor":30}],"player_experience":1083040,"relics_obtained":[{"floor":7,"key":"Dodecahedron"},{"floor":8,"key":"Odd Mushroom"},{"floor":9,"key":"Boot"},{"floor":10,"key":"Frozen Egg 2"},{"floor":24,"key":"PreservedInsect"},{"floor":26,"key":"Pantograph"},{"floor":30,"key":"Art of War"}],"event_choices":[{"damage_healed":0,"gold_gain":0,"player_choice":"Lose Max HP","damage_taken":0,"relics_obtained":["Golden Idol"],"max_hp_gain":0,"max_hp_loss":6,"event_name":"Golden Idol","floor":2,"gold_loss":0},{"damage_healed":0,"gold_gain":0,"player_choice":"Entered Light","damage_taken":18,"max_hp_gain":0,"max_hp_loss":0,"event_name":"Shining Light","floor":3,"gold_loss":0,"cards_upgraded":["Strike_G","Defend_G"]},{"cards_removed":["Dagger Spray"],"damage_healed":0,"gold_gain":0,"player_choice":"Gave Card","damage_taken":0,"relics_obtained":["Omamori"],"max_hp_gain":0,"max_hp_loss":0,"event_name":"WeMeetAgain","floor":4,"gold_loss":0},{"damage_healed":0,"gold_gain":0,"player_choice":"Fought Mushrooms","damage_taken":0,"max_hp_gain":0,"max_hp_loss":0,"event_name":"Mushrooms","floor":8,"gold_loss":0},{"damage_healed":0,"gold_gain":0,"player_choice":"Forge","damage_taken":0,"max_hp_gain":0,"max_hp_loss":0,"event_name":"Accursed Blacksmith","floor":11,"gold_loss":0,"cards_upgraded":["Crippling Poison"]},{"damage_healed":0,"gold_gain":0,"player_choice":"Stole Relic","damage_taken":0,"relics_obtained":["Happy Flower"],"max_hp_gain":0,"max_hp_loss":0,"event_name":"Addict","floor":25,"gold_loss":0,"cards_obtained":["Shame"]}],"is_beta":true,"boss_relics":[{"not_picked":["Snecko Eye","Coffee Dripper"],"picked":"HoveringKite"}],"items_purged_floors":[],"is_endless":false,"potions_floor_spawned":[7,13,16,18,19,24,30],"killed_by":"Chosen and Byrds","ascension_level":19}