{"gold_per_floor":[117,135,135,38,38,38,63,89,112,36,36,66,66,66,66,168,168,185,7,7,20,20,20,20,20,45,60,60,71,71,88,88,184,184,201,219,238,238,238,238,271,283,295,337,349,378,417,456,468,480,492,504,19,54,54],"floor_reached":56,"playtime":3353,"items_purged":["Strike_B"],"score":1734,"play_id":"33183449-feee-4e28-b3db-acaa2523d843","local_time":"20181204115449","is_ascension_mode":true,"campfire_choices":[{"data":"Cold Snap","floor":6,"key":"SMITH"},{"data":"Defragment","floor":11,"key":"SMITH"},{"data":"Coolheaded","floor":13,"key":"SMITH"},{"data":"Static Discharge","floor":15,"key":"SMITH"},{"data":"Buffer","floor":23,"key":"SMITH"},{"data":"Go for the Eyes","floor":25,"key":"SMITH"},{"floor":30,"key":"REST"},{"data":"Buffer","floor":32,"key":"SMITH"},{"floor":40,"key":"REST"},{"data":"Capacitor","floor":42,"key":"SMITH"},{"floor":45,"key":"REST"},{"floor":49,"key":"RECALL"},{"floor":52,"key":"REST"}],"neow_cost":"NONE","seed_source_timestamp":1772687641922024,"circlet_count":0,"master_deck":["Defend_B+1","Defend_B","Defend_B","Zap+1","Dualcast","Streamline","Leap","Cold Snap+1","Conserve Battery+1","Static Discharge+1","Defragment+1","Coolheaded+1","Buffer+1","Go for the Eyes+1","Cold Snap","Stack","Capacitor+1","Buffer+1","Consume+1","Echo Form","Glacier+1","Chill","Auto Shields+1","Melter+1","Capacitor+1","Defragment","Force Field"],"relics":["Cracked Core","NeowsBlessing","Cables","Odd Mushroom","PreservedInsect","WingedGreaves","Juzu Bracelet","Empty Cage","Vajra","Bag of Marbles","Runic Pyramid","MawBank","Boot","Mummified Hand","Smiling Mask","Bottled Tornado","DollysMirror","Lantern","War Paint"],"potions_floor_usage":[12,18,29,33,35,46,50,55,55],"damage_taken":[{"damage":0,"enemies":"Cultist","floor":1,"turns":1},{"damage":0,"enemies":"2 Louse","floor":2,"turns":1},{"damage":0,"enemies":"Lagavulin","floor":7,"turns":1},{"damage":9,"enemies":"The Mushroom Lair","floor":8,"turns":4},{"damage":0,"enemies":"Gremlin Nob","floor":12,"turns":3},{"damage":6,"enemies":"The Guardian","floor":16,"turns":10},{"damage":15,"enemies":"2 Thieves","floor":18,"turns":3},{"damage":0,"enemies":"Spheric Guardian","floor":21,"turns":5},{"damage":5,"enemies":"Snake Plant","floor":27,"turns":4},{"damage":0,"enemies":"Snecko","floor":29,"turns":5},{"damage":0,"enemies":"Centurion and Healer","floor":31,"turns":10},{"damage":6,"enemies":"Champ","floor":33,"turns":17},{"damage":8,"enemies":"Orb Walker","floor":35,"turns":5},{"damage":28,"enemies":"3 Darklings","floor":36,"turns":7},{"damage":2,"enemies":"Sphere and 2 Shapes","floor":37,"turns":9},{"damage":0,"enemies":"Giant Head","floor":41,"turns":13},{"damage":0,"enemies":"Nemesis","floor":44,"turns":9},{"damage":9,"enemies":"Spire Growth","floor":46,"turns":6},{"damage":0,"enemies":"Reptomancer","floor":47,"turns":10},{"damage":35,"enemies":"Nemesis","floor":48,"turns":8},{"damage":19,"enemies":"Donu and Deca","floor":50,"turns":16},{"damage":0,"enemies":"Shield and Spear","floor":54,"turns":10},{"damage":74,"enemies":"The Heart","floor":55,"turns":15}],"seed_played":"2414263630707692930","potions_obtained":[{"floor":2,"key":"Strength Potion"},{"floor":7,"key":"Weak Potion"},{"floor":12,"key":"Weak Potion"},{"floor":21,"key":"AttackPotion"},{"floor":27,"key":"AttackPotion"},{"floor":33,"key":"Weak Potion"},{"floor":41,"key":"SkillPotion"},{"floor":44,"key":"LiquidBronze"},{"floor":46,"key":"AttackPotion"}],"is_trial":false,"path_per_floor":["M","M","?","$","$","R","E","?","T","$","R","E","R","T","R","B",null,"M","$","?","M","?","R","?","R","T","M","?","M","R","M","R","B",null,"M","M","M","T","?","R","E","R","T","E","R","M","E","E","R","B",null,"R","$","E","B",null],"character_chosen":"DEFECT","items_purchased":["Cold Snap","Defragment","Vajra","Cold Snap","DollysMirror","Lantern","Defragment","Force Field"],"campfire_rested":4,"item_purchase_floors":[4,10,19,19,53,53,53,53],"current_hp_per_floor":[68,68,68,68,68,68,68,59,59,59,59,59,59,59,59,53,70,55,55,41,41,41,41,41,41,41,36,36,36,60,60,60,54,74,66,38,36,36,36,60,60,60,60,60,80,71,71,36,36,17,64,80,80,80,6],"gold":54,"neow_bonus":"THREE_ENEMY_KILL","is_prod":false,"is_daily":false,"chose_seed":false,"campfire_upgraded":8,"win_rate":0,"timestamp":1543942489,"path_taken":["M","?","?","?","$","R","E","?","T","$","R","E","R","?","R","BOSS","M","$","?","M","?","R","?","R","T","M","?","M","R","M","R","BOSS","M","M","M","?","?","R","E","R","T","E","R","M","E","E","R","BOSS","R","$","E","BOSS"],"build_version":"2018-11-15","purchased_purges":1,"victory":true,"max_hp_per_floor":[75,75,75,75,75,75,75,75,75,75,75,75,75,75,75,75,75,75,75,80,80,80,80,80,80,80,80,80,80,80,80,80,80,80,80,80,80,80,80,80,80,80,80,80,80,80,80,80,80,80,80,80,80,80,80],"card_choices":[{"not_picked":["Recycle","Undo"],"picked":"Streamline","floor":1},{"not_picked":["Barrage","Lockon"],"picked":"Leap","floor":2},{"not_picked":["Stack","Gash"],"picked":"Conserve Battery","floor":7},{"not_picked":["Rip and Tear","Lockon"],"picked":"Static Discharge","floor":8},{"not_picked":["Lockon","Hello World"],"picked":"Coolheaded","floor":12},{"not_picked":["Hyperbeam","Machine Learning"],"picked":"Buffer","floor":16},{"not_picked":["Steam","Turbo"],"picked":"Go for the Eyes","floor":18},{"not_picked":["Compile Driver","Ball Lightning"],"picked":"Stack","floor":21},{"not_picked":["Reprogram","Compile Driver"],"picked":"Capacitor","floor":27},{"not_picked":["Conserve Battery","Compile Driver"],"picked":"Buffer","floor":29},{"not_picked":["Turbo","Rebound"],"picked":"Consume+1","floor":31},{"not_picked":["Fission","Buffer"],"picked":"Echo Form","floor":33},{"not_picked":["Recycle","Gash"],"picked":"Glacier+1","floor":35},{"not_picked":["Streamline+1","Reinforced Body+1"],"picked":"Chill","floor":36},{"not_picked":["Hologram+1","Ball Lightning","Barrage"],"picked":"SKIP","floor":37},{"not_picked":["Beam Cell","Consume","Heatsinks+1"],"picked":"SKIP","floor":41},{"not_picked":["Go for the Eyes","Stack","Cold Snap"],"picked":"SKIP","floor":44},{"not_picked":["Fusion+1","Multi-Cast"],"picked":"Auto Shields+1","floor":46},{"not_picked":["All For One","BootSequence+1"],"picked":"Melter+1","floor":47},{"not_picked":["Rip and Tear+1","Coolheaded","Rebound"],"picked":"SKIP","floor":48},{"not_picked":["Barrage","Doom and Gloom","FTL"],"picked":"SKIP","floor":54}],"player_experience":2636460,"relics_obtained":[{"floor":7,"key":"Cables"},{"floor":8,"key":"Odd Mushroom"},{"floor":9,"key":"PreservedInsect"},{"floor":12,"key":"WingedGreaves"},{"floor":14,"key":"Juzu Bracelet"},{"floor":26,"key":"Bag of Marbles"},{"floor":41,"key":"MawBank"},{"floor":43,"key":"Boot"},{"floor":44,"key":"Mummified Hand"},{"floor":47,"key":"Smiling Mask"},{"floor":48,"key":"Bottled Tornado"},{"floor":54,"key":"War Paint"}],"event_choices":[{"damage_healed":0,"gold_gain":0,"player_choice":"Forge","damage_taken":0,"max_hp_gain":0,"max_hp_loss":0,"event_name":"Accursed Blacksmith","floor":3,"gold_loss":0,"cards_upgraded":["Zap"]},{"damage_healed":0,"gold_gain":0,"player_choice":"Fought Mushrooms","damage_taken":0,"max_hp_gain":0,"max_hp_loss":0,"event_name":"Mushrooms","floor":8,"gold_loss":0},{"damage_healed":0,"gold_gain":0,"player_choice":"Shed Blood","damage_taken":19,"max_hp_gain":5,"max_hp_loss":0,"event_name":"Forgotten Altar","floor":20,"gold_loss":0},{"damage_healed":0,"gold_gain":0,"player_choice":"Ignored","damage_taken":0,"max_hp_gain":0,"max_hp_loss":0,"event_name":"Beggar","floor":22,"gold_loss":0},{"cards_removed":["Strike_B"],"damage_healed":0,"gold_gain":0,"player_choice":"Purged","damage_taken":0,"max_hp_gain":0,"max_hp_loss":0,"event_name":"Purifier","floor":24,"gold_loss":0},{"cards_removed":["Defend_B"],"damage_healed":0,"gold_gain":0,"player_choice":"Offered Basic","damage_taken":0,"max_hp_gain":0,"max_hp_loss":0,"event_name":"Bonfire Elementals","floor":28,"gold_loss":0},{"damage_healed":0,"gold_gain":0,"player_choice":"Ignored","damage_taken":0,"max_hp_gain":0,"max_hp_loss":0,"event_name":"Tomb of Lord Red Mask","floor":39,"gold_loss":0}],"is_beta":false,"boss_relics":[{"not_picked":["Coffee Dripper","Tiny House"],"picked":"Empty Cage"},{"not_picked":["Black Star","White Beast Statue"],"picked":"Runic Pyramid"}],"items_purged_floors":[4],"is_endless":false,"potions_floor_spawned":[2,7,12,21,27,33,41,44,46,48],"ascension_level":6}