{"gold_per_floor":[115,2,2,20,35,35,46,46,46,46,72,72,100,25,25,99,99,109,121,121],"floor_reached":20,"playtime":910,"items_purged":["Strike_B"],"score":364,"play_id":"31e63bf4-5de7-416a-838d-ef616a64b6b9","local_time":"20190506165558","is_ascension_mode":true,"campfire_choices":[{"data":"Go for the Eyes","floor":6,"key":"SMITH"},{"data":"Fusion","floor":8,"key":"SMITH"},{"data":"Zap","floor":10,"key":"SMITH"},{"floor":12,"key":"REST"},{"data":"Defragment","floor":15,"key":"SMITH"}],"neow_cost":"NONE","seed_source_timestamp":2324086469269250,"circlet_count":0,"master_deck":["AscendersBane","Strike_B","Defend_B","Defend_B","Defend_B","Defend_B","Zap+1","Dualcast","Rip and Tear","Doom and Gloom","BootSequence","Compile Driver","Go for the Eyes+1","Fusion+1","Defragment+1","Melter","Meteor Strike","Rebound"],"relics":["Empty Cage","Mango","WingedGreaves","Boot","Kunai","Snecko Eye"],"potions_floor_usage":[11,13,13],"damage_taken":[{"damage":9,"enemies":"Small Slimes","floor":1,"turns":4},{"damage":6,"enemies":"Cultist","floor":4,"turns":3},{"damage":3,"enemies":"2 Louse","floor":5,"turns":3},{"damage":0,"enemies":"2 Fungi Beasts","floor":7,"turns":3},{"damage":20,"enemies":"Gremlin Nob","floor":11,"turns":4},{"damage":10,"enemies":"Lagavulin","floor":13,"turns":5},{"damage":28,"enemies":"Hexaghost","floor":16,"turns":10},{"damage":5,"enemies":"3 Byrds","floor":18,"turns":4},{"damage":27,"enemies":"2 Thieves","floor":19,"turns":4},{"damage":43,"enemies":"Cultist and Chosen","floor":20,"turns":5}],"seed_played":"-4555060828885840533","potions_obtained":[{"floor":1,"key":"Strength Potion"},{"floor":4,"key":"Fire Potion"},{"floor":11,"key":"SkillPotion"}],"is_trial":false,"path_per_floor":["M","$","?","M","M","R","M","R","T","R","E","R","E","$","R","B",null,"M","M","M"],"character_chosen":"DEFECT","items_purchased":["Doom and Gloom","BootSequence"],"campfire_rested":1,"item_purchase_floors":[2,2],"current_hp_per_floor":[55,55,69,63,60,60,60,60,60,60,40,65,55,55,55,27,71,66,39,0],"gold":121,"neow_bonus":"BOSS_RELIC","is_prod":false,"is_daily":false,"chose_seed":false,"campfire_upgraded":4,"win_rate":0,"timestamp":1557176158,"path_taken":["M","$","?","M","?","R","M","R","T","R","E","R","E","?","R","BOSS","M","M","M"],"build_version":"2019-01-23","purchased_purges":1,"victory":false,"max_hp_per_floor":[71,71,85,85,85,85,85,85,85,85,85,85,85,85,85,85,85,85,85,85],"card_choices":[{"not_picked":["Leap","Redo"],"picked":"Rip and Tear","floor":1},{"not_picked":["Streamline","Hologram"],"picked":"Compile Driver","floor":4},{"not_picked":["Beam Cell","Streamline"],"picked":"Go for the Eyes","floor":5},{"not_picked":["Scrape","Ball Lightning"],"picked":"Fusion","floor":7},{"not_picked":["Scrape","All For One"],"picked":"Defragment","floor":11},{"not_picked":["Steam","Rainbow"],"picked":"Melter","floor":13},{"not_picked":["Seek","Amplify"],"picked":"Meteor Strike","floor":16},{"not_picked":["Stack","Barrage","Turbo"],"picked":"SKIP","floor":18},{"not_picked":["Steam","Aggregate","Rebound"],"picked":"SKIP","floor":19},{"not_picked":["Steam","Aggregate"],"picked":"Rebound","floor":19}],"player_experience":3602213,"relics_obtained":[{"floor":3,"key":"Mango"},{"floor":9,"key":"WingedGreaves"},{"floor":11,"key":"Boot"},{"floor":13,"key":"Kunai"}],"event_choices":[{"damage_healed":0,"gold_gain":0,"player_choice":"Relic","damage_taken":0,"max_hp_gain":0,"max_hp_loss":0,"event_name":"Wheel of Change","floor":3,"gold_loss":0}],"is_beta":false,"boss_relics":[{"not_picked":["Calling Bell","Sozu"],"picked":"Snecko Eye"}],"items_purged_floors":[14],"is_endless":false,"potions_floor_spawned":[1,4,11],"killed_by":"Cultist and Chosen","ascension_level":20}