{"gold_per_floor":[111,41,41,41,54,54,70,70,70,83,83,97,123,141,141,238,238,258,277,47,47,47,47,61,76,76,76,108,108,128,147,147,247,247,261,273,293,293,293,293,322,334,384,384,404,21,21,35,35,35,35,35,35,63,63],"floor_reached":56,"playtime":5191,"items_purged":[],"score":1512,"play_id":"f5526cc9-c8f7-4204-8672-22ab3cfd0139","local_time":"20181128163031","is_ascension_mode":true,"campfire_choices":[{"data":"True Grit","floor":6,"key":"SMITH"},{"data":"Havoc","floor":11,"key":"SMITH"},{"data":"Entrench","floor":15,"key":"SMITH"},{"floor":23,"key":"REST"},{"floor":27,"key":"REST"},{"data":"Feel No Pain","floor":32,"key":"SMITH"},{"floor":40,"key":"REST"},{"floor":44,"key":"REST"},{"data":"Corruption","floor":47,"key":"SMITH"},{"floor":49,"key":"RECALL"},{"data":"Sentinel","floor":52,"key":"SMITH"}],"neow_cost":"TEN_PERCENT_HP_LOSS","seed_source_timestamp":1269374637968340,"circlet_count":0,"master_deck":["Strike_R","Strike_R","Strike_R","Defend_R","Defend_R","Defend_R","Defend_R","Bash","Headbutt","True Grit+1","Armaments+1","Havoc+1","Burning Pact","Entrench+1","Spot Weakness","Exhume","Feel No Pain+1","Ghostly Armor+1","Disarm","Immolate","True Grit","Sentinel+1","Shockwave+1","Battle Trance","Exhume","Second Wind","Limit Break","Uppercut+1","Entrench+1","Second Wind","Seeing Red+1","Intimidate+1","Corruption+1","True Grit+1","Fiend Fire","Reaper","Seeing Red","Disarm"],"relics":["Burning Blood","Dead Branch","Paper Frog","Kunai","Sozu","Prayer Wheel","Boot","Snecko Eye","FaceOfCleric","Pear","Bottled Tornado","Ornamental Fan"],"potions_floor_usage":[10,16,24],"damage_taken":[{"damage":3,"enemies":"Small Slimes","floor":1,"turns":5},{"damage":0,"enemies":"2 Louse","floor":5,"turns":2},{"damage":0,"enemies":"Cultist","floor":7,"turns":5},{"damage":4,"enemies":"Large Slime","floor":10,"turns":9},{"damage":8,"enemies":"Blue Slaver","floor":12,"turns":5},{"damage":7,"enemies":"Lagavulin","floor":13,"turns":7},{"damage":3,"enemies":"Looter","floor":14,"turns":3},{"damage":37,"enemies":"Hexaghost","floor":16,"turns":7},{"damage":22,"enemies":"Spheric Guardian","floor":18,"turns":4},{"damage":0,"enemies":"Shell Parasite","floor":19,"turns":7},{"damage":12,"enemies":"Snake Plant","floor":24,"turns":5},{"damage":22,"enemies":"3 Cultists","floor":25,"turns":9},{"damage":16,"enemies":"Gremlin Leader","floor":28,"turns":6},{"damage":1,"enemies":"Centurion and Healer","floor":30,"turns":7},{"damage":7,"enemies":"Cultist and Chosen","floor":31,"turns":7},{"damage":12,"enemies":"Champ","floor":33,"turns":10},{"damage":8,"enemies":"3 Shapes","floor":35,"turns":3},{"damage":63,"enemies":"3 Darklings","floor":36,"turns":10},{"damage":3,"enemies":"Spire Growth","floor":37,"turns":4},{"damage":12,"enemies":"Reptomancer","floor":41,"turns":4},{"damage":19,"enemies":"Transient","floor":42,"turns":5},{"damage":0,"enemies":"Maw","floor":45,"turns":3},{"damage":0,"enemies":"Sphere and 2 Shapes","floor":48,"turns":2},{"damage":0,"enemies":"Awakened One","floor":50,"turns":5},{"damage":8,"enemies":"Shield and Spear","floor":54,"turns":3},{"damage":3,"enemies":"The Heart","floor":55,"turns":4}],"seed_played":"-1664065248762533838","potions_obtained":[{"floor":5,"key":"Weak Potion"},{"floor":14,"key":"Poison Potion"},{"floor":16,"key":"EssenceOfSteel"}],"is_trial":false,"path_per_floor":["M","$","?","?","M","R","M","?","T","M","R","M","E","M","R","B",null,"M","M","$","?","?","R","M","M","T","R","E","?","M","M","R","B",null,"M","M","M","?","?","R","E","M","T","R","M","$","R","M","R","B",null,"R","$","E","B",null],"character_chosen":"IRONCLAD","items_purchased":["True Grit","Armaments","Disarm","Immolate","Bottled Tornado","Reaper"],"campfire_rested":4,"item_purchase_floors":[2,2,20,20,46,46],"current_hp_per_floor":[72,72,72,65,71,71,72,72,72,72,72,70,69,72,72,41,72,56,62,62,56,43,66,60,44,44,67,57,57,62,61,61,55,77,75,18,21,21,21,44,49,37,37,63,70,70,70,77,77,92,92,92,92,91,94],"gold":63,"neow_bonus":"ONE_RARE_RELIC","is_prod":false,"is_daily":false,"chose_seed":false,"campfire_upgraded":6,"win_rate":0,"timestamp":1543440631,"path_taken":["M","$","?","?","M","R","M","?","T","M","R","M","E","M","R","BOSS","M","?","$","?","?","R","M","M","T","R","E","?","M","M","R","BOSS","M","M","M","?","?","R","E","M","T","R","M","$","R","M","R","BOSS","R","$","E","BOSS"],"build_version":"2018-11-15","purchased_purges":0,"victory":true,"max_hp_per_floor":[72,72,72,72,72,72,72,72,72,72,72,72,72,72,72,72,72,72,72,72,72,77,77,77,77,77,77,77,77,77,77,77,77,77,77,77,77,77,77,77,88,89,89,89,90,90,90,91,91,92,92,92,92,93,94],"card_choices":[{"not_picked":["Twin Strike","Thunderclap"],"picked":"Headbutt","floor":1},{"not_picked":["Wild Strike","Pommel Strike","Sword Boomerang"],"picked":"SKIP","floor":5},{"not_picked":["Reckless Charge","Wild Strike"],"picked":"Havoc","floor":7},{"not_picked":["Wild Strike","Havoc"],"picked":"Burning Pact","floor":10},{"not_picked":["Reckless Charge","Wild Strike"],"picked":"Entrench","floor":12},{"not_picked":["Havoc","Warcry"],"picked":"Spot Weakness","floor":13},{"not_picked":["Sword Boomerang","Headbutt","Clash"],"picked":"SKIP","floor":14},{"not_picked":["Impervious","Juggernaut"],"picked":"Exhume","floor":16},{"not_picked":["Twin Strike+1","Perfected Strike"],"picked":"Feel No Pain","floor":18},{"not_picked":["Heavy Blade","True Grit"],"picked":"Ghostly Armor+1","floor":19},{"not_picked":["Warcry","Pommel Strike"],"picked":"True Grit","floor":24},{"not_picked":["Clash+1","Iron Wave"],"picked":"Sentinel","floor":25},{"not_picked":["Cleave","Whirlwind"],"picked":"Shockwave+1","floor":28},{"not_picked":["Wild Strike+1","Body Slam"],"picked":"Exhume","floor":30},{"not_picked":["Warcry","Perfected Strike","Twin Strike+1"],"picked":"SKIP","floor":30},{"not_picked":["Shrug It Off","Pommel Strike+1"],"picked":"Second Wind","floor":31},{"not_picked":["Warcry","Hemokinesis","Cleave"],"picked":"SKIP","floor":31},{"not_picked":["Immolate","Brutality"],"picked":"Limit Break","floor":33},{"not_picked":["Body Slam","Perfected Strike"],"picked":"Uppercut+1","floor":35},{"not_picked":["Shockwave","Body Slam","Rage+1"],"picked":"SKIP","floor":35},{"not_picked":["Perfected Strike+1","Disarm"],"picked":"Entrench+1","floor":36},{"not_picked":["Iron Wave+1","Body Slam"],"picked":"Second Wind","floor":36},{"not_picked":["Searing Blow","Sword Boomerang"],"picked":"Seeing Red+1","floor":37},{"not_picked":["Uppercut","Clash","Perfected Strike"],"picked":"SKIP","floor":37},{"not_picked":["Exhume","Havoc+1"],"picked":"Intimidate+1","floor":41},{"not_picked":["Infernal Blade+1","Wild Strike"],"picked":"Corruption","floor":42},{"not_picked":["Twin Strike+1","Perfected Strike+1"],"picked":"True Grit+1","floor":42},{"not_picked":["Perfected Strike","Pommel Strike+1"],"picked":"Fiend Fire","floor":45},{"not_picked":["Wild Strike","Whirlwind","Armaments"],"picked":"SKIP","floor":45},{"not_picked":["Flame Barrier+1","Clothesline"],"picked":"Seeing Red","floor":48},{"not_picked":["Clash+1","Twin Strike+1","Warcry"],"picked":"SKIP","floor":48},{"not_picked":["Warcry+1","Cleave"],"picked":"Disarm","floor":54}],"player_experience":2553017,"relics_obtained":[{"floor":9,"key":"Paper Frog"},{"floor":13,"key":"Kunai"},{"floor":26,"key":"Prayer Wheel"},{"floor":28,"key":"Boot"},{"floor":41,"key":"Pear"},{"floor":54,"key":"Ornamental Fan"}],"event_choices":[{"damage_healed":0,"gold_gain":0,"player_choice":"Grow","damage_taken":0,"max_hp_gain":0,"max_hp_loss":0,"event_name":"Living Wall","floor":3,"gold_loss":0,"cards_upgraded":["Armaments"]},{"cards_removed":["Strike_R"],"damage_healed":0,"gold_gain":0,"player_choice":"Card Removal","damage_taken":7,"max_hp_gain":0,"max_hp_loss":0,"event_name":"Golden Wing","floor":4,"gold_loss":0},{"cards_removed":["Strike_R"],"damage_healed":0,"gold_gain":0,"player_choice":"Purged","damage_taken":0,"max_hp_gain":0,"max_hp_loss":0,"event_name":"Purifier","floor":8,"gold_loss":0},{"damage_healed":0,"gold_gain":0,"player_choice":"Joined the Cult","damage_taken":6,"max_hp_gain":0,"max_hp_loss":0,"event_name":"Nest","floor":21,"gold_loss":0,"cards_obtained":["RitualDagger"]},{"damage_healed":0,"gold_gain":0,"player_choice":"Shed Blood","damage_taken":18,"max_hp_gain":5,"max_hp_loss":0,"event_name":"Forgotten Altar","floor":22,"gold_loss":0},{"damage_healed":0,"gold_gain":0,"player_choice":"Read","damage_taken":0,"max_hp_gain":0,"max_hp_loss":0,"event_name":"The Library","floor":29,"gold_loss":0,"cards_obtained":["Battle Trance"]},{"cards_removed":["RitualDagger"],"damage_healed":0,"gold_gain":0,"player_choice":"Removed Attack","damage_taken":0,"max_hp_gain":0,"max_hp_loss":0,"event_name":"Falling","floor":38,"gold_loss":0},{"damage_healed":0,"gold_gain":0,"player_choice":"Trade","damage_taken":0,"relics_obtained":["FaceOfCleric"],"max_hp_gain":0,"max_hp_loss":0,"event_name":"FaceTrader","floor":39,"gold_loss":0}],"is_beta":false,"boss_relics":[{"not_picked":["Tiny House","Orrery"],"picked":"Sozu"},{"not_picked":["Runic Dome","Black Blood"],"picked":"Snecko Eye"}],"items_purged_floors":[],"is_endless":false,"potions_floor_spawned":[5,14,16,24,25,30,31,33,36,41,42,45],"ascension_level":4}