{"path_per_floor":["M","?","M","$","M","M","E","$","T","R","?","T","M","M","R","B",null,"M","M","M","?","M","E","M","R","T","M"],"character_chosen":"THE_SILENT","items_purchased":["Dramatic Entrance","Backflip"],"gold_per_floor":[109,184,197,32,52,62,91,46,46,46,46,46,66,86,86,183,183,197,214,226,226,243,272,282,282,305,318],"floor_reached":28,"campfire_rested":1,"playtime":4338,"current_hp_per_floor":[70,59,59,59,59,59,37,37,51,51,51,51,51,51,51,51,84,72,67,67,67,57,3,3,28,28,1],"items_purged":["Strike_G"],"gold":318,"play_id":"46620abd-cc80-4ab8-9874-1f1392d10f28","is_prod":false,"is_daily":false,"campfire_rituals":0,"campfire_upgraded":2,"is_hardmode":false,"path_taken":["M","?","M","$","M","M","E","$","T","R","?","?","M","?","R","BOSS","M","M","M","?","M","E","M","R","T","M","E"],"build_version":"2018-01-18-PROD4","purchased_purges":1,"victory":false,"master_deck":["Defend_G","Defend_G","Defend_G","Defend_G","Strike_G","Strike_G","Strike_G","Survivor","Neutralize","Sucker Punch","Backstab","Dramatic Entrance","Prepared","Backflip","Noxious Fumes","Outmaneuver","Tools of the Trade","Distraction","Prepared","Noxious Fumes","Backflip","Adrenaline","Prepared"],"max_hp_per_floor":[70,70,70,70,70,70,70,70,84,84,84,84,84,84,84,84,84,84,84,84,84,84,84,84,84,84,84],"relics":["Ring of the Snake","Bag of Marbles","Mango","Prayer Wheel","The Specimen","Art of War","Lantern"],"campfire_meditates":0,"card_choices":[{"not_picked":["Poisoned Stab","Dagger Throw"],"picked":"Backstab"},{"not_picked":["Cloak And Dagger","Storm of Steel"],"picked":"Prepared"},{"not_picked":["Flying Knee","Choke"],"picked":"Noxious Fumes"},{"not_picked":["Slice","Dagger Throw"],"picked":"Outmaneuver"},{"not_picked":["Glass Knife","Die Die Die"],"picked":"Tools of the Trade"},{"not_picked":["Dagger Spray","Backflip"],"picked":"Distraction"},{"not_picked":["All Out Attack","Dodge and Roll"],"picked":"Prepared"},{"not_picked":["Deadly Poison","Bouncing Flask"],"picked":"Backflip"},{"not_picked":["Eviscerate","Malaise"],"picked":"Adrenaline"},{"not_picked":["Slice","Dagger Throw"],"picked":"Prepared"}],"player_experience":153778,"potions_floor_usage":[7,16,16,20,20,23,24,28,28],"damage_taken":[{"damage":0,"enemies":"Small Slimes","floor":1,"turns":3},{"damage":0,"enemies":"2 Louse","floor":3,"turns":2},{"damage":0,"enemies":"Jaw Worm","floor":5,"turns":5},{"damage":0,"enemies":"3 Louse","floor":6,"turns":3},{"damage":22,"enemies":"3 Sentries","floor":7,"turns":11},{"damage":0,"enemies":"Lots of Slimes","floor":13,"turns":1},{"damage":0,"enemies":"Looter","floor":14,"turns":2},{"damage":0,"enemies":"The Guardian","floor":16,"turns":10},{"damage":12,"enemies":"3 Byrds","floor":18,"turns":5},{"damage":5,"enemies":"Shell Parasite","floor":19,"turns":8},{"damage":0,"enemies":"Snake Plant","floor":20,"turns":7},{"damage":10,"enemies":"3 Cultists","floor":22,"turns":5},{"damage":54,"enemies":"Book of Stabbing","floor":23,"turns":9},{"damage":0,"enemies":"Centurion and Healer","floor":24,"turns":7},{"damage":27,"enemies":"Chosen and Byrds","floor":27,"turns":6},{"damage":3,"enemies":"Gremlin Leader","floor":28,"turns":5}],"event_choices":[{"event_name":"World of Goop","player_choice":"Gather Gold","floor":2,"damage_taken":0},{"event_name":"Living Wall","player_choice":"Forget","floor":11,"damage_taken":0},{"event_name":"Duplicator","player_choice":"One dupe","floor":21,"damage_taken":0}],"boss_relics":[{"not_picked":["Velvet Choker","Eternal Feather"],"picked":"The Specimen"}],"potions_floor_spawned":[5,7,13,16,19,20,23,24,27],"seed_played":"-9191990090337837760","killed_by":"Gremlin Leader","is_trial":false}