{"path_per_floor":["M","$","?","?","$","R","M","?","T","?","M","M","M","M","R","B",null,"M","?","?","$","M","R","E","M","T","?","M","$","R","M","R","B",null,"M","M","?","M","?","R","M","?","T","R"],"character_chosen":"THE_SILENT","items_purchased":["Toxic Egg","Well Laid Plans","Footwork"],"gold_per_floor":[110,35,35,35,35,35,58,58,85,35,50,64,82,97,97,225,225,246,246,246,10,29,29,70,90,117,42,66,32,32,56,56,186,186,204,228,287,310,643,643,654,0,0,0],"floor_reached":45,"campfire_rested":3,"playtime":6632,"current_hp_per_floor":[70,70,53,41,41,62,62,55,55,55,67,65,59,58,58,31,70,66,66,66,66,66,66,19,2,2,2,2,2,23,23,44,44,70,65,65,65,65,65,65,65,65,79,79],"items_purged":["Strike_G"],"gold":0,"play_id":"cdd888a1-9243-463e-baf7-1671db05892e","is_prod":false,"is_daily":false,"is_ascension_mode":true,"campfire_upgraded":2,"path_taken":["M","?","?","?","$","R","M","?","T","?","?","?","M","M","R","BOSS","M","?","?","?","?","R","E","M","T","?","M","$","R","?","R","BOSS","M","M","?","?","?","R","M","?","T","R","E"],"build_version":"2018-01-25-PROD3","purchased_purges":1,"victory":false,"master_deck":["Defend_G","Defend_G+1","Defend_G+1","Strike_G","Strike_G","Strike_G","Survivor","Neutralize+1","Blur","Calculated Gamble+1","Acrobatics","Escape Plan","Acrobatics","Noxious Fumes+1","Adrenaline","Well Laid Plans","Well Laid Plans+1","Escape Plan","Blur","Footwork","Noxious Fumes","Adrenaline","Caltrops","Reflex+1"],"max_hp_per_floor":[70,70,70,70,70,70,70,70,70,70,70,70,70,70,70,70,70,70,70,70,70,70,70,70,70,70,70,70,70,70,70,70,70,70,70,70,70,70,70,70,70,70,84,84],"relics":["Ring of the Snake","War Paint","Centennial Puzzle","Happy Flower","The Specimen","Toxic Egg","Thread and Needle","Omamori","Sozu","Girya","Red Mask","Mango"],"card_choices":[{"not_picked":["Heel Hook","All Out Attack"],"picked":"Blur"},{"not_picked":["Endless Agony","Grand Finale"],"picked":"Calculated Gamble"},{"not_picked":["Masterful Stab","Leg Sweep"],"picked":"Acrobatics"},{"not_picked":["Prepared","Bane"],"picked":"Escape Plan"},{"not_picked":["Dagger Spray","Poisoned Stab"],"picked":"Acrobatics"},{"not_picked":["Outmaneuver","Sucker Punch"],"picked":"Noxious Fumes"},{"not_picked":["Tools of the Trade","Storm of Steel"],"picked":"Adrenaline"},{"not_picked":["Cloak And Dagger","Tools of the Trade"],"picked":"Well Laid Plans"},{"not_picked":["Poisoned Stab","Predator"],"picked":"Escape Plan"},{"not_picked":["Catalyst","Cloak And Dagger"],"picked":"Blur"},{"not_picked":["Deflect","Sucker Punch"],"picked":"Noxious Fumes"},{"not_picked":["Burst","Envenom"],"picked":"Adrenaline"},{"not_picked":["Setup","Deadly Poison"],"picked":"Caltrops"},{"not_picked":["Endless Agony","Deadly Poison"],"picked":"Reflex"}],"player_experience":426907,"potions_floor_usage":[11,16,24],"damage_taken":[{"damage":0,"enemies":"Blue Slaver","floor":1,"turns":4},{"damage":0,"enemies":"2 Louse","floor":7,"turns":3},{"damage":0,"enemies":"Small Slimes","floor":11,"turns":5},{"damage":2,"enemies":"3 Louse","floor":12,"turns":4},{"damage":6,"enemies":"Looter","floor":13,"turns":3},{"damage":1,"enemies":"Red Slaver","floor":14,"turns":6},{"damage":27,"enemies":"Hexaghost","floor":16,"turns":14},{"damage":4,"enemies":"3 Byrds","floor":18,"turns":5},{"damage":0,"enemies":"Spheric Guardian","floor":22,"turns":6},{"damage":47,"enemies":"Gremlin Leader","floor":24,"turns":10},{"damage":17,"enemies":"3 Cultists","floor":25,"turns":7},{"damage":0,"enemies":"Snake Plant","floor":28,"turns":8},{"damage":0,"enemies":"Centurion and Healer","floor":31,"turns":10},{"damage":0,"enemies":"Champ","floor":33,"turns":19},{"damage":5,"enemies":"3 Shapes","floor":35,"turns":5},{"damage":0,"enemies":"3 Darklings","floor":36,"turns":6},{"damage":0,"enemies":"Mysterious Sphere","floor":37,"turns":6},{"damage":0,"enemies":"Sphere and 2 Shapes","floor":38,"turns":5},{"damage":0,"enemies":"4 Shapes","floor":41,"turns":6},{"damage":89,"enemies":"2 Orb Walkers","floor":45,"turns":5}],"event_choices":[{"event_name":"Golden Idol","player_choice":"Take Damage","floor":3,"damage_taken":0},{"event_name":"Scrap Ooze","player_choice":"success","floor":4,"damage_taken":12},{"event_name":"Golden Wing","player_choice":"Card Removal","floor":8,"damage_taken":0},{"event_name":"The Cleric","player_choice":"Card Removal","floor":10,"damage_taken":0},{"event_name":"Match and Keep!","player_choice":"0 cards matched","floor":19,"damage_taken":0},{"event_name":"Vampires","player_choice":"Ignored","floor":20,"damage_taken":0},{"event_name":"Beggar","player_choice":"Gave Gold","floor":27,"damage_taken":0},{"event_name":"Mysterious Sphere","player_choice":"Fight","floor":37,"damage_taken":0},{"event_name":"The Moai Head","player_choice":"Gave Idol","floor":39,"damage_taken":0},{"event_name":"Tomb of Lord Red Mask","player_choice":"Paid","floor":42,"damage_taken":0}],"boss_relics":[{"not_picked":["Runic Dome","Ectoplasm"],"picked":"The Specimen"},{"not_picked":["Eternal Feather","Snecko Eye"],"picked":"Sozu"}],"potions_floor_spawned":[1,12,16,25,31,33,36,38,41],"seed_played":"638267580128855231","killed_by":"2 Orb Walkers","ascension_level":2,"is_trial":false}