{"gold_per_floor":[113,113,126,14,89,122,122,137,137,154,21,21,52,69,69,69],"floor_reached":16,"playtime":481,"items_purged":["Strike_R"],"score":270,"play_id":"e0c87a4a-4510-4adf-bbed-27e9ca18665c","local_time":"20190501070024","is_ascension_mode":true,"campfire_choices":[{"data":"Uppercut","floor":7,"key":"SMITH"},{"data":"Clothesline","floor":12,"key":"SMITH"},{"data":"Shrug It Off","floor":15,"key":"SMITH"}],"neow_cost":"NONE","seed_source_timestamp":1856783056265528,"circlet_count":0,"master_deck":["AscendersBane","Strike_R","Strike_R","Strike_R","Strike_R","Defend_R","Defend_R","Defend_R","Defend_R","Bash","Thunderclap","Uppercut+1","Feel No Pain","Shrug It Off+1","Battle Trance","Clothesline+1","Barricade"],"relics":["Burning Blood","NeowsBlessing","Singing Bowl","Bottled Lightning","Bag of Marbles","Vajra"],"potions_floor_usage":[10,16,16],"damage_taken":[{"damage":0,"enemies":"Jaw Worm","floor":1,"turns":1},{"damage":0,"enemies":"2 Louse","floor":3,"turns":1},{"damage":0,"enemies":"Lagavulin","floor":6,"turns":1},{"damage":1,"enemies":"Cultist","floor":8,"turns":3},{"damage":8,"enemies":"3 Louse","floor":10,"turns":2},{"damage":40,"enemies":"Gremlin Nob","floor":13,"turns":5},{"damage":4,"enemies":"Red Slaver","floor":14,"turns":3},{"damage":27,"enemies":"Hexaghost","floor":16,"turns":11}],"seed_played":"-7795657628462556028","potions_obtained":[{"floor":3,"key":"Explosive Potion"},{"floor":6,"key":"Ancient Potion"},{"floor":14,"key":"Explosive Potion"}],"is_trial":false,"path_per_floor":["M","?","M","$","?","E","R","M","T","M","$","R","E","M","R","B"],"character_chosen":"IRONCLAD","items_purchased":["Feel No Pain","Battle Trance","Clothesline"],"campfire_rested":0,"item_purchase_floors":[4,11,11],"current_hp_per_floor":[74,48,54,54,43,51,51,58,58,56,56,56,24,26,26,0],"gold":69,"neow_bonus":"THREE_ENEMY_KILL","is_prod":false,"is_daily":false,"chose_seed":false,"campfire_upgraded":3,"win_rate":0,"timestamp":1556708424,"path_taken":["M","?","M","$","?","E","R","M","T","M","$","R","E","M","R","BOSS"],"build_version":"2019-01-23","purchased_purges":1,"victory":false,"max_hp_per_floor":[75,75,75,75,75,77,77,79,79,79,79,79,81,81,81,81],"card_choices":[{"not_picked":["Anger","Sentinel"],"picked":"Thunderclap","floor":1},{"not_picked":["Clash","Clothesline"],"picked":"Uppercut","floor":3},{"not_picked":["Clothesline","Headbutt","Sword Boomerang"],"picked":"Singing Bowl","floor":6},{"not_picked":["Pommel Strike","Headbutt","Twin Strike"],"picked":"Singing Bowl","floor":8},{"not_picked":["Fire Breathing","Burning Pact"],"picked":"Shrug It Off","floor":10},{"not_picked":["Infernal Blade","Warcry","Heavy Blade"],"picked":"Singing Bowl","floor":13},{"not_picked":["Dual Wield","Feel No Pain"],"picked":"Barricade","floor":14}],"player_experience":3536903,"relics_obtained":[{"floor":6,"key":"Bottled Lightning"},{"floor":9,"key":"Bag of Marbles"},{"floor":13,"key":"Vajra"}],"event_choices":[{"damage_healed":0,"gold_gain":0,"player_choice":"Success","damage_taken":26,"relics_obtained":["Singing Bowl"],"max_hp_gain":0,"max_hp_loss":0,"event_name":"Scrap Ooze","floor":2,"gold_loss":0},{"damage_healed":0,"gold_gain":75,"player_choice":"Gather Gold","damage_taken":11,"max_hp_gain":0,"max_hp_loss":0,"event_name":"World of Goop","floor":5,"gold_loss":0}],"is_beta":false,"boss_relics":[],"items_purged_floors":[4],"is_endless":false,"potions_floor_spawned":[3,6,14],"killed_by":"Hexaghost","ascension_level":20}