{"path_per_floor":["M","?","M","?","M","R","?","?","T","R","T","M","R","M","R","B",null,"M","M","$","$","M"],"character_chosen":"THE_SILENT","items_purchased":["Bottled Flame"],"gold_per_floor":[109,109,123,73,92,92,92,92,138,138,163,173,173,187,187,288,288,303,318,4,4,22],"floor_reached":23,"campfire_rested":0,"playtime":1660,"current_hp_per_floor":[63,68,64,64,64,64,51,51,51,51,51,54,54,54,54,64,65,64,49,49,49,38],"items_purged":["Strike_G"],"gold":22,"score":272,"play_id":"a4a62e60-f20b-42db-be52-7a0e892fc9bd","is_prod":false,"is_daily":false,"is_ascension_mode":true,"campfire_upgraded":4,"path_taken":["M","?","M","?","M","R","?","?","T","R","?","M","R","M","R","BOSS","M","?","?","$","M","E"],"build_version":"2018-02-08-PROD1","purchased_purges":1,"victory":false,"master_deck":["Defend_G","Defend_G","Defend_G","Defend_G+1","Defend_G","Strike_G","Strike_G","Strike_G+1","Survivor","Neutralize+1","Dash","Dagger Spray+1","Unload+1","A Thousand Cuts+1","Burst","PiercingWail","Bouncing Flask"],"max_hp_per_floor":[63,68,68,65,65,65,65,65,65,65,65,65,65,65,65,65,65,65,65,65,65,65],"relics":["Ring of the Snake","Sundial","Omamori","Bag of Preparation","Sozu","Bottled Flame"],"card_choices":[{"not_picked":["Poisoned Stab","Slice"],"picked":"Dash"},{"not_picked":["Prepared","Riddle With Holes"],"picked":"Dagger Spray"},{"not_picked":["PiercingWail","Dagger Spray"],"picked":"A Thousand Cuts"},{"not_picked":["Doppelganger","Wraith Form"],"picked":"Burst"},{"not_picked":["Blade Dance","Poisoned Stab"],"picked":"PiercingWail"},{"not_picked":["Underhanded Strike","Outmaneuver"],"picked":"Bouncing Flask"}],"player_experience":673095,"potions_floor_usage":[12,16,16],"damage_taken":[{"damage":0,"enemies":"2 Louse","floor":1,"turns":4},{"damage":4,"enemies":"Small Slimes","floor":3,"turns":4},{"damage":0,"enemies":"Jaw Worm","floor":5,"turns":4},{"damage":3,"enemies":"Looter","floor":12,"turns":3},{"damage":0,"enemies":"3 Louse","floor":14,"turns":2},{"damage":5,"enemies":"The Guardian","floor":16,"turns":10},{"damage":1,"enemies":"Chosen","floor":18,"turns":5},{"damage":15,"enemies":"Spheric Guardian","floor":19,"turns":5},{"damage":11,"enemies":"Snake Plant","floor":22,"turns":5},{"damage":39,"enemies":"Slavers","floor":23,"turns":4}],"event_choices":[{"event_name":"Big Fish","player_choice":"Donut","floor":2,"damage_taken":0},{"event_name":"The Cleric","player_choice":"Card Removal","floor":4,"damage_taken":0},{"event_name":"Shining Light","player_choice":"Entered Light","floor":7,"damage_taken":0},{"event_name":"Living Wall","player_choice":"Change","floor":8,"damage_taken":0}],"boss_relics":[{"not_picked":["Calling Bell","Philosopher\u0027s Stone"],"picked":"Sozu"}],"potions_floor_spawned":[3,12,14,16,18,19],"seed_played":"4375136358686237200","killed_by":"Slavers","ascension_level":10,"is_trial":false}