{"gold_per_floor":[114,189,189,42,57,87,102,102,177,177,192,192,192,207,207,307,307,322,421,421,171,171,186,186,36,36,36,66,66,66,96,96,196,196,211,211,21,21,36,66,66,96,96,96,16,16,91,34,34,34],"floor_reached":51,"playtime":3252,"items_purged":[],"score":783,"play_id":"81b813ab-67b0-4478-a07b-fca9ca1c743e","local_time":"20181125221111","daily_mods":["Draft","Green Cards","Night Terrors"],"is_ascension_mode":false,"campfire_choices":[{"data":"Entrench","floor":10,"key":"SMITH"},{"data":"Body Slam","floor":12,"key":"SMITH"},{"data":"Caltrops","floor":15,"key":"SMITH"},{"data":"Bouncing Flask","floor":24,"key":"SMITH"},{"data":"After Image","floor":27,"key":"SMITH"},{"data":"Night Terror","floor":30,"key":"SMITH"},{"data":"Battle Trance","floor":32,"key":"SMITH"},{"data":"Footwork","floor":41,"key":"SMITH"},{"data":"Burst","floor":44,"key":"SMITH"},{"data":"Inflame","floor":49,"key":"SMITH"}],"neow_cost":"","seed_source_timestamp":0,"circlet_count":0,"master_deck":["Cleave","Seeing Red","Cloak And Dagger","Shrug It Off","Thunderclap","Shockwave","Anger","Sucker Punch","Flame Barrier","Sucker Punch","Bouncing Flask+1","Backflip","Entrench+1","After Image+1","Night Terror+1","Body Slam+1","Caltrops+1","After Image+1","Venomology","PiercingWail+1","Burst+1","Predator+1","Whirlwind+1","Footwork+1","Spot Weakness+1","Dash+1","Glass Knife+1","Inflame+1"],"special_seed":17861,"relics":["Black Blood","Torii","Dodecahedron","Anchor","Shuriken","Happy Flower","Darkstone Periapt","Molten Egg 2","Prayer Wheel","Philosopher\u0027s Stone","Vajra","Ginger","Pen Nib","Charon\u0027s Ashes","Sundial","Juzu Bracelet"],"potions_floor_usage":[16,18,28,33,33,33,35,39,40,40,40,50,50,50,50],"damage_taken":[{"damage":1,"enemies":"Jaw Worm","floor":1,"turns":3},{"damage":0,"enemies":"Small Slimes","floor":5,"turns":3},{"damage":13,"enemies":"Gremlin Nob","floor":6,"turns":5},{"damage":0,"enemies":"Cultist","floor":7,"turns":3},{"damage":0,"enemies":"3 Louse","floor":11,"turns":2},{"damage":0,"enemies":"Blue Slaver","floor":14,"turns":2},{"damage":0,"enemies":"Hexaghost","floor":16,"turns":5},{"damage":1,"enemies":"3 Byrds","floor":18,"turns":3},{"damage":0,"enemies":"Chosen","floor":23,"turns":4},{"damage":1,"enemies":"Book of Stabbing","floor":28,"turns":5},{"damage":1,"enemies":"Slavers","floor":31,"turns":4},{"damage":14,"enemies":"Champ","floor":33,"turns":12},{"damage":0,"enemies":"Orb Walker","floor":35,"turns":3},{"damage":1,"enemies":"3 Shapes","floor":39,"turns":10},{"damage":17,"enemies":"Reptomancer","floor":40,"turns":3},{"damage":8,"enemies":"Nemesis","floor":42,"turns":7},{"damage":57,"enemies":"Donu and Deca","floor":50,"turns":10}],"seed_played":"2208909226948052385","potions_obtained":[{"floor":3,"key":"SmokeBomb"},{"floor":3,"key":"Explosive Potion"},{"floor":3,"key":"Ancient Potion"},{"floor":6,"key":"SpeedPotion"},{"floor":11,"key":"AttackPotion"},{"floor":16,"key":"SteroidPotion"},{"floor":33,"key":"Block Potion"}],"is_trial":false,"path_per_floor":["M","?","?","$","M","E","M","?","T","R","M","R","T","M","R","B",null,"M","?","?","$","?","M","R","$","T","R","E","?","R","E","R","B",null,"M","?","$","?","M","E","R","E","T","R","$","?","T","?","R","B",null],"character_chosen":"IRONCLAD","items_purchased":["After Image","Shuriken","Happy Flower","Footwork","Vajra","Inflame"],"campfire_rested":0,"item_purchase_floors":[4,21,25,37,37,45],"current_hp_per_floor":[80,69,69,69,75,68,74,74,74,74,80,80,80,80,80,80,80,80,80,80,80,80,80,80,80,80,80,80,80,80,80,80,76,80,80,80,80,80,80,73,73,75,75,75,75,75,75,75,75,28],"gold":34,"neow_bonus":"","is_prod":false,"is_daily":true,"chose_seed":false,"campfire_upgraded":10,"win_rate":0,"timestamp":1543201871,"path_taken":["M","?","?","$","M","E","?","?","T","R","M","R","?","M","R","BOSS","M","?","?","$","?","?","R","$","T","R","E","?","R","E","R","BOSS","M","?","$","?","M","E","R","E","T","R","$","?","?","?","R","BOSS"],"build_version":"2018-11-15","purchased_purges":0,"victory":true,"max_hp_per_floor":[80,80,80,80,80,80,80,80,80,80,80,80,80,80,80,80,80,80,80,80,80,80,80,80,80,80,80,80,80,80,80,80,80,80,80,80,80,80,80,80,80,80,80,80,80,76,76,76,76,76],"card_choices":[{"not_picked":["True Grit","Infinite Blades"],"picked":"Cleave","floor":0},{"not_picked":["Clash","Wild Strike"],"picked":"Seeing Red","floor":0},{"not_picked":["Flex","Outmaneuver"],"picked":"Dodge and Roll","floor":0},{"not_picked":["Noxious Fumes","Heel Hook"],"picked":"Cloak And Dagger","floor":0},{"not_picked":["Backflip","Wild Strike"],"picked":"Shrug It Off","floor":0},{"not_picked":["Disarm","All Out Attack"],"picked":"Thunderclap","floor":0},{"not_picked":["Cloak And Dagger","Underhanded Strike"],"picked":"Flame Barrier","floor":0},{"not_picked":["Headbutt","Intimidate"],"picked":"Shockwave","floor":0},{"not_picked":["Bane","Accuracy"],"picked":"Anger","floor":0},{"not_picked":["Twin Strike","Prepared"],"picked":"Sucker Punch","floor":0},{"not_picked":["Expertise","Concentrate"],"picked":"Flame Barrier","floor":0},{"not_picked":["Sword Boomerang","Quick Slash"],"picked":"Sucker Punch","floor":0},{"not_picked":["Thunderclap","Dagger Spray"],"picked":"Endless Agony","floor":0},{"not_picked":["Perfected Strike","True Grit"],"picked":"Bouncing Flask","floor":0},{"not_picked":["Clothesline","Spot Weakness"],"picked":"Backflip","floor":0},{"not_picked":["Wild Strike","Pommel Strike"],"picked":"Entrench","floor":1},{"not_picked":["Warcry","Accuracy","Dagger Spray"],"picked":"SKIP","floor":5},{"not_picked":["Iron Wave","Bane"],"picked":"Night Terror","floor":6},{"not_picked":["Infernal Blade","Dodge and Roll","Choke"],"picked":"SKIP","floor":7},{"not_picked":["Corruption","Endless Agony"],"picked":"Body Slam","floor":11},{"not_picked":["Armaments","Twin Strike"],"picked":"Caltrops","floor":14},{"not_picked":["Offering","Tools of the Trade"],"picked":"After Image","floor":16},{"not_picked":["Endless Agony","Twin Strike","Cleave"],"picked":"SKIP","floor":18},{"not_picked":["Endless Agony","Twin Strike","Cleave"],"picked":"SKIP","floor":18},{"not_picked":["Pommel Strike","Dagger Spray","Heavy Blade"],"picked":"SKIP","floor":23},{"not_picked":["Cleave","Sucker Punch"],"picked":"PiercingWail+1","floor":28},{"not_picked":["Prepared","Flame Barrier","Tools of the Trade"],"picked":"SKIP","floor":31},{"not_picked":["Dark Embrace","Doppelganger"],"picked":"Burst","floor":33},{"not_picked":["Cloak And Dagger","Dagger Throw+1"],"picked":"Predator+1","floor":35},{"not_picked":["Flex","Thunderclap+1"],"picked":"Whirlwind+1","floor":35},{"not_picked":["Quick Slash+1","Clash+1"],"picked":"Spot Weakness+1","floor":39},{"not_picked":["Thunderclap+1","Rage+1"],"picked":"Dash+1","floor":39},{"not_picked":["Metallicize","Heavy Blade+1"],"picked":"Glass Knife+1","floor":40},{"not_picked":["Infinite Blades","Carnage+1","Brutality"],"picked":"SKIP","floor":42}],"player_experience":2501183,"relics_obtained":[{"floor":6,"key":"Torii"},{"floor":9,"key":"Dodecahedron"},{"floor":13,"key":"Anchor"},{"floor":26,"key":"Darkstone Periapt"},{"floor":28,"key":"Molten Egg 2"},{"floor":31,"key":"Prayer Wheel"},{"floor":40,"key":"Ginger"},{"floor":42,"key":"Pen Nib"},{"floor":43,"key":"Charon\u0027s Ashes"},{"floor":47,"key":"Sundial"}],"event_choices":[{"damage_healed":0,"gold_gain":75,"player_choice":"Gather Gold","damage_taken":11,"max_hp_gain":0,"max_hp_loss":0,"event_name":"World of Goop","floor":2,"gold_loss":0},{"damage_healed":0,"gold_gain":0,"player_choice":"Got Potions","damage_taken":0,"max_hp_gain":0,"max_hp_loss":0,"event_name":"Lab","floor":3,"gold_loss":0},{"damage_healed":0,"gold_gain":0,"player_choice":"Grow","damage_taken":0,"max_hp_gain":0,"max_hp_loss":0,"event_name":"Living Wall","floor":8,"gold_loss":0,"cards_upgraded":["After Image"]},{"damage_healed":0,"gold_gain":99,"player_choice":"Stole From Cult","damage_taken":0,"max_hp_gain":0,"max_hp_loss":0,"event_name":"Nest","floor":19,"gold_loss":0},{"damage_healed":0,"gold_gain":0,"cards_transformed":["Flame Barrier","Endless Agony"],"player_choice":"Became Test Subject","damage_taken":0,"max_hp_gain":0,"max_hp_loss":0,"event_name":"Drug Dealer","floor":20,"gold_loss":0,"cards_obtained":["Battle Trance","Venomology"]},{"cards_removed":["Dodge and Roll"],"damage_healed":0,"gold_gain":0,"player_choice":"Elegance","damage_taken":0,"max_hp_gain":0,"max_hp_loss":0,"event_name":"Back to Basics","floor":22,"gold_loss":0},{"damage_healed":0,"gold_gain":0,"player_choice":"Ignored","damage_taken":0,"max_hp_gain":0,"max_hp_loss":0,"event_name":"Tomb of Lord Red Mask","floor":36,"gold_loss":0},{"cards_removed":["Battle Trance"],"damage_healed":0,"gold_gain":0,"player_choice":"Removed Skill","damage_taken":0,"max_hp_gain":0,"max_hp_loss":0,"event_name":"Falling","floor":38,"gold_loss":0},{"damage_healed":0,"gold_gain":0,"player_choice":"Max HP","damage_taken":0,"max_hp_gain":0,"max_hp_loss":4,"event_name":"Winding Halls","floor":46,"gold_loss":0},{"damage_healed":0,"gold_gain":0,"player_choice":"Paid Gold","damage_taken":0,"relics_obtained":["Juzu Bracelet"],"max_hp_gain":0,"max_hp_loss":0,"event_name":"WeMeetAgain","floor":48,"gold_loss":57}],"is_beta":false,"boss_relics":[{"not_picked":["Tiny House","Runic Cube"],"picked":"Black Blood"},{"not_picked":["Astrolabe","Orrery"],"picked":"Philosopher\u0027s Stone"}],"items_purged_floors":[],"is_endless":false,"potions_floor_spawned":[6,11,16,23,33,39,42],"ascension_level":0}