{"gold_per_floor":[109,169,186,203,220,248,248,523,549,583,583,174,189,222,222,293,293,313,9,36,52,52,52,62,62,62,78,90,103,103,114,114,193,193,213,224,224,10,10,10,0,0,23,42,53,53,71,83,83,83],"floor_reached":51,"playtime":5814,"items_purged":["Regret","Strike_B"],"score":1205,"play_id":"bb225a81-4d5a-4d61-ac6a-9f051d05d3d6","local_time":"20190411112656","is_ascension_mode":true,"campfire_choices":[{"floor":7,"key":"REST"},{"floor":11,"key":"REST"},{"floor":15,"key":"REST"},{"data":"Hyperbeam","floor":23,"key":"SMITH"},{"floor":25,"key":"REST"},{"floor":32,"key":"REST"},{"floor":40,"key":"REST"},{"floor":42,"key":"RECALL"},{"floor":46,"key":"REST"},{"floor":49,"key":"REST"}],"neow_cost":"NONE","seed_source_timestamp":139432307840246,"circlet_count":0,"master_deck":["AscendersBane","Strike_B+1","Defend_B","Defend_B","Defend_B","Zap+1","Dualcast","Sunder+1","Reinforced Body","Double Energy","Cold Snap","Consume","FTL","Doom and Gloom","Skim","Conserve Battery","Steam Power","Self Repair","Echo Form","Go for the Eyes","Echo Form","Hyperbeam+1","Turbo","Steam+1","Genetic Algorithm+1","Reinforced Body","Lockon","Meteor Strike","Seek","Hologram","Apotheosis","Flash of Steel","Mayhem","Chill","Stack","Barrage","Secret Technique","Double Energy","Stack+1","Parasite","Heatsinks+1","Coolheaded+1"],"relics":["Cracked Core","Centennial Puzzle","Happy Flower","Whetstone","Membership Card","Mummified Hand","Inserter","DollysMirror","Cables","Vajra","Bottled Flame","Fusion Hammer","Red Mask","Oddly Smooth Stone"],"potions_floor_usage":[6,16,18,27,35,44,47,50,50],"damage_taken":[{"damage":7,"enemies":"Small Slimes","floor":1,"turns":3},{"damage":4,"enemies":"Jaw Worm","floor":3,"turns":3},{"damage":0,"enemies":"Cultist","floor":4,"turns":3},{"damage":4,"enemies":"Large Slime","floor":5,"turns":4},{"damage":19,"enemies":"Lagavulin","floor":6,"turns":6},{"damage":36,"enemies":"Gremlin Nob","floor":10,"turns":4},{"damage":2,"enemies":"Red Slaver","floor":13,"turns":2},{"damage":9,"enemies":"3 Sentries","floor":14,"turns":8},{"damage":17,"enemies":"Hexaghost","floor":16,"turns":12},{"damage":8,"enemies":"3 Byrds","floor":18,"turns":2},{"damage":0,"enemies":"Chosen","floor":21,"turns":4},{"damage":38,"enemies":"Shelled Parasite and Fungi","floor":24,"turns":3},{"damage":15,"enemies":"Snake Plant","floor":27,"turns":4},{"damage":11,"enemies":"Centurion and Healer","floor":28,"turns":6},{"damage":27,"enemies":"Cultist and Chosen","floor":29,"turns":6},{"damage":10,"enemies":"Snake Plant","floor":31,"turns":4},{"damage":20,"enemies":"Champ","floor":33,"turns":12},{"damage":0,"enemies":"Orb Walker","floor":35,"turns":3},{"damage":3,"enemies":"3 Shapes","floor":36,"turns":9},{"damage":0,"enemies":"Sphere and 2 Shapes","floor":44,"turns":6},{"damage":9,"enemies":"4 Shapes","floor":45,"turns":4},{"damage":41,"enemies":"Writhing Mass","floor":47,"turns":6},{"damage":9,"enemies":"3 Darklings","floor":48,"turns":5},{"damage":21,"enemies":"Awakened One","floor":50,"turns":16}],"seed_played":"-2289028702024955580","potions_obtained":[{"floor":1,"key":"Poison Potion"},{"floor":3,"key":"LiquidBronze"},{"floor":4,"key":"Weak Potion"},{"floor":10,"key":"LiquidBronze"},{"floor":21,"key":"SteroidPotion"},{"floor":24,"key":"Fire Potion"},{"floor":28,"key":"FairyPotion"},{"floor":36,"key":"Explosive Potion"},{"floor":45,"key":"SpeedPotion"},{"floor":48,"key":"FearPotion"}],"is_trial":false,"path_per_floor":["M","?","M","M","M","E","R","?","T","E","R","$","M","E","R","B",null,"M","$","T","M","?","R","M","R","T","M","M","M","?","M","R","B",null,"M","M","?","$","?","R","?","R","T","M","M","R","M","M","R","B",null],"character_chosen":"DEFECT","items_purchased":["Membership Card","Doom and Gloom","PowerPotion","Skim","Conserve Battery","DollysMirror","Cables","Chill","Stack","Barrage","Secret Technique","Swift Potion"],"campfire_rested":8,"item_purchase_floors":[12,12,12,12,12,19,19,38,38,38,38,38],"current_hp_per_floor":[57,57,53,53,49,30,51,51,51,15,36,36,34,25,46,36,62,61,61,61,71,71,71,40,61,61,53,56,36,36,40,61,55,67,71,71,61,61,61,71,71,71,71,71,71,71,40,41,62,51],"gold":83,"neow_bonus":"UPGRADE_CARD","is_prod":false,"is_daily":false,"chose_seed":false,"campfire_upgraded":1,"win_rate":0,"timestamp":1554996416,"path_taken":["M","?","M","M","M","E","R","?","T","E","R","$","M","E","R","BOSS","M","$","?","M","?","R","?","R","T","?","M","M","?","M","R","BOSS","M","M","?","$","?","R","?","R","T","?","?","R","M","M","R","BOSS"],"build_version":"2019-01-23","purchased_purges":2,"victory":true,"max_hp_per_floor":[71,71,71,71,71,71,71,71,71,71,71,71,71,71,71,71,71,71,71,71,71,71,71,71,71,71,71,71,71,71,71,71,71,71,71,71,71,71,71,71,71,71,71,71,71,71,71,71,71,71],"card_choices":[{"not_picked":["Hologram","Rebound"],"picked":"Sunder","floor":1},{"not_picked":["Heatsinks","Rebound"],"picked":"Reinforced Body","floor":3},{"not_picked":["Redo","Go for the Eyes"],"picked":"Double Energy","floor":4},{"not_picked":["Streamline","Rebound"],"picked":"Cold Snap","floor":5},{"not_picked":["Biased Cognition","Melter"],"picked":"Consume","floor":6},{"not_picked":["Ball Lightning","Streamline"],"picked":"FTL","floor":10},{"not_picked":["Rebound","Melter"],"picked":"Steam Power","floor":13},{"not_picked":["Streamline","Auto Shields"],"picked":"Self Repair","floor":14},{"not_picked":["All For One","Biased Cognition"],"picked":"Echo Form","floor":16},{"not_picked":["Compile Driver","Stack"],"picked":"Go for the Eyes","floor":18},{"not_picked":["Tempest","Ball Lightning+1","Gash"],"picked":"SKIP","floor":21},{"not_picked":["Redo","Ball Lightning"],"picked":"Turbo","floor":24},{"not_picked":["Turbo","Doom and Gloom","Melter+1"],"picked":"SKIP","floor":27},{"not_picked":["Recycle","Stack"],"picked":"Steam+1","floor":28},{"not_picked":["Melter","Go for the Eyes"],"picked":"Genetic Algorithm+1","floor":29},{"not_picked":["Beam Cell","Darkness+1"],"picked":"Meteor Strike","floor":31},{"not_picked":["Core Surge","Multi-Cast"],"picked":"Seek","floor":33},{"not_picked":["Auto Shields","Gash","Conserve Battery"],"picked":"SKIP","floor":35},{"not_picked":["Rebound","Turbo"],"picked":"Hologram","floor":36},{"not_picked":["Enlightenment","Jack Of All Trades"],"picked":"Apotheosis","floor":37},{"not_picked":["Jack Of All Trades","Dramatic Entrance"],"picked":"Flash of Steel","floor":37},{"not_picked":["Forethought","Bandage Up"],"picked":"Mayhem","floor":37},{"not_picked":["Storm","Darkness"],"picked":"Double Energy","floor":44},{"not_picked":["Ball Lightning","Sweeping Beam"],"picked":"Stack+1","floor":45},{"not_picked":["Scrape","Fusion"],"picked":"Heatsinks+1","floor":47},{"not_picked":["Steam","Redo"],"picked":"Coolheaded+1","floor":48}],"player_experience":3351620,"relics_obtained":[{"floor":6,"key":"Centennial Puzzle"},{"floor":9,"key":"Happy Flower"},{"floor":10,"key":"Whetstone"},{"floor":14,"key":"Mummified Hand"},{"floor":20,"key":"Vajra"},{"floor":26,"key":"Bottled Flame"},{"floor":43,"key":"Oddly Smooth Stone"}],"event_choices":[{"damage_healed":0,"gold_gain":60,"player_choice":"Gained Gold","damage_taken":0,"max_hp_gain":0,"max_hp_loss":0,"event_name":"Golden Wing","floor":2,"gold_loss":0},{"damage_healed":0,"gold_gain":275,"player_choice":"Desecrate","damage_taken":0,"max_hp_gain":0,"max_hp_loss":0,"event_name":"Golden Shrine","floor":8,"gold_loss":0,"cards_obtained":["Regret"]},{"damage_healed":0,"gold_gain":0,"cards_transformed":["Strike_B"],"player_choice":"Transformed","damage_taken":0,"max_hp_gain":0,"max_hp_loss":0,"event_name":"Transmorgrifier","floor":22,"gold_loss":0,"cards_obtained":["Hyperbeam"]},{"damage_healed":0,"gold_gain":0,"cards_transformed":["Strike_B","Defend_B"],"player_choice":"Became Test Subject","damage_taken":0,"max_hp_gain":0,"max_hp_loss":0,"event_name":"Drug Dealer","floor":30,"gold_loss":0,"cards_obtained":["Reinforced Body","Lockon"]},{"damage_healed":0,"gold_gain":0,"player_choice":"Memory 3","damage_taken":10,"max_hp_gain":0,"max_hp_loss":0,"event_name":"SensoryStone","floor":37,"gold_loss":0},{"damage_healed":0,"gold_gain":0,"player_choice":"Ignored","damage_taken":0,"max_hp_gain":0,"max_hp_loss":0,"event_name":"Mysterious Sphere","floor":39,"gold_loss":0},{"damage_healed":0,"gold_gain":0,"player_choice":"Paid","damage_taken":0,"relics_obtained":["Red Mask"],"max_hp_gain":0,"max_hp_loss":0,"event_name":"Tomb of Lord Red Mask","floor":41,"gold_loss":10}],"is_beta":false,"boss_relics":[{"not_picked":["White Beast Statue","Coffee Dripper"],"picked":"Inserter"},{"not_picked":["Eternal Feather","Black Star"],"picked":"Fusion Hammer"}],"items_purged_floors":[12,19],"is_endless":false,"potions_floor_spawned":[1,3,4,10,21,24,28,36,45,48],"ascension_level":18}