{"gold_per_floor":[112,212,222,241,254,254,240,2,26,26,26,26,36,49,49,147,147,162,162,180,180,180,180,195,195,248,248,14,31,49,49,49,49],"floor_reached":33,"playtime":2959,"items_purged":[],"score":239,"play_id":"f5fc08e3-d6da-4c2d-8dbf-c7c5a4c35634","local_time":"20190629073716","is_ascension_mode":false,"campfire_choices":[{"data":"Armaments","floor":6.0,"key":"SMITH"},{"data":"Metallicize","floor":10.0,"key":"SMITH"},{"data":"Carnage","floor":15.0,"key":"SMITH"},{"floor":23.0,"key":"REST"},{"floor":25.0,"key":"REST"},{"floor":27.0,"key":"REST"},{"data":"Shockwave","floor":32,"key":"SMITH"}],"neow_cost":"","seed_source_timestamp":0,"circlet_count":0,"master_deck":["Strike_R","Strike_R","Strike_R","Strike_R","Defend_R","Defend_R","Defend_R","Defend_R","Bash","Metallicize+1","Sword Boomerang","Flame Barrier","Armaments+1","Ghostly Armor","Double Tap","Iron Wave","Carnage+1","Bludgeon","Shrug It Off+1","Metallicize","RitualDagger","Whirlwind","Dark Shackles","Armaments","Shockwave+1","Dark Shackles"],"special_seed":0,"relics":["Burning Blood","Matryoshka","Red Skull","Blood Vial","Mark of Pain","Anchor","Letter Opener","Strawberry","Juzu Bracelet"],"potions_floor_usage":[],"damage_taken":[{"damage":16.0,"enemies":"2 Louse","floor":1.0,"turns":3.0},{"damage":3.0,"enemies":"Cultist","floor":3.0,"turns":3.0},{"damage":1.0,"enemies":"Jaw Worm","floor":4.0,"turns":4.0},{"damage":0.0,"enemies":"Large Slime","floor":5.0,"turns":5.0},{"damage":6.0,"enemies":"Exordium Thugs","floor":7.0,"turns":6.0},{"damage":20.0,"enemies":"Gremlin Gang","floor":13.0,"turns":6.0},{"damage":0.0,"enemies":"Blue Slaver","floor":14.0,"turns":5.0},{"damage":40.0,"enemies":"The Guardian","floor":16.0,"turns":13.0},{"damage":0.0,"enemies":"Chosen","floor":18.0,"turns":3.0},{"damage":62.0,"enemies":"3 Byrds","floor":20.0,"turns":7.0},{"damage":20.0,"enemies":"3 Cultists","floor":24.0,"turns":6.0},{"damage":0.0,"enemies":"Chosen and Byrds","floor":29.0,"turns":4.0},{"damage":1,"enemies":"Snake Plant","floor":30,"turns":3},{"damage":76,"enemies":"Champ","floor":33,"turns":15}],"seed_played":"4038128667913541969","potions_obtained":[{"floor":1.0,"key":"Block Potion"},{"floor":4.0,"key":"FearPotion"},{"floor":7.0,"key":"PowerPotion"},{"floor":18.0,"key":"Explosive Potion"},{"floor":30,"key":"Strength Potion"}],"is_trial":false,"path_per_floor":["M","?","M","M","M","R","M","$","T","R","$","?","M","M","R","B",null,"M","$","M","T","?","R","M","R","T","R","$","M","M","?","R","B"],"character_chosen":"IRONCLAD","items_purchased":["Matryoshka","Dark Shackles","Juzu Bracelet"],"campfire_rested":3,"item_purchase_floors":[8,28,28],"current_hp_per_floor":[70,70,73,78,80,80,80,80,80,80,80,80,66,74,74,42,80,80,80,24,24,18,42,30,54,61,87,87,87,87,71,71,0],"gold":49,"neow_bonus":"","is_prod":false,"is_daily":false,"chose_seed":false,"campfire_upgraded":4,"win_rate":0.0,"timestamp":1561815436,"path_taken":["M","?","M","M","?","R","M","$","T","R","?","?","M","?","R","BOSS","M","$","M","?","?","R","M","R","T","R","?","M","M","?","R","BOSS"],"build_version":"2019-01-23","purchased_purges":0,"victory":false,"max_hp_per_floor":[80,80,80,80,80,80,80,80,80,80,80,80,80,80,80,80,80,80,80,80,80,80,80,80,80,87,87,87,87,87,87,87,87],"card_choices":[{"not_picked":["Infernal Blade","Battle Trance"],"picked":"Metallicize","floor":1.0},{"not_picked":["Combust","Body Slam"],"picked":"Sword Boomerang","floor":3.0},{"not_picked":["Feel No Pain","Headbutt"],"picked":"Flame Barrier","floor":4.0},{"not_picked":["Pommel Strike","Whirlwind"],"picked":"Armaments","floor":5.0},{"not_picked":["Body Slam","True Grit"],"picked":"Ghostly Armor","floor":7.0},{"not_picked":["Feel No Pain","Clash"],"picked":"Iron Wave","floor":13.0},{"not_picked":["Shrug It Off","Clothesline"],"picked":"Carnage","floor":14.0},{"not_picked":["Dark Embrace","Juggernaut"],"picked":"Bludgeon","floor":16.0},{"not_picked":["Clash+1","Armaments"],"picked":"Shrug It Off+1","floor":18.0},{"not_picked":["Inflame","Twin Strike"],"picked":"Metallicize","floor":20.0},{"not_picked":["Sword Boomerang+1","Entrench"],"picked":"Whirlwind","floor":24.0},{"not_picked":["Blood for Blood","Perfected Strike"],"picked":"Armaments","floor":29},{"not_picked":["Rampage","Clothesline"],"picked":"Shockwave","floor":30}],"player_experience":0,"relics_obtained":[{"floor":9.0,"key":"Red Skull"},{"floor":9.0,"key":"Blood Vial"},{"floor":21.0,"key":"Anchor"},{"floor":21.0,"key":"Letter Opener"},{"floor":26.0,"key":"Strawberry"}],"event_choices":[{"damage_healed":0.0,"max_hp_gain":0.0,"max_hp_loss":0.0,"gold_gain":100.0,"event_name":"Golden Shrine","player_choice":"Pray","floor":2.0,"gold_loss":0.0,"damage_taken":0.0},{"damage_healed":0.0,"max_hp_gain":0.0,"max_hp_loss":0.0,"gold_gain":0.0,"cards_transformed":["Strike_R"],"event_name":"Transmorgrifier","player_choice":"Transformed","floor":12.0,"gold_loss":0.0,"damage_taken":0.0,"cards_obtained":["Double Tap"]},{"damage_healed":0.0,"max_hp_gain":0.0,"max_hp_loss":0.0,"gold_gain":0.0,"event_name":"Nest","player_choice":"Joined the Cult","floor":22.0,"gold_loss":0.0,"damage_taken":6.0,"cards_obtained":["RitualDagger"]},{"damage_healed":0,"gold_gain":0,"player_choice":"CARD ","damage_taken":16,"max_hp_gain":0,"max_hp_loss":0,"event_name":"Knowing Skull","floor":31,"potions_obtained":[],"gold_loss":0,"cards_obtained":["Dark Shackles"]}],"is_beta":false,"boss_relics":[{"not_picked":["Fusion Hammer","White Beast Statue"],"picked":"Mark of Pain"}],"items_purged_floors":[],"is_endless":false,"potions_floor_spawned":[1,4,7,18,30],"killed_by":"Champ","ascension_level":0}