{"gold_per_floor":[116,116,33,53,18,45,45,61,111,141,141,152,152,169,169,245,245,259,31,35,49,49,49,49],"floor_reached":24,"playtime":1320,"items_purged":["Strike_B"],"score":427,"play_id":"5a90c212-b669-41b9-9ed7-1c30365a460d","local_time":"20190402114741","is_ascension_mode":true,"campfire_choices":[{"data":"White Noise","floor":11,"key":"SMITH"},{"data":"Gash","floor":13,"key":"SMITH"},{"data":"Hologram","floor":15,"key":"SMITH"},{"floor":23,"key":"REST"}],"neow_cost":"NONE","seed_source_timestamp":209834495742968,"circlet_count":0,"master_deck":["AscendersBane","Strike_B","Strike_B","Defend_B","Defend_B","Defend_B","Defend_B","Zap","Dualcast","Steam","Consume","Capacitor","Gash+1","Tempest","Genetic Algorithm","White Noise+1","Sweeping Beam","Hologram+1","Seek","Fusion","Dark Shackles","Glacier","Glacier"],"relics":["FrozenCore","NeowsBlessing","Boot","StoneCalendar","Bag of Preparation","Letter Opener"],"potions_floor_usage":[16,18,21,24],"damage_taken":[{"damage":0,"enemies":"Small Slimes","floor":1,"turns":1},{"damage":0,"enemies":"Cultist","floor":4,"turns":1},{"damage":0,"enemies":"Lagavulin","floor":6,"turns":1},{"damage":2,"enemies":"2 Louse","floor":8,"turns":2},{"damage":32,"enemies":"Gremlin Nob","floor":10,"turns":4},{"damage":0,"enemies":"Looter","floor":12,"turns":2},{"damage":1,"enemies":"2 Fungi Beasts","floor":14,"turns":3},{"damage":29,"enemies":"Slime Boss","floor":16,"turns":6},{"damage":10,"enemies":"3 Byrds","floor":18,"turns":4},{"damage":18,"enemies":"2 Thieves","floor":20,"turns":4},{"damage":11,"enemies":"Centurion and Healer","floor":21,"turns":9},{"damage":52,"enemies":"3 Cultists","floor":24,"turns":5}],"seed_played":"6876698013892201130","potions_obtained":[{"floor":10,"key":"SteroidPotion"},{"floor":12,"key":"SteroidPotion"},{"floor":14,"key":"Regen Potion"},{"floor":16,"key":"PowerPotion"}],"is_trial":false,"path_per_floor":["M","?","$","M","?","E","?","M","T","E","R","M","R","M","R","B",null,"M","$","M","M","?","R","M"],"character_chosen":"DEFECT","items_purchased":["Capacitor","Dark Shackles","Block Potion"],"campfire_rested":1,"item_purchase_floors":[3,19,19],"current_hp_per_floor":[64,64,64,64,71,71,66,64,64,32,32,32,32,31,31,17,58,48,48,30,19,19,40,0],"gold":49,"neow_bonus":"THREE_ENEMY_KILL","is_prod":false,"is_daily":false,"chose_seed":false,"campfire_upgraded":3,"win_rate":0,"timestamp":1554220061,"path_taken":["M","?","?","M","?","E","?","M","T","E","R","M","R","M","R","BOSS","M","$","M","M","?","R","M"],"build_version":"2019-01-23","purchased_purges":1,"victory":false,"max_hp_per_floor":[71,71,71,71,71,71,71,71,71,71,71,71,71,71,71,71,71,71,71,71,71,71,71,71],"card_choices":[{"not_picked":["Rebound","Stack"],"picked":"Steam","floor":1},{"not_picked":["Hologram","Lockon"],"picked":"Gash","floor":4},{"not_picked":["Hologram","Recycle"],"picked":"Tempest","floor":6},{"not_picked":["Sweeping Beam","Seek"],"picked":"Genetic Algorithm","floor":8},{"not_picked":["Streamline","Go for the Eyes"],"picked":"White Noise","floor":10},{"not_picked":["FTL","Stack"],"picked":"Sweeping Beam","floor":12},{"not_picked":["Leap","Tempest"],"picked":"Hologram","floor":14},{"not_picked":["Rainbow","Amplify"],"picked":"Seek","floor":16},{"not_picked":["Compile Driver","Hologram"],"picked":"Fusion","floor":18},{"not_picked":["Genetic Algorithm","Darkness"],"picked":"Glacier","floor":20},{"not_picked":["Go for the Eyes","Tempest"],"picked":"Glacier","floor":21}],"player_experience":3300077,"relics_obtained":[{"floor":6,"key":"Boot"},{"floor":9,"key":"Bag of Preparation"},{"floor":10,"key":"Letter Opener"}],"event_choices":[{"damage_healed":0,"gold_gain":0,"cards_transformed":["Strike_B"],"player_choice":"Transformed","damage_taken":0,"max_hp_gain":0,"max_hp_loss":0,"event_name":"Transmorgrifier","floor":2,"gold_loss":0,"cards_obtained":["Consume"]},{"damage_healed":17,"gold_gain":0,"player_choice":"Healed","damage_taken":0,"max_hp_gain":0,"max_hp_loss":0,"event_name":"The Cleric","floor":5,"gold_loss":35},{"damage_healed":0,"gold_gain":0,"player_choice":"Success","damage_taken":5,"relics_obtained":["StoneCalendar"],"max_hp_gain":0,"max_hp_loss":0,"event_name":"Scrap Ooze","floor":7,"gold_loss":0},{"damage_healed":0,"gold_gain":0,"player_choice":"Ignored","damage_taken":0,"max_hp_gain":0,"max_hp_loss":0,"event_name":"Ghosts","floor":22,"gold_loss":0}],"is_beta":false,"boss_relics":[{"not_picked":["Runic Dome","Lizard Tail"],"picked":"FrozenCore"}],"items_purged_floors":[19],"is_endless":false,"potions_floor_spawned":[10,12,14,16],"killed_by":"3 Cultists","ascension_level":17}