{"gold_per_floor":[114,5,20,35,50,80,95,270,270,270,270,285,285,300,300,400,400,415,415,400,325,325,325,325],"floor_reached":24,"playtime":1394,"items_purged":["Strike_R"],"score":198,"play_id":"2b92ccaa-1e69-46df-a5d3-debbae7fe7cf","local_time":"20180730153451","daily_mods":["Diverse","Lethality","Terminal"],"is_ascension_mode":false,"campfire_choices":[{"data":"Sword Boomerang","floor":11,"key":"SMITH"},{"data":"Sword Boomerang","floor":13,"key":"SMITH"},{"data":"Bash","floor":15,"key":"SMITH"},{"floor":23,"key":"REST"}],"neow_cost":"","seed_source_timestamp":0,"circlet_count":0,"master_deck":["Strike_R","Strike_R","Strike_R","Strike_R","Defend_R","Defend_R","Defend_R","Defend_R","Bash+1","Blur","Sword Boomerang+1","Cold Snap","Sword Boomerang+1","Venomology","Conserve Battery","RitualDagger"],"special_seed":17742,"relics":["Burning Blood","Singing Bowl","Self Forming Clay","Runic Cube"],"potions_floor_usage":[5,16,16,16,18,24,24,24],"damage_taken":[{"damage":0,"enemies":"Cultist","floor":1,"turns":2},{"damage":0,"enemies":"Jaw Worm","floor":3,"turns":3},{"damage":0,"enemies":"2 Louse","floor":4,"turns":2},{"damage":0,"enemies":"Blue Slaver","floor":5,"turns":2},{"damage":4,"enemies":"Lagavulin","floor":6,"turns":5},{"damage":7,"enemies":"2 Fungi Beasts","floor":7,"turns":3},{"damage":8,"enemies":"3 Louse","floor":12,"turns":3},{"damage":4,"enemies":"Exordium Wildlife","floor":14,"turns":3},{"damage":11,"enemies":"The Guardian","floor":16,"turns":11},{"damage":43,"enemies":"3 Byrds","floor":18,"turns":5},{"damage":22,"enemies":"2 Thieves","floor":20,"turns":4},{"damage":51,"enemies":"Gremlin Leader","floor":24,"turns":6}],"seed_played":"3676121671515635212","potions_obtained":[{"floor":3,"key":"Energy Potion"},{"floor":4,"key":"SpeedPotion"},{"floor":7,"key":"SteroidPotion"},{"floor":12,"key":"LiquidBronze"},{"floor":14,"key":"Fire Potion"},{"floor":20,"key":"SkillPotion"}],"is_trial":false,"path_per_floor":["M","$","M","M","M","E","M","?","T","?","R","M","R","M","R","B",null,"M","?","M","?","?","R"],"character_chosen":"IRONCLAD","items_purchased":["Blur"],"campfire_rested":1,"item_purchase_floors":[2],"current_hp_per_floor":[78,77,76,75,74,75,74,73,72,76,75,75,75,76,75,70,73,36,30,16,16,16,37,0],"gold":325,"neow_bonus":"","is_prod":false,"is_daily":true,"chose_seed":false,"campfire_upgraded":3,"win_rate":0,"timestamp":1532979291,"path_taken":["M","$","M","M","M","E","M","?","T","?","R","M","R","M","R","BOSS","M","?","M","?","?","R","E"],"build_version":"2018-07-26","purchased_purges":1,"victory":false,"max_hp_per_floor":[78,77,76,75,74,75,74,73,72,76,75,76,75,76,75,74,73,72,71,72,71,70,69,69],"card_choices":[{"not_picked":["True Grit","Cloak And Dagger","Havoc"],"picked":"SKIP","floor":1},{"not_picked":["Bane","Power Through"],"picked":"Sword Boomerang","floor":3},{"not_picked":["Outmaneuver","Havoc","Blade Dance"],"picked":"SKIP","floor":4},{"not_picked":["Prepared","Shockwave"],"picked":"Cold Snap","floor":5},{"not_picked":["Hello World","Glass Knife","Slice"],"picked":"Singing Bowl","floor":6},{"not_picked":["Combust","Stack"],"picked":"Sword Boomerang","floor":7},{"not_picked":["Accuracy","Streamline","Gash"],"picked":"Singing Bowl","floor":12},{"not_picked":["Gash","Warcry","Burning Pact"],"picked":"Singing Bowl","floor":14},{"not_picked":["Offering","Electrodynamics"],"picked":"Venomology","floor":16},{"not_picked":["Wild Strike","Clash+1"],"picked":"Conserve Battery","floor":18},{"not_picked":["Compile Driver","Cold Snap","Dodge and Roll"],"picked":"Singing Bowl","floor":20}],"player_experience":1979035,"relics_obtained":[{"floor":6,"key":"Singing Bowl"},{"floor":9,"key":"Self Forming Clay"}],"event_choices":[{"event_name":"Liars Game","player_choice":"agreed","floor":8,"damage_taken":0},{"event_name":"Big Fish","player_choice":"Donut","floor":10,"damage_taken":0},{"event_name":"Nest","player_choice":"Joined the Cult","floor":19,"damage_taken":0},{"event_name":"Beggar","player_choice":"Gave Gold","floor":21,"damage_taken":0},{"event_name":"Drug Dealer","player_choice":"Ignored","floor":22,"damage_taken":0}],"is_beta":false,"boss_relics":[{"not_picked":["Orrery","Velvet Choker"],"picked":"Runic Cube"}],"items_purged_floors":[2],"is_endless":false,"potions_floor_spawned":[3,4,7,12,14,20],"killed_by":"Gremlin Leader","ascension_level":0}