{"gold_per_floor":[117,32,32,32,32,65,8,8,8,22,22,22,22,53,53,53],"floor_reached":16,"playtime":586,"items_purged":[],"score":208,"play_id":"cf187b12-9b69-4848-9c74-dbf5be1639b6","local_time":"20181121154904","is_ascension_mode":true,"campfire_choices":[{"floor":8,"key":"REST"},{"floor":13,"key":"REST"},{"data":"Bouncing Flask","floor":15,"key":"SMITH"}],"neow_cost":"NONE","seed_source_timestamp":667474887134001,"circlet_count":0,"master_deck":["AscendersBane","Defend_G","Defend_G","Defend_G","Defend_G","Defend_G","Strike_G","Strike_G","Strike_G","Strike_G","Strike_G","Survivor","Neutralize","Poisoned Stab","Dash","Bouncing Flask+1","Flying Knee","Deflect"],"relics":["Ring of the Snake","PreservedInsect","Ornamental Fan","Matryoshka","Vajra","Nunchaku"],"potions_floor_usage":[6,6,14,14,16,16],"damage_taken":[{"damage":8,"enemies":"2 Louse","floor":1,"turns":3},{"damage":53,"enemies":"Lagavulin","floor":6,"turns":9},{"damage":4,"enemies":"Small Slimes","floor":10,"turns":3},{"damage":6,"enemies":"3 Sentries","floor":14,"turns":4},{"damage":36,"enemies":"Hexaghost","floor":16,"turns":10}],"seed_played":"-8323923151082915875","potions_obtained":[{"floor":0,"key":"AttackPotion"},{"floor":0,"key":"AttackPotion"},{"floor":6,"key":"EntropicBrew"}],"is_trial":false,"path_per_floor":["M","$","?","?","$","E","$","R","T","M","?","T","R","E","R","B"],"character_chosen":"THE_SILENT","items_purchased":["Dash","Fire Potion"],"campfire_rested":2,"item_purchase_floors":[2,7],"current_hp_per_floor":[51,51,51,56,56,3,3,24,24,20,20,20,41,35,35,0],"gold":53,"neow_bonus":"THREE_SMALL_POTIONS","is_prod":false,"is_daily":false,"chose_seed":false,"campfire_upgraded":1,"win_rate":0,"timestamp":1542833344,"path_taken":["M","$","?","?","?","E","?","R","T","?","?","?","R","E","R","BOSS"],"build_version":"2018-11-15","purchased_purges":0,"victory":false,"max_hp_per_floor":[66,66,66,71,71,71,71,71,71,71,71,71,71,71,71,71],"card_choices":[{"not_picked":["All Out Attack","Backflip"],"picked":"Poisoned Stab","floor":1},{"not_picked":["Storm of Steel","Bane"],"picked":"Bouncing Flask","floor":6},{"not_picked":["Dagger Throw","Dagger Spray"],"picked":"Flying Knee","floor":10},{"not_picked":["Prepared","Cloak And Dagger"],"picked":"Deflect","floor":14}],"player_experience":2468600,"relics_obtained":[{"floor":6,"key":"PreservedInsect"},{"floor":9,"key":"Ornamental Fan"},{"floor":12,"key":"Vajra"},{"floor":14,"key":"Nunchaku"}],"event_choices":[{"damage_healed":0,"gold_gain":0,"player_choice":"Leave","damage_taken":0,"max_hp_gain":0,"max_hp_loss":0,"event_name":"The Cleric","floor":3,"gold_loss":0},{"damage_healed":0,"gold_gain":0,"player_choice":"Donut","damage_taken":0,"max_hp_gain":5,"max_hp_loss":0,"event_name":"Big Fish","floor":4,"gold_loss":0},{"damage_healed":0,"gold_gain":0,"player_choice":"Searched \u00271\u0027 times","damage_taken":0,"relics_obtained":["Matryoshka"],"max_hp_gain":0,"max_hp_loss":0,"event_name":"Dead Adventurer","floor":11,"gold_loss":0}],"is_beta":false,"boss_relics":[],"items_purged_floors":[],"is_endless":false,"potions_floor_spawned":[6],"killed_by":"Hexaghost","ascension_level":20}