{"gold_per_floor":[115,65,65,81,97,97,128,142,142,162,177,177],"floor_reached":12,"playtime":541,"items_purged":[],"score":111,"play_id":"346b9af4-cd52-4f30-a9eb-e9b0338b9cd4","local_time":"20190721104417","is_ascension_mode":true,"campfire_choices":[{"data":"Neutralize","floor":6,"key":"SMITH"}],"neow_cost":"NONE","seed_source_timestamp":4817324301530,"circlet_count":0,"master_deck":["Strike_G","Strike_G","Strike_G","Strike_G","Strike_G","Defend_G","Defend_G","Defend_G","Defend_G","Survivor","Neutralize+1","Backflip","Backflip","Deflect","Skewer","PiercingWail","Deflect","Acrobatics"],"relics":["Ring of the Snake","Smiling Mask","Boot"],"potions_floor_usage":[7,8],"damage_taken":[{"damage":0,"enemies":"Cultist","floor":1,"turns":4},{"damage":0,"enemies":"Jaw Worm","floor":4,"turns":5},{"damage":0,"enemies":"Small Slimes","floor":5,"turns":6},{"damage":57,"enemies":"Gremlin Nob","floor":7,"turns":7},{"damage":9,"enemies":"Gremlin Gang","floor":8,"turns":5},{"damage":8,"enemies":"Lots of Slimes","floor":10,"turns":5},{"damage":1,"enemies":"2 Fungi Beasts","floor":11,"turns":5},{"damage":0,"enemies":"3 Sentries","floor":12,"turns":1}],"seed_played":"4559505545971977456","potions_obtained":[{"floor":4,"key":"Weak Potion"},{"floor":7,"key":"AttackPotion"},{"floor":8,"key":"FearPotion"}],"is_trial":false,"path_per_floor":["M","?","?","M","M","R","E","M","T","M","M","E"],"character_chosen":"THE_SILENT","items_purchased":[],"campfire_rested":0,"item_purchase_floors":[],"current_hp_per_floor":[70,70,77,77,77,77,20,11,11,3,2,2],"gold":177,"neow_bonus":"TEN_PERCENT_HP_BONUS","is_prod":false,"is_daily":false,"chose_seed":false,"campfire_upgraded":1,"win_rate":0,"timestamp":1563698657,"path_taken":["M","?","?","?","M","R","E","M","T","M","M","E"],"build_version":"2019-07-17","purchased_purges":0,"victory":false,"max_hp_per_floor":[77,77,77,77,77,77,77,77,77,77,77,77],"card_choices":[{"not_picked":["Poisoned Stab","Dagger Spray"],"picked":"Backflip","floor":1},{"not_picked":["Bane","Underhanded Strike"],"picked":"Backflip","floor":4},{"not_picked":["Flying Knee","Finisher"],"picked":"Deflect","floor":5},{"not_picked":["Deadly Poison","Predator"],"picked":"Skewer","floor":7},{"not_picked":["Slice","Blade Dance"],"picked":"PiercingWail","floor":8},{"not_picked":["Storm of Steel","Distraction"],"picked":"Deflect","floor":10},{"not_picked":["Prepared","Underhanded Strike"],"picked":"Acrobatics","floor":11}],"player_experience":201964,"relics_obtained":[{"floor":7,"key":"Smiling Mask"},{"floor":9,"key":"Boot"}],"event_choices":[{"cards_removed":["Defend_G"],"damage_healed":0,"gold_gain":0,"player_choice":"Card Removal","damage_taken":0,"max_hp_gain":0,"max_hp_loss":0,"event_name":"The Cleric","floor":2,"gold_loss":50},{"damage_healed":7,"gold_gain":0,"player_choice":"Full Heal","damage_taken":0,"max_hp_gain":0,"max_hp_loss":0,"event_name":"Wheel of Change","floor":3,"gold_loss":0}],"is_beta":false,"boss_relics":[],"items_purged_floors":[],"is_endless":false,"potions_floor_spawned":[4,7,8],"killed_by":"3 Sentries","ascension_level":7}