{"gold_per_floor":[12,12,0,12,31,31,31,81,131,160,180,180,240,212,212,212],"floor_reached":16,"playtime":1399,"items_purged":[],"score":198,"play_id":"3b5e2796-048f-460c-bee1-29523aed695c","local_time":"20181109132927","is_ascension_mode":true,"campfire_choices":[{"floor":7,"key":"REST"},{"floor":12,"key":"REST"},{"data":"Night Terror","floor":15,"key":"SMITH"}],"neow_cost":"NO_GOLD","seed_source_timestamp":414928209034847,"circlet_count":0,"master_deck":["AscendersBane","Defend_G","Defend_G","Defend_G","Defend_G","Defend_G","Strike_G+1","Strike_G+1","Survivor","Neutralize","Night Terror+1","Sucker Punch","Leg Sweep","Blur","Slice","Flying Knee","Blur","Dagger Throw","Blur"],"relics":["Ring of the Snake","Bag of Preparation","Sundial","Tiny Chest"],"potions_floor_usage":[10,10,13],"damage_taken":[{"damage":0,"enemies":"Cultist","floor":1,"turns":5},{"damage":0,"enemies":"2 Louse","floor":4,"turns":3},{"damage":1,"enemies":"Small Slimes","floor":5,"turns":4},{"damage":22,"enemies":"Gremlin Nob","floor":10,"turns":8},{"damage":6,"enemies":"2 Fungi Beasts","floor":11,"turns":3},{"damage":10,"enemies":"Lagavulin","floor":13,"turns":5},{"damage":0,"enemies":"Exordium Thugs","floor":14,"turns":6},{"damage":35,"enemies":"Hexaghost","floor":16,"turns":11}],"seed_played":"-4346635647469326830","potions_obtained":[{"floor":1,"key":"GhostInAJar"},{"floor":5,"key":"EssenceOfSteel"},{"floor":11,"key":"AttackPotion"}],"is_trial":false,"path_per_floor":["M","?","?","M","M","?","R","?","T","E","M","R","E","M","R","B"],"character_chosen":"THE_SILENT","items_purchased":[],"campfire_rested":2,"item_purchase_floors":[],"current_hp_per_floor":[59,39,39,39,38,31,50,50,50,28,22,41,31,31,31,0],"gold":212,"neow_bonus":"TRANSFORM_TWO_CARDS","is_prod":false,"is_daily":false,"chose_seed":false,"campfire_upgraded":1,"win_rate":0,"timestamp":1541788167,"path_taken":["M","?","?","M","M","?","R","?","T","E","M","R","E","M","R","BOSS"],"build_version":"2018-11-08","purchased_purges":0,"victory":false,"max_hp_per_floor":[66,66,66,66,66,66,66,66,66,66,66,66,66,66,66,66],"card_choices":[{"not_picked":["Catalyst","Cloak And Dagger"],"picked":"Leg Sweep","floor":1},{"not_picked":["Acrobatics","Bane"],"picked":"Blur","floor":4},{"not_picked":["Expertise","Riddle With Holes"],"picked":"Slice","floor":5},{"not_picked":["Expertise","Deflect"],"picked":"Flying Knee","floor":10},{"not_picked":["Accuracy","Leg Sweep"],"picked":"Blur","floor":11},{"not_picked":["Skewer","Blade Dance"],"picked":"Dagger Throw","floor":13},{"not_picked":["Tactician","Flechettes"],"picked":"Blur","floor":14}],"player_experience":2146929,"relics_obtained":[{"floor":9,"key":"Bag of Preparation"},{"floor":10,"key":"Sundial"},{"floor":13,"key":"Tiny Chest"}],"event_choices":[{"damage_healed":0,"gold_gain":0,"player_choice":"Entered Light","damage_taken":20,"max_hp_gain":0,"max_hp_loss":0,"event_name":"Shining Light","floor":2,"gold_loss":0,"cards_upgraded":["Strike_G","Strike_G"]},{"damage_healed":0,"gold_gain":0,"player_choice":"Left Gold","damage_taken":0,"max_hp_gain":0,"max_hp_loss":0,"event_name":"World of Goop","floor":3,"gold_loss":12},{"cards_removed":["Strike_G"],"damage_healed":0,"gold_gain":0,"player_choice":"Card Removal","damage_taken":7,"max_hp_gain":0,"max_hp_loss":0,"event_name":"Golden Wing","floor":6,"gold_loss":0},{"damage_healed":0,"gold_gain":50,"player_choice":"Pray","damage_taken":0,"max_hp_gain":0,"max_hp_loss":0,"event_name":"Golden Shrine","floor":8,"gold_loss":0}],"is_beta":false,"boss_relics":[],"items_purged_floors":[],"is_endless":false,"potions_floor_spawned":[1,5,11],"killed_by":"Hexaghost","ascension_level":16}