{"gold_per_floor":[117,132,53,12,27,88,88,122,122,122,140,140,170,184,184,184],"floor_reached":16,"playtime":878,"items_purged":[],"score":240,"play_id":"58f9fd0d-6c66-47e0-b2f8-2bb4bda00dab","local_time":"20190507102832","is_ascension_mode":true,"campfire_choices":[{"data":"Bash","floor":7,"key":"SMITH"},{"floor":10,"key":"REST"},{"data":"Disarm","floor":15,"key":"SMITH"}],"neow_cost":"NONE","seed_source_timestamp":2387272545578427,"circlet_count":0,"master_deck":["AscendersBane","Strike_R","Strike_R","Strike_R","Strike_R","Strike_R","Defend_R","Defend_R","Defend_R","Defend_R","Bash+1","Disarm+1","Anger","Spot Weakness","Combust","Clothesline","Reaper","Immolate","Uppercut","Barricade","Battle Trance"],"relics":["Burning Blood","Tiny Chest","Ice Cream","Ornamental Fan","Juzu Bracelet"],"potions_floor_usage":[6,8,16,16],"damage_taken":[{"damage":8,"enemies":"Cultist","floor":1,"turns":5},{"damage":2,"enemies":"Small Slimes","floor":2,"turns":6},{"damage":12,"enemies":"Jaw Worm","floor":5,"turns":4},{"damage":22,"enemies":"Lagavulin","floor":6,"turns":8},{"damage":33,"enemies":"Gremlin Nob","floor":8,"turns":4},{"damage":17,"enemies":"Exordium Wildlife","floor":11,"turns":3},{"damage":26,"enemies":"3 Sentries","floor":13,"turns":5},{"damage":22,"enemies":"Blue Slaver","floor":14,"turns":5},{"damage":29,"enemies":"Hexaghost","floor":16,"turns":9}],"seed_played":"-6038221341559329575","potions_obtained":[{"floor":1,"key":"Fire Potion"},{"floor":5,"key":"Block Potion"},{"floor":6,"key":"PowerPotion"},{"floor":14,"key":"Swift Potion"}],"is_trial":false,"path_per_floor":["M","M","$","$","M","E","R","E","T","R","M","?","E","M","R","B"],"character_chosen":"IRONCLAD","items_purchased":["Spot Weakness","Combust"],"campfire_rested":1,"item_purchase_floors":[3,4],"current_hp_per_floor":[73,77,77,77,71,55,55,28,28,52,41,41,41,29,29,0],"gold":184,"neow_bonus":"TEN_PERCENT_HP_BONUS","is_prod":false,"is_daily":false,"chose_seed":false,"campfire_upgraded":2,"win_rate":0,"timestamp":1557239312,"path_taken":["M","M","?","$","M","E","R","E","T","R","M","?","E","M","R","BOSS"],"build_version":"2019-01-23","purchased_purges":0,"victory":false,"max_hp_per_floor":[82,82,82,82,82,82,82,82,82,82,82,82,82,82,82,82],"card_choices":[{"not_picked":["Shrug It Off","Infernal Blade"],"picked":"Disarm","floor":1},{"not_picked":["Armaments","Perfected Strike"],"picked":"Anger","floor":2},{"not_picked":["Infernal Blade","Flex"],"picked":"Clothesline","floor":5},{"not_picked":["Anger","Shrug It Off"],"picked":"Reaper","floor":6},{"not_picked":["Flex","Body Slam"],"picked":"Immolate","floor":8},{"not_picked":["Sentinel","Wild Strike"],"picked":"Uppercut","floor":11},{"not_picked":["True Grit","Havoc"],"picked":"Barricade","floor":13},{"not_picked":["Flex","Thunderclap"],"picked":"Battle Trance","floor":14}],"player_experience":3621154,"relics_obtained":[{"floor":6,"key":"Tiny Chest"},{"floor":8,"key":"Ice Cream"},{"floor":9,"key":"Ornamental Fan"},{"floor":13,"key":"Juzu Bracelet"}],"event_choices":[{"damage_healed":0,"gold_gain":0,"player_choice":"Ignored","damage_taken":0,"max_hp_gain":0,"max_hp_loss":0,"event_name":"Liars Game","floor":12,"gold_loss":0}],"is_beta":false,"boss_relics":[],"items_purged_floors":[],"is_endless":false,"potions_floor_spawned":[1,5,6,14],"killed_by":"Hexaghost","ascension_level":20}