{"gold_per_floor":[115,65,65,78,103,103,119,142,142,158,176,176,176,27,27,155,155,173,98,98,114,37,37,56,81,81,81,81,9,9,25,25,124,124,138,138,14,32,84,84,84,5,5,5,5,22,22,38,38,138,138,151,167,167,3,17,17,82,33,33,51,51,66,78,90,102,217,229,257,194,206,89,1,1,17,37,68,18,18,18,38,38,38,142,142,158,258,258,572,16,16,34,34,64,64,64,79,79,89,89,89],"floor_reached":101,"playtime":7666,"items_purged":["Strike_G","Defend_G","Defend_G"],"score":1965,"play_id":"64255115-2046-4747-815f-b67b10b9e41b","local_time":"20181120120615","daily_mods":["Vintage","Heirloom","Time Dilation","Flight"],"is_ascension_mode":false,"campfire_choices":[{"data":"Flying Knee","floor":6,"key":"SMITH"},{"data":"Neutralize","floor":13,"key":"SMITH"},{"data":"Blade Dance","floor":15,"key":"SMITH"},{"data":"Malaise","floor":23,"key":"SMITH"},{"data":"Bouncing Flask","floor":30,"key":"SMITH"},{"data":"Glass Knife","floor":32,"key":"SMITH"},{"data":"Bouncing Flask","floor":40,"key":"SMITH"},{"data":"Setup","floor":41,"key":"SMITH"},{"data":"Dash","floor":45,"key":"SMITH"},{"data":"Catalyst","floor":49,"key":"SMITH"},{"data":"Madness","floor":57,"key":"SMITH"},{"floor":66,"key":"REST"},{"data":"Burst","floor":74,"key":"SMITH"},{"data":"Adrenaline","floor":79,"key":"SMITH"},{"data":"Dark Shackles","floor":83,"key":"SMITH"},{"data":"Outmaneuver","floor":91,"key":"SMITH"},{"data":"Bite","floor":93,"key":"SMITH"},{"data":"Adrenaline","floor":95,"key":"SMITH"},{"data":"Flechettes","floor":100,"key":"SMITH"}],"neow_cost":"","seed_source_timestamp":557425384154053,"circlet_count":0,"master_deck":["Defend_G","Defend_G","Survivor+1","Neutralize+1","Flying Knee+1","Flechettes+1","Blade Dance+1","Malaise+1","Setup+1","Glass Knife+1","Dash+1","Bouncing Flask+1","Adrenaline+1","Bouncing Flask+1","Catalyst+1","Adrenaline+1","Neutralize+1","Accuracy+1","Madness+1","PiercingWail","Burst+1","Malaise+1","Noxious Fumes+1","PiercingWail","Dark Shackles+1","PiercingWail","Adrenaline+1","Bite+1","Outmaneuver+1","Outmaneuver+1","Panache+1"],"relics":["Ring of the Snake","Ice Cream","FossilizedHelix","Bloody Idol","Paper Crane","Strawberry","Blue Candle","Oddly Smooth Stone","Mercury Hourglass","Sundial","Smiling Mask","Sozu","Pen Nib","Meat on the Bone","Letter Opener","Mummified Hand","Singing Bowl","WristBlade","Frozen Egg 2","Ninja Scroll","Ginger","Bottled Flame","Darkstone Periapt","Bag of Marbles","Cursed Key","Orichalcum","Lantern","Regal Pillow","Gambling Chip","MawBank","Happy Flower","Molten Egg 2","Dream Catcher","Nloth\u0027s Gift","Snake Skull","Turnip","Tingsha","Old Coin","Bag of Preparation","Membership Card","Mango","Toxic Egg 2","Dodecahedron","Centennial Puzzle"],"potions_floor_usage":[8,16,16,16,16,16,16],"damage_taken":[{"damage":0,"enemies":"2 Louse","floor":1,"turns":6},{"damage":0,"enemies":"Jaw Worm","floor":4,"turns":3},{"damage":0,"enemies":"Cultist","floor":5,"turns":3},{"damage":5,"enemies":"Large Slime","floor":7,"turns":8},{"damage":1,"enemies":"Exordium Thugs","floor":8,"turns":5},{"damage":0,"enemies":"3 Louse","floor":10,"turns":3},{"damage":0,"enemies":"Large Slime","floor":11,"turns":4},{"damage":0,"enemies":"Slime Boss","floor":16,"turns":5},{"damage":0,"enemies":"Shell Parasite","floor":18,"turns":6},{"damage":0,"enemies":"Chosen","floor":21,"turns":5},{"damage":0,"enemies":"Snake Plant","floor":24,"turns":4},{"damage":0,"enemies":"Shelled Parasite and Fungi","floor":25,"turns":4},{"damage":0,"enemies":"Colosseum Slavers","floor":28,"turns":3},{"damage":0,"enemies":"Snecko","floor":31,"turns":5},{"damage":54,"enemies":"Collector","floor":33,"turns":13},{"damage":10,"enemies":"3 Darklings","floor":35,"turns":4},{"damage":0,"enemies":"Orb Walker","floor":38,"turns":2},{"damage":0,"enemies":"2 Orb Walkers","floor":39,"turns":2},{"damage":0,"enemies":"3 Darklings","floor":46,"turns":4},{"damage":0,"enemies":"Jaw Worm Horde","floor":48,"turns":2},{"damage":38,"enemies":"Donu and Deca","floor":50,"turns":9},{"damage":0,"enemies":"2 Louse","floor":52,"turns":1},{"damage":0,"enemies":"Jaw Worm","floor":53,"turns":1},{"damage":0,"enemies":"Small Slimes","floor":56,"turns":1},{"damage":0,"enemies":"3 Louse","floor":61,"turns":1},{"damage":0,"enemies":"Exordium Wildlife","floor":63,"turns":1},{"damage":0,"enemies":"Hexaghost","floor":67,"turns":4},{"damage":0,"enemies":"3 Byrds","floor":69,"turns":3},{"damage":0,"enemies":"2 Thieves","floor":75,"turns":1},{"damage":0,"enemies":"Centurion and Healer","floor":76,"turns":3},{"damage":0,"enemies":"Book of Stabbing","floor":77,"turns":2},{"damage":0,"enemies":"Sentry and Sphere","floor":81,"turns":2},{"damage":32,"enemies":"Collector","floor":84,"turns":5},{"damage":0,"enemies":"Orb Walker","floor":86,"turns":1},{"damage":0,"enemies":"Mind Bloom Boss Battle","floor":87,"turns":5},{"damage":0,"enemies":"3 Shapes","floor":89,"turns":1},{"damage":0,"enemies":"Spire Growth","floor":92,"turns":3},{"damage":0,"enemies":"Reptomancer","floor":94,"turns":5},{"damage":0,"enemies":"Writhing Mass","floor":97,"turns":3},{"damage":0,"enemies":"3 Darklings","floor":99,"turns":5},{"damage":96,"enemies":"Time Eater","floor":101,"turns":9}],"seed_played":"-5553987909092062033","potions_obtained":[{"floor":7,"key":"Weak Potion"},{"floor":8,"key":"Dexterity Potion"},{"floor":10,"key":"EntropicBrew"},{"floor":11,"key":"Strength Potion"}],"is_trial":true,"path_per_floor":["M","$","?","M","M","R","M","M","T","M","M","?","R","$","R","B",null,"M","?","?","M","$","R","M","M","T","?","?","$","R","M","R","B",null,"M","?","$","M","?","R","R","$","T","?","R","M","?","M","R","B",null,"M","M","?","$","M","R","?","$","T","M","?","M","?","?","R","B",null,"M","?","?","$","$","R","M","M","E","$","R","?","M","?","R","B",null,"M","?","?","M","$","R","M","R","E","R","?","M","?","M","R","B"],"character_chosen":"THE_SILENT","items_purchased":["Flying Knee","Flechettes","Underhanded Strike","Blade Dance","Dash","Bouncing Flask","Bouncing Flask","Catalyst","Accuracy+1","Madness","PiercingWail","PiercingWail","Noxious Fumes+1","PiercingWail","Dark Shackles","Bag of Preparation","Membership Card","Mango","Outmaneuver"],"campfire_rested":1,"item_purchase_floors":[2,14,14,14,22,29,37,42,55,55,55,59,72,72,73,90,90,90,90],"current_hp_per_floor":[70,70,65,65,72,72,67,66,66,66,66,66,66,66,66,66,72,72,72,72,72,72,72,72,72,72,72,72,72,72,72,72,35,72,67,67,67,72,74,74,74,74,74,74,74,74,74,74,74,53,74,74,74,74,74,74,74,74,74,74,74,74,74,74,59,74,74,74,74,74,74,74,74,74,74,74,74,74,74,74,74,74,74,47,74,74,76,76,76,90,90,90,90,90,90,90,90,90,90,90,0],"gold":89,"neow_bonus":"","is_prod":false,"is_daily":false,"chose_seed":false,"campfire_upgraded":18,"win_rate":0,"timestamp":1542733575,"path_taken":["M","$","?","M","M","R","M","M","T","M","M","?","R","?","R","BOSS","M","?","?","M","$","R","M","?","T","?","?","$","R","M","R","BOSS","M","?","$","?","?","R","R","$","T","?","R","?","?","M","R","BOSS","M","M","?","$","?","R","?","$","T","M","?","?","?","?","R","BOSS","M","?","?","$","$","R","?","?","E","$","R","?","?","?","R","BOSS","M","?","?","M","$","R","?","R","E","R","?","?","?","M","R","BOSS"],"build_version":"2018-11-15","purchased_purges":3,"victory":false,"max_hp_per_floor":[70,70,65,65,72,72,72,72,72,72,72,72,72,72,72,72,72,72,72,72,72,72,72,72,72,72,72,72,72,72,72,72,72,72,72,72,72,72,74,74,74,74,74,74,74,74,74,74,74,74,74,74,74,74,74,74,74,74,74,74,74,74,74,74,74,74,74,74,74,74,74,74,74,74,74,74,74,74,74,74,74,74,74,74,74,74,76,76,76,90,90,90,90,90,90,90,90,90,90,90,90],"card_choices":[{"not_picked":["Die Die Die","Venomology"],"picked":"Malaise","floor":16},{"not_picked":["Unload","Glass Knife"],"picked":"Adrenaline","floor":33},{"not_picked":["Poisoned Stab+1","Heel Hook","Reflex"],"picked":"Singing Bowl","floor":39},{"not_picked":["Envenom+1","Tools of the Trade+1"],"picked":"Adrenaline","floor":50},{"not_picked":["Doppelganger","Bullet Time"],"picked":"Burst","floor":67},{"not_picked":["Flying Knee+1","Prepared"],"picked":"PiercingWail","floor":77},{"not_picked":["Bullet Time","Unload+1"],"picked":"Adrenaline","floor":84},{"not_picked":["Underhanded Strike+1","Dodge and Roll","Finisher+1"],"picked":"Singing Bowl","floor":87},{"not_picked":["Envenom+1","Backstab+1"],"picked":"Outmaneuver+1","floor":94},{"not_picked":["Madness+1","The Bomb+1"],"picked":"Panache+1","floor":98}],"player_experience":2403640,"relics_obtained":[{"floor":1,"key":"FossilizedHelix"},{"floor":4,"key":"Paper Crane"},{"floor":5,"key":"Strawberry"},{"floor":7,"key":"Blue Candle"},{"floor":8,"key":"Oddly Smooth Stone"},{"floor":9,"key":"Mercury Hourglass"},{"floor":10,"key":"Sundial"},{"floor":11,"key":"Smiling Mask"},{"floor":18,"key":"Pen Nib"},{"floor":21,"key":"Meat on the Bone"},{"floor":24,"key":"Letter Opener"},{"floor":25,"key":"Pantograph"},{"floor":26,"key":"Mummified Hand"},{"floor":31,"key":"Singing Bowl"},{"floor":35,"key":"Frozen Egg 2"},{"floor":38,"key":"Ninja Scroll"},{"floor":39,"key":"Ginger"},{"floor":43,"key":"Bottled Flame"},{"floor":46,"key":"Darkstone Periapt"},{"floor":48,"key":"Bag of Marbles"},{"floor":52,"key":"Orichalcum"},{"floor":53,"key":"Lantern"},{"floor":56,"key":"Regal Pillow"},{"floor":61,"key":"Gambling Chip"},{"floor":63,"key":"MawBank"},{"floor":69,"key":"Happy Flower"},{"floor":75,"key":"Molten Egg 2"},{"floor":76,"key":"Dream Catcher"},{"floor":81,"key":"Snake Skull"},{"floor":86,"key":"Turnip"},{"floor":87,"key":"Tingsha"},{"floor":89,"key":"Old Coin"},{"floor":92,"key":"Toxic Egg 2"},{"floor":97,"key":"Dodecahedron"},{"floor":99,"key":"Centennial Puzzle"}],"event_choices":[{"damage_healed":0,"gold_gain":0,"player_choice":"Lose Max HP","damage_taken":0,"relics_obtained":["Golden Idol"],"max_hp_gain":0,"max_hp_loss":5,"event_name":"Golden Idol","floor":3,"gold_loss":0},{"damage_healed":0,"gold_gain":0,"player_choice":"Ignored","damage_taken":0,"max_hp_gain":0,"max_hp_loss":0,"event_name":"Liars Game","floor":12,"gold_loss":0},{"cards_removed":["Strike_G"],"damage_healed":0,"gold_gain":0,"player_choice":"Gave Gold","damage_taken":0,"max_hp_gain":0,"max_hp_loss":0,"event_name":"Beggar","floor":19,"gold_loss":75},{"damage_healed":0,"gold_gain":0,"cards_transformed":["Strike_G","Strike_G"],"player_choice":"Became Test Subject","damage_taken":0,"max_hp_gain":0,"max_hp_loss":0,"event_name":"Drug Dealer","floor":20,"gold_loss":0,"cards_obtained":["Setup","Glass Knife"]},{"damage_healed":0,"gold_gain":0,"player_choice":"Gave Idol","damage_taken":0,"relics_obtained":["Bloody Idol"],"max_hp_gain":0,"max_hp_loss":0,"event_name":"Forgotten Altar","floor":27,"relics_lost":["Golden Idol"],"gold_loss":0},{"damage_healed":0,"gold_gain":0,"player_choice":"Fight","damage_taken":0,"max_hp_gain":0,"max_hp_loss":0,"event_name":"Colosseum","floor":28,"gold_loss":0},{"damage_healed":0,"gold_gain":0,"player_choice":"Fled From Nobs","damage_taken":0,"max_hp_gain":0,"max_hp_loss":0,"event_name":"Colosseum","floor":28,"gold_loss":0},{"damage_healed":0,"gold_gain":0,"player_choice":"Ignored","damage_taken":0,"max_hp_gain":0,"max_hp_loss":0,"event_name":"WeMeetAgain","floor":36,"gold_loss":0},{"damage_healed":0,"gold_gain":0,"player_choice":"Fight","damage_taken":0,"max_hp_gain":0,"max_hp_loss":0,"event_name":"Mysterious Sphere","floor":39,"gold_loss":0},{"cards_removed":["Strike_G"],"damage_healed":0,"gold_gain":0,"player_choice":"Offered Basic","damage_taken":0,"max_hp_gain":0,"max_hp_loss":0,"event_name":"Bonfire Elementals","floor":44,"gold_loss":0},{"cards_removed":["Underhanded Strike"],"damage_healed":0,"gold_gain":0,"player_choice":"Removed Attack","damage_taken":0,"max_hp_gain":0,"max_hp_loss":0,"event_name":"Falling","floor":47,"gold_loss":0},{"damage_healed":0,"gold_gain":0,"player_choice":"1 cards matched","damage_taken":0,"max_hp_gain":0,"max_hp_loss":0,"event_name":"Match and Keep!","floor":54,"gold_loss":0,"cards_obtained":["Neutralize"]},{"damage_healed":0,"gold_gain":65,"player_choice":"Gained Gold","damage_taken":0,"max_hp_gain":0,"max_hp_loss":0,"event_name":"Golden Wing","floor":58,"gold_loss":0},{"damage_healed":0,"gold_gain":0,"player_choice":"Forge","damage_taken":0,"max_hp_gain":0,"max_hp_loss":0,"event_name":"Accursed Blacksmith","floor":62,"gold_loss":0,"cards_upgraded":["Neutralize"]},{"damage_healed":0,"gold_gain":0,"player_choice":"Ignored","damage_taken":0,"max_hp_gain":0,"max_hp_loss":0,"event_name":"Liars Game","floor":64,"gold_loss":0},{"damage_healed":0,"gold_gain":0,"player_choice":"Entered Light","damage_taken":15,"max_hp_gain":0,"max_hp_loss":0,"event_name":"Shining Light","floor":65,"gold_loss":0,"cards_upgraded":["Adrenaline","Survivor"]},{"cards_removed":["Defend_G"],"damage_healed":0,"gold_gain":0,"player_choice":"Gave Gold","damage_taken":0,"max_hp_gain":0,"max_hp_loss":0,"event_name":"Beggar","floor":70,"gold_loss":75},{"damage_healed":0,"gold_gain":0,"player_choice":"Copied","damage_taken":0,"max_hp_gain":0,"max_hp_loss":0,"event_name":"Duplicator","floor":71,"gold_loss":0,"cards_obtained":["Malaise"]},{"damage_healed":0,"gold_gain":0,"player_choice":"Traded Relic","damage_taken":0,"relics_obtained":["Nloth\u0027s Gift"],"max_hp_gain":0,"max_hp_loss":0,"event_name":"N\u0027loth","floor":80,"relics_lost":["Pantograph"],"gold_loss":0},{"damage_healed":0,"gold_gain":0,"player_choice":"Fight","damage_taken":0,"max_hp_gain":0,"max_hp_loss":0,"event_name":"MindBloom","floor":87,"gold_loss":0},{"cards_removed":["PiercingWail"],"damage_healed":0,"gold_gain":0,"player_choice":"Took Card","damage_taken":0,"max_hp_gain":0,"max_hp_loss":0,"event_name":"NoteForYourself","floor":88,"gold_loss":0,"cards_obtained":["Bite"]},{"damage_healed":0,"gold_gain":0,"player_choice":"Got Potions","damage_taken":0,"max_hp_gain":0,"max_hp_loss":0,"event_name":"Lab","floor":96,"gold_loss":0},{"damage_healed":0,"gold_gain":0,"player_choice":"Memory 1","damage_taken":0,"max_hp_gain":0,"max_hp_loss":0,"event_name":"SensoryStone","floor":98,"gold_loss":0}],"is_beta":false,"boss_relics":[{"not_picked":["Coffee Dripper","Snecko Eye"],"picked":"Sozu"},{"not_picked":["Black Star","Empty Cage"],"picked":"WristBlade"},{"not_picked":["Ring of the Serpent","Runic Pyramid"],"picked":"Cursed Key"},{"not_picked":["MetallicRebirth"],"picked":"VoidEssence"},{"not_picked":["GraspOfShadows"],"picked":"Scatterbrain"}],"items_purged_floors":[37,78,90],"is_endless":true,"potions_floor_spawned":[7,8,10,11,18,25,33,35,48,50,61,67,75,76,87,99],"killed_by":"Time Eater","ascension_level":0}