{"gold_per_floor":[109,122,8,23,37,37,112,112,112,144,94,94,109,121,121,218,218,228,244,244,244,262,262,110,110,110,110,174,206,206,225,225,324,324,340,351,1400,1412,1462,1462,1390,1456,1456,605,625,12,12,23,23,23],"floor_reached":51,"playtime":2574,"items_purged":["Strike_B"],"score":719,"play_id":"8f2781f2-41ae-48da-a46e-45097c161694","local_time":"20190524172900","is_ascension_mode":false,"campfire_choices":[{"data":"Streamline","floor":6,"key":"SMITH"},{"data":"Sweeping Beam","floor":8,"key":"SMITH"},{"data":"Zap","floor":12,"key":"SMITH"},{"data":"Conserve Battery","floor":15,"key":"SMITH"},{"floor":23,"key":"REST"},{"floor":27,"key":"REST"},{"floor":30,"key":"REST"},{"floor":32,"key":"REST"},{"data":"Biased Cognition","floor":40,"key":"SMITH"},{"data":"Defragment","floor":47,"key":"SMITH"},{"data":"Steam","floor":49,"key":"SMITH"}],"neow_cost":"NONE","seed_source_timestamp":860893473165889,"circlet_count":0,"master_deck":["Defend_B+1","Defend_B+1","Defend_B+1","Defend_B+1","Zap+1","Dualcast","Conserve Battery+1","Streamline+1","Rip and Tear","Steam Power","Sweeping Beam+1","Core Surge","Recycle","Steam+1","Biased Cognition+1","Consume","Stack+1","Cold Snap+1","Loop+1","Steam+1","Core Surge","Conserve Battery+1","Compile Driver+1","Steam+1","Glacier+1","Echo Form","Defragment+1","Echo Form","Conserve Battery+1","Stack+1","Conserve Battery+1","White Noise+1"],"relics":["Cracked Core","Regal Pillow","Pear","Letter Opener","Empty Cage","Omamori","SsserpentHead","Ornamental Fan","Unceasing Top","Velvet Choker","Toxic Egg 2","The Courier","Bottled Flame","Membership Card","Vajra","Mummified Hand","Ice Cream","ClockworkSouvenir","Happy Flower","Sundial","Pantograph","Bottled Tornado"],"potions_floor_usage":[16,16,29,33,33,33,44,50,50,50],"damage_taken":[{"damage":2,"enemies":"2 Louse","floor":1,"turns":3},{"damage":0,"enemies":"Cultist","floor":2,"turns":3},{"damage":0,"enemies":"Small Slimes","floor":4,"turns":3},{"damage":2,"enemies":"3 Louse","floor":5,"turns":4},{"damage":8,"enemies":"Gremlin Nob","floor":10,"turns":3},{"damage":1,"enemies":"Red Slaver","floor":13,"turns":2},{"damage":11,"enemies":"Lots of Slimes","floor":14,"turns":3},{"damage":17,"enemies":"Hexaghost","floor":16,"turns":9},{"damage":10,"enemies":"Chosen","floor":18,"turns":4},{"damage":17,"enemies":"Spheric Guardian","floor":19,"turns":4},{"damage":24,"enemies":"Snake Plant","floor":22,"turns":4},{"damage":16,"enemies":"Cultist and Chosen","floor":28,"turns":7},{"damage":21,"enemies":"Book of Stabbing","floor":29,"turns":6},{"damage":23,"enemies":"Shelled Parasite and Fungi","floor":31,"turns":5},{"damage":22,"enemies":"Automaton","floor":33,"turns":12},{"damage":19,"enemies":"3 Darklings","floor":35,"turns":5},{"damage":0,"enemies":"Orb Walker","floor":36,"turns":3},{"damage":0,"enemies":"3 Darklings","floor":38,"turns":5},{"damage":0,"enemies":"Sphere and 2 Shapes","floor":42,"turns":6},{"damage":0,"enemies":"Transient","floor":45,"turns":5},{"damage":1,"enemies":"3 Darklings","floor":48,"turns":6},{"damage":22,"enemies":"Donu and Deca","floor":50,"turns":15}],"seed_played":"8129958560338996523","potions_obtained":[{"floor":2,"key":"EssenceOfSteel"},{"floor":5,"key":"SteroidPotion"},{"floor":10,"key":"SkillPotion"},{"floor":16,"key":"Strength Potion"},{"floor":19,"key":"Dexterity Potion"},{"floor":31,"key":"FearPotion"},{"floor":33,"key":"Fruit Juice"},{"floor":36,"key":"Weak Potion"},{"floor":38,"key":"LiquidBronze"}],"is_trial":false,"path_per_floor":["M","M","$","M","M","R","?","R","T","E","?","R","M","M","R","B",null,"M","M","?","?","M","R","$","?","T","R","M","E","R","M","R","B",null,"M","M","?","M","?","R","?","M","T","$","M","$","R","M","R","B",null],"character_chosen":"DEFECT","items_purchased":["Rip and Tear","Omamori","Glacier+1","Echo Form","Defragment","Echo Form","Bottled Flame","Membership Card","Vajra","Mummified Hand","Dexterity Potion","Ice Cream","Conserve Battery+1","ClockworkSouvenir","Happy Flower","Sundial","Pantograph","Bottled Tornado","Stack+1","Conserve Battery+1"],"campfire_rested":4,"item_purchase_floors":[3,24,44,44,44,44,44,44,44,44,44,46,46,46,46,46,46,46,46,46],"current_hp_per_floor":[73,73,73,73,71,71,60,60,70,62,62,62,61,50,50,33,85,75,58,58,42,18,58,58,58,58,85,69,48,85,62,85,63,85,66,66,66,66,66,66,66,66,66,71,71,71,71,70,70,64],"gold":23,"neow_bonus":"RANDOM_COMMON_RELIC","is_prod":false,"is_daily":false,"chose_seed":false,"campfire_upgraded":7,"win_rate":0,"timestamp":1558733340,"path_taken":["M","M","$","M","M","R","?","R","T","E","?","R","M","M","R","BOSS","M","M","?","?","M","R","$","?","T","R","?","E","R","M","R","BOSS","M","M","?","M","?","R","?","?","T","$","M","$","R","M","R","BOSS"],"build_version":"2019-01-23","purchased_purges":1,"victory":true,"max_hp_per_floor":[75,75,75,75,75,75,75,75,85,85,85,85,85,85,85,85,85,85,85,85,85,85,85,85,85,85,85,85,85,85,85,85,85,85,85,85,85,85,81,81,81,81,81,86,86,86,86,86,86,86],"card_choices":[{"not_picked":["Steam","Turbo"],"picked":"Conserve Battery","floor":1},{"not_picked":["Gash","Conserve Battery"],"picked":"Streamline","floor":2},{"not_picked":["Chaos","Sweeping Beam"],"picked":"Steam Power","floor":4},{"not_picked":["Auto Shields","Beam Cell"],"picked":"Sweeping Beam","floor":5},{"not_picked":["Loop","Beam Cell"],"picked":"Core Surge","floor":10},{"not_picked":["Blizzard","Barrage"],"picked":"Recycle","floor":13},{"not_picked":["Lockon","Go for the Eyes"],"picked":"Steam","floor":14},{"not_picked":["Machine Learning","Multi-Cast"],"picked":"Biased Cognition","floor":16},{"not_picked":["Go for the Eyes","Streamline","Redo"],"picked":"SKIP","floor":18},{"not_picked":["Barrage+1","Leap"],"picked":"Consume","floor":19},{"not_picked":["Steam","Scrape"],"picked":"Stack+1","floor":22},{"not_picked":["Compile Driver","Gash"],"picked":"Cold Snap+1","floor":28},{"not_picked":["Sunder","Blizzard"],"picked":"Loop+1","floor":29},{"not_picked":["Tempest","Fusion"],"picked":"Steam+1","floor":31},{"not_picked":["Rainbow","Amplify"],"picked":"Core Surge","floor":33},{"not_picked":["Beam Cell+1","Heatsinks+1"],"picked":"Conserve Battery+1","floor":35},{"not_picked":["Recycle","Sweeping Beam"],"picked":"Compile Driver+1","floor":36},{"not_picked":["Ball Lightning+1","Gash","Beam Cell"],"picked":"SKIP","floor":38},{"not_picked":["Heatsinks+1","Sweeping Beam"],"picked":"Steam+1","floor":42},{"not_picked":["Streamline+1","Hyperbeam","Fusion+1"],"picked":"SKIP","floor":45},{"not_picked":["Cold Snap+1","Streamline+1"],"picked":"White Noise+1","floor":48}],"player_experience":3713016,"relics_obtained":[{"floor":9,"key":"Pear"},{"floor":10,"key":"Letter Opener"},{"floor":26,"key":"Ornamental Fan"},{"floor":29,"key":"Unceasing Top"},{"floor":43,"key":"The Courier"}],"event_choices":[{"damage_healed":0,"gold_gain":75,"player_choice":"Gather Gold","damage_taken":11,"max_hp_gain":0,"max_hp_loss":0,"event_name":"World of Goop","floor":7,"gold_loss":0},{"cards_removed":["Strike_B"],"damage_healed":0,"gold_gain":0,"player_choice":"Card Removal","damage_taken":0,"max_hp_gain":0,"max_hp_loss":0,"event_name":"The Cleric","floor":11,"gold_loss":50},{"damage_healed":0,"gold_gain":0,"player_choice":"Simplicity","damage_taken":0,"max_hp_gain":0,"max_hp_loss":0,"event_name":"Back to Basics","floor":20,"gold_loss":0,"cards_upgraded":["Defend_B","Defend_B","Defend_B","Defend_B"]},{"damage_healed":0,"gold_gain":0,"player_choice":"Obtained Book","damage_taken":16,"max_hp_gain":0,"max_hp_loss":0,"event_name":"Cursed Tome","floor":21,"gold_loss":0},{"damage_healed":0,"gold_gain":0,"player_choice":"Trade","damage_taken":0,"relics_obtained":["SsserpentHead"],"max_hp_gain":0,"max_hp_loss":0,"event_name":"FaceTrader","floor":25,"gold_loss":0},{"damage_healed":0,"gold_gain":999,"player_choice":"Gold","damage_taken":0,"max_hp_gain":0,"max_hp_loss":0,"event_name":"MindBloom","floor":37,"gold_loss":0,"cards_obtained":["Normality","Normality"]},{"damage_healed":0,"gold_gain":0,"player_choice":"Max HP","damage_taken":0,"max_hp_gain":0,"max_hp_loss":4,"event_name":"Winding Halls","floor":39,"gold_loss":0},{"damage_healed":0,"gold_gain":0,"player_choice":"Paid Gold","damage_taken":0,"relics_obtained":["Toxic Egg 2"],"max_hp_gain":0,"max_hp_loss":0,"event_name":"WeMeetAgain","floor":41,"gold_loss":122}],"is_beta":false,"boss_relics":[{"not_picked":["Ectoplasm","Sozu"],"picked":"Empty Cage"},{"not_picked":["Fusion Hammer","Orrery"],"picked":"Velvet Choker"}],"items_purged_floors":[3],"is_endless":false,"potions_floor_spawned":[2,5,10,16,19,22,31,33,36,38],"ascension_level":0}