{"gold_per_floor":[109,109,109,259,270,302,32,50,77,77],"floor_reached":10,"playtime":261,"items_purged":[],"score":164,"play_id":"6f9dbc9d-c970-435d-bb77-3604fd0500e3","local_time":"20181109134743","is_ascension_mode":true,"campfire_choices":[],"neow_cost":"NONE","seed_source_timestamp":417162166120184,"circlet_count":0,"master_deck":["AscendersBane","Defend_G","Defend_G","Defend_G","Defend_G","Defend_G","Strike_G","Strike_G","Strike_G","Strike_G","Survivor","Neutralize","Deadly Poison+1","Doubt","PiercingWail","Burst","Noxious Fumes","Deflect","Backstab"],"relics":["Ring of the Snake","NeowsBlessing","Happy Flower","Snake Skull","Anchor"],"potions_floor_usage":[10],"damage_taken":[{"damage":0,"enemies":"2 Louse","floor":1,"turns":1},{"damage":0,"enemies":"Small Slimes","floor":5,"turns":1},{"damage":0,"enemies":"3 Sentries","floor":6,"turns":1},{"damage":0,"enemies":"Cultist","floor":8,"turns":4},{"damage":71,"enemies":"Gremlin Nob","floor":10,"turns":5}],"seed_played":"-7773803955464280752","potions_obtained":[{"floor":8,"key":"Regen Potion"}],"is_trial":false,"path_per_floor":["M","?","?","?","M","E","$","M","T","E"],"character_chosen":"THE_SILENT","items_purchased":["Noxious Fumes","Snake Skull","Deflect"],"campfire_rested":0,"item_purchase_floors":[7,7,7],"current_hp_per_floor":[59,52,52,52,52,52,52,52,52,0],"gold":77,"neow_bonus":"THREE_ENEMY_KILL","is_prod":false,"is_daily":false,"chose_seed":false,"campfire_upgraded":0,"win_rate":0,"timestamp":1541789263,"path_taken":["M","?","?","?","M","E","$","M","T","E"],"build_version":"2018-11-08","purchased_purges":0,"victory":false,"max_hp_per_floor":[66,66,66,66,66,66,66,66,66,66],"card_choices":[{"not_picked":["Prepared","Reflex"],"picked":"Deadly Poison","floor":1},{"not_picked":["Calculated Gamble","Sucker Punch"],"picked":"PiercingWail","floor":5},{"not_picked":["Deadly Poison","Finisher"],"picked":"Burst","floor":6},{"not_picked":["Dagger Spray","Backflip"],"picked":"Backstab","floor":8}],"player_experience":2149139,"relics_obtained":[{"floor":6,"key":"Happy Flower"},{"floor":9,"key":"Anchor"}],"event_choices":[{"cards_removed":["Strike_G"],"damage_healed":0,"gold_gain":0,"player_choice":"Card Removal","damage_taken":7,"max_hp_gain":0,"max_hp_loss":0,"event_name":"Golden Wing","floor":2,"gold_loss":0},{"damage_healed":0,"gold_gain":0,"player_choice":"Grow","damage_taken":0,"max_hp_gain":0,"max_hp_loss":0,"event_name":"Living Wall","floor":3,"gold_loss":0,"cards_upgraded":["Deadly Poison"]},{"damage_healed":0,"gold_gain":150,"player_choice":"AGREE","damage_taken":0,"max_hp_gain":0,"max_hp_loss":0,"event_name":"Liars Game","floor":4,"gold_loss":0,"cards_obtained":["Doubt"]}],"is_beta":false,"boss_relics":[],"items_purged_floors":[],"is_endless":false,"potions_floor_spawned":[8],"killed_by":"Gremlin Nob","ascension_level":16}