{"gold_per_floor":[114,129,129,144,114,144,34,49,124,139,139,154,104,119,119,219,219,234,249,164,194,269,299,314,314,364,379,34,49,64,79,79,179,179,194,194,209,224,224,224,254,354,404,404,419,66,81,96,96,96],"floor_reached":51,"playtime":3459,"items_purged":["Strike_G","Strike_G","Strike_G"],"score":780,"play_id":"03309883-5512-4b30-80a5-adcd3da5c3fb","local_time":"20190610160908","daily_mods":["Heirloom","Uncertain Future","Night Terrors"],"is_ascension_mode":false,"campfire_choices":[{"data":"Neutralize","floor":11,"key":"SMITH"},{"data":"Noxious Fumes","floor":15,"key":"SMITH"},{"data":"Catalyst","floor":25,"key":"SMITH"},{"data":"Catalyst","floor":32,"key":"SMITH"},{"data":"Burst","floor":40,"key":"SMITH"},{"data":"Malaise","floor":44,"key":"SMITH"},{"floor":49,"key":"REST"}],"neow_cost":"","seed_source_timestamp":0,"circlet_count":0,"master_deck":["Defend_G","Defend_G","Defend_G","Defend_G","Defend_G","Strike_G","Survivor","Neutralize+1","Dash","Flying Knee","Dagger Spray","Deadly Poison","Bouncing Flask","Noxious Fumes+1","Backflip","Poisoned Stab+1","Burst+1","Malaise+1","Catalyst+1","Cloak And Dagger+1","Well Laid Plans","Night Terror","Catalyst+1","Corpse Explosion","Leg Sweep+1","Footwork+1","Backflip+1","Dodge and Roll","PiercingWail","Footwork+1","Acrobatics+1"],"special_seed":18057,"relics":["Ring of the Snake","Torii","Anchor","Molten Egg 2","Matryoshka","Philosopher\u0027s Stone","Regal Pillow","Tiny Chest","Darkstone Periapt","Paper Crane","Bottled Tornado","Pear","Blood Vial","Velvet Choker","Omamori","Juzu Bracelet","StoneCalendar","Bag of Preparation"],"potions_floor_usage":[16,18,23,23,29,30,33,41,41,50,50,50],"damage_taken":[{"damage":1,"enemies":"Cultist","floor":1,"turns":4},{"damage":0,"enemies":"Jaw Worm","floor":2,"turns":3},{"damage":0,"enemies":"Small Slimes","floor":4,"turns":3},{"damage":0,"enemies":"Looter","floor":5,"turns":4},{"damage":11,"enemies":"3 Sentries","floor":6,"turns":7},{"damage":16,"enemies":"Exordium Thugs","floor":8,"turns":4},{"damage":1,"enemies":"Blue Slaver","floor":10,"turns":3},{"damage":0,"enemies":"Red Slaver","floor":12,"turns":3},{"damage":0,"enemies":"2 Fungi Beasts","floor":14,"turns":3},{"damage":2,"enemies":"The Guardian","floor":16,"turns":10},{"damage":8,"enemies":"2 Thieves","floor":18,"turns":5},{"damage":1,"enemies":"Shell Parasite","floor":19,"turns":5},{"damage":15,"enemies":"Slavers","floor":23,"turns":4},{"damage":8,"enemies":"Centurion and Healer","floor":24,"turns":7},{"damage":7,"enemies":"Sentry and Sphere","floor":27,"turns":5},{"damage":2,"enemies":"Shelled Parasite and Fungi","floor":29,"turns":3},{"damage":11,"enemies":"Centurion and Healer","floor":30,"turns":7},{"damage":0,"enemies":"Snecko","floor":31,"turns":5},{"damage":11,"enemies":"Collector","floor":33,"turns":5},{"damage":1,"enemies":"3 Shapes","floor":35,"turns":3},{"damage":1,"enemies":"Orb Walker","floor":37,"turns":3},{"damage":0,"enemies":"Transient","floor":38,"turns":5},{"damage":11,"enemies":"Reptomancer","floor":41,"turns":3},{"damage":8,"enemies":"Mind Bloom Boss Battle","floor":42,"turns":5},{"damage":0,"enemies":"Maw","floor":45,"turns":5},{"damage":12,"enemies":"Sphere and 2 Shapes","floor":47,"turns":5},{"damage":0,"enemies":"Transient","floor":48,"turns":5},{"damage":0,"enemies":"Awakened One","floor":50,"turns":12}],"seed_played":"-5273660921694775926","potions_obtained":[{"floor":2,"key":"FearPotion"},{"floor":6,"key":"SteroidPotion"},{"floor":12,"key":"Explosive Potion"},{"floor":14,"key":"SpeedPotion"},{"floor":16,"key":"Weak Potion"},{"floor":18,"key":"GhostInAJar"},{"floor":24,"key":"Regen Potion"},{"floor":29,"key":"PowerPotion"},{"floor":30,"key":"AttackPotion"},{"floor":35,"key":"PowerPotion"},{"floor":48,"key":"Dexterity Potion"}],"is_trial":false,"path_per_floor":["M","M","?","M","M","E","$","M","T","M","R","M","?","M","R","B",null,"M","M","?","T","T","E","M","R","T","M","$","M","M","M","R","B",null,"M","T","M","M","?","R","E","?","T","R","M","$","M","M","R","B",null],"character_chosen":"THE_SILENT","items_purchased":["Noxious Fumes","Well Laid Plans","Night Terror","PiercingWail","Dexterity Potion","Swift Potion","Ancient Potion"],"campfire_rested":1,"item_purchase_floors":[7,28,28,46,46,46,46],"current_hp_per_floor":[69,69,62,62,62,51,51,35,35,34,34,34,34,34,34,32,70,62,61,61,61,61,56,48,48,48,43,43,43,49,51,51,42,80,79,79,79,80,80,80,69,63,63,63,65,65,55,57,75,75],"gold":96,"neow_bonus":"","is_prod":false,"is_daily":true,"chose_seed":false,"campfire_upgraded":6,"win_rate":0,"timestamp":1560197348,"path_taken":["M","?","?","M","M","E","$","M","T","M","R","M","?","M","R","BOSS","M","M","?","?","?","E","M","R","T","M","$","M","M","M","R","BOSS","M","?","M","M","?","R","E","?","T","R","M","$","M","M","R","BOSS"],"build_version":"2019-01-23","purchased_purges":3,"victory":true,"max_hp_per_floor":[70,70,70,70,70,70,70,70,70,70,70,70,70,70,70,70,70,70,70,70,70,70,80,80,80,80,80,80,80,80,80,80,80,80,80,80,80,80,80,80,80,80,80,80,80,80,80,80,75,75],"card_choices":[{"not_picked":["Sucker Punch","Flying Knee"],"picked":"Dash","floor":1},{"not_picked":["Blur","Quick Slash"],"picked":"Flying Knee","floor":2},{"not_picked":["Tactician","Expertise"],"picked":"Dagger Spray","floor":4},{"not_picked":["Terror","Phantasmal Killer"],"picked":"Deadly Poison","floor":5},{"not_picked":["Burst","Dagger Throw"],"picked":"Bouncing Flask","floor":6},{"not_picked":["Dagger Spray+1","Reflex"],"picked":"Backflip","floor":8},{"not_picked":["Acrobatics","Terror"],"picked":"Poisoned Stab+1","floor":10},{"not_picked":["Cloak And Dagger","Prepared"],"picked":"Burst","floor":12},{"not_picked":["Underhanded Strike+1","Concentrate","Blade Dance"],"picked":"SKIP","floor":14},{"not_picked":["Glass Knife+1","After Image"],"picked":"Malaise","floor":16},{"not_picked":["Tactician","Deadly Poison","Sucker Punch+1"],"picked":"SKIP","floor":18},{"not_picked":["Flying Knee+1","Outmaneuver","All Out Attack+1"],"picked":"SKIP","floor":19},{"not_picked":["Prepared","Expertise"],"picked":"Catalyst","floor":23},{"not_picked":["Deadly Poison","Reflex"],"picked":"Cloak And Dagger+1","floor":24},{"not_picked":["Concentrate+1","Choke+1","Sucker Punch+1"],"picked":"SKIP","floor":27},{"not_picked":["Crippling Poison","Caltrops+1"],"picked":"Leg Sweep","floor":29},{"not_picked":["Dagger Spray+1","Crippling Poison"],"picked":"Catalyst","floor":30},{"not_picked":["Sucker Punch+1","Bouncing Flask","Heel Hook+1"],"picked":"SKIP","floor":31},{"not_picked":["Venomology","Envenom"],"picked":"Corpse Explosion","floor":33},{"not_picked":["Deadly Poison","Dagger Spray+1"],"picked":"Leg Sweep+1","floor":35},{"not_picked":["Poisoned Stab+1","Masterful Stab+1"],"picked":"Footwork+1","floor":37},{"not_picked":["All Out Attack+1","Masterful Stab+1","Cloak And Dagger"],"picked":"SKIP","floor":38},{"not_picked":["Cloak And Dagger","Night Terror"],"picked":"Backflip+1","floor":41},{"not_picked":["Escape Plan","Sucker Punch+1"],"picked":"Dodge and Roll","floor":45},{"not_picked":["Underhanded Strike+1","Finisher+1"],"picked":"Footwork+1","floor":47},{"not_picked":["Cloak And Dagger+1","Bane+1"],"picked":"Acrobatics+1","floor":48}],"player_experience":3731274,"relics_obtained":[{"floor":6,"key":"Molten Egg 2"},{"floor":9,"key":"Matryoshka"},{"floor":21,"key":"Tiny Chest"},{"floor":21,"key":"Darkstone Periapt"},{"floor":22,"key":"Paper Crane"},{"floor":22,"key":"Bottled Tornado"},{"floor":23,"key":"Pear"},{"floor":26,"key":"Blood Vial"},{"floor":36,"key":"Omamori"},{"floor":41,"key":"Juzu Bracelet"},{"floor":42,"key":"StoneCalendar"},{"floor":43,"key":"Bag of Preparation"}],"event_choices":[{"damage_healed":0,"gold_gain":0,"player_choice":"Success","damage_taken":7,"relics_obtained":["Anchor"],"max_hp_gain":0,"max_hp_loss":0,"event_name":"Scrap Ooze","floor":3,"gold_loss":0},{"cards_removed":["Strike_G"],"damage_healed":0,"gold_gain":0,"player_choice":"Card Removal","damage_taken":0,"max_hp_gain":0,"max_hp_loss":0,"event_name":"The Cleric","floor":13,"gold_loss":50},{"damage_healed":0,"gold_gain":0,"player_choice":"Obtained Relic","damage_taken":0,"relics_obtained":["Regal Pillow"],"max_hp_gain":0,"max_hp_loss":0,"event_name":"Addict","floor":20,"gold_loss":85},{"cards_removed":["Leg Sweep"],"damage_healed":0,"gold_gain":0,"player_choice":"Removed Skill","damage_taken":0,"max_hp_gain":0,"max_hp_loss":0,"event_name":"Falling","floor":39,"gold_loss":0},{"damage_healed":0,"gold_gain":0,"player_choice":"Fight","damage_taken":0,"max_hp_gain":0,"max_hp_loss":0,"event_name":"MindBloom","floor":42,"gold_loss":0}],"is_beta":false,"boss_relics":[{"not_picked":["Black Star","Ring of the Serpent"],"picked":"Philosopher\u0027s Stone"},{"not_picked":["Orrery","Busted Crown"],"picked":"Velvet Choker"}],"items_purged_floors":[7,28,46],"is_endless":false,"potions_floor_spawned":[2,6,12,14,16,18,19,24,29,30,35,47,48],"ascension_level":0}