{"gold_per_floor":[111,111,111,124,124,124,143,176,222,172,186,186,100,125,125,251,251,244,194,209,230,244,244,279,279,279,293,19,19,118,154,154,154],"floor_reached":33,"playtime":2062,"items_purged":["Strike_R"],"score":285,"play_id":"25199648-cd2e-4c7e-b9d4-5dd255fb4b4d","local_time":"20190630150312","is_ascension_mode":false,"campfire_choices":[{"data":"Bash","floor":6,"key":"SMITH"},{"data":"Barricade","floor":15,"key":"SMITH"},{"data":"Whirlwind","floor":23,"key":"SMITH"},{"floor":25,"key":"REST"},{"data":"Inflame","floor":29,"key":"SMITH"},{"floor":32,"key":"REST"}],"neow_cost":"NONE","seed_source_timestamp":1520605250225388,"circlet_count":0,"master_deck":["Strike_R","Strike_R","Strike_R","Defend_R","Defend_R","Defend_R","Defend_R","Bash+1","Iron Wave","Carnage","Ghostly Armor","Barricade+1","Evolve","Whirlwind+1","Flame Barrier","Offering","Armaments+1","Flex+1","Reaper","Inflame+1","Intimidate+1","Intimidate+1"],"relics":["Burning Blood","Golden Idol","Smiling Mask","Bag of Marbles","Philosopher\u0027s Stone","Turnip","Peace Pipe","Strawberry","Dream Catcher"],"potions_floor_usage":[8,16,16,27,27,31,33,33],"damage_taken":[{"damage":10,"enemies":"Jaw Worm","floor":1,"turns":4},{"damage":9,"enemies":"Small Slimes","floor":4,"turns":4},{"damage":1,"enemies":"2 Louse","floor":7,"turns":3},{"damage":16,"enemies":"3 Sentries","floor":8,"turns":11},{"damage":4,"enemies":"2 Fungi Beasts","floor":11,"turns":3},{"damage":10,"enemies":"Exordium Thugs","floor":14,"turns":4},{"damage":14,"enemies":"Slime Boss","floor":16,"turns":15},{"damage":27,"enemies":"2 Thieves","floor":18,"turns":4},{"damage":16,"enemies":"Spheric Guardian","floor":20,"turns":6},{"damage":6,"enemies":"Chosen and Byrds","floor":21,"turns":4},{"damage":18,"enemies":"Centurion and Healer","floor":22,"turns":8},{"damage":30,"enemies":"Slavers","floor":24,"turns":2},{"damage":18,"enemies":"Snake Plant","floor":27,"turns":2},{"damage":36,"enemies":"Book of Stabbing","floor":31,"turns":5},{"damage":73,"enemies":"Champ","floor":33,"turns":17}],"seed_played":"-4334725772026534973","potions_obtained":[{"floor":1,"key":"Poison Potion"},{"floor":8,"key":"LiquidBronze"},{"floor":12,"key":"Poison Potion"},{"floor":12,"key":"PowerPotion"},{"floor":18,"key":"FearPotion"},{"floor":24,"key":"SkillPotion"},{"floor":31,"key":"GamblersBrew"}],"is_trial":false,"path_per_floor":["M","?","?","M","?","R","M","E","T","?","M","?","$","M","R","B",null,"M","?","M","M","M","R","E","R","T","M","$","R","?","E","R","B"],"character_chosen":"IRONCLAD","items_purchased":["Whirlwind","Inflame","Strawberry","SteroidPotion"],"campfire_rested":2,"item_purchase_floors":[13,28,28,28],"current_hp_per_floor":[84,81,81,78,83,83,86,76,76,76,78,78,78,74,74,66,86,65,65,55,55,43,43,28,53,53,41,48,48,48,18,45,0],"gold":154,"neow_bonus":"TEN_PERCENT_HP_BONUS","is_prod":false,"is_daily":false,"chose_seed":false,"campfire_upgraded":4,"win_rate":0,"timestamp":1561921392,"path_taken":["M","?","?","M","?","R","M","E","T","?","M","?","$","M","R","BOSS","M","?","?","M","M","R","E","R","T","M","$","R","?","E","R","BOSS"],"build_version":"2019-01-23","purchased_purges":1,"victory":false,"max_hp_per_floor":[88,81,81,81,86,86,86,86,86,86,86,86,86,86,86,86,86,86,86,86,86,86,86,86,86,86,86,93,93,93,93,93,93],"card_choices":[{"not_picked":["Sever Soul","Fire Breathing"],"picked":"Iron Wave","floor":1},{"not_picked":["True Grit","Disarm"],"picked":"Carnage","floor":4},{"not_picked":["Pommel Strike","Armaments"],"picked":"Ghostly Armor","floor":7},{"not_picked":["Warcry","Sentinel"],"picked":"Barricade","floor":8},{"not_picked":["Pommel Strike","Twin Strike"],"picked":"Evolve","floor":11},{"not_picked":["Uppercut","Twin Strike"],"picked":"Flame Barrier","floor":14},{"not_picked":["Fiend Fire","Berserk"],"picked":"Offering","floor":16},{"not_picked":["Warcry","Clash"],"picked":"Armaments+1","floor":18},{"not_picked":["Bloodletting","Corruption"],"picked":"Flex+1","floor":20},{"not_picked":["Evolve","Warcry","Cleave+1"],"picked":"SKIP","floor":21},{"not_picked":["Infernal Blade","Sword Boomerang"],"picked":"Reaper","floor":22},{"not_picked":["Carnage+1","Armaments","Second Wind"],"picked":"SKIP","floor":24},{"not_picked":["Infernal Blade","Iron Wave","Searing Blow+1"],"picked":"SKIP","floor":27},{"not_picked":["Second Wind","Infernal Blade"],"picked":"Intimidate+1","floor":31},{"not_picked":["Armaments","Uppercut"],"picked":"Intimidate+1","floor":32}],"player_experience":3866038,"relics_obtained":[{"floor":8,"key":"Smiling Mask"},{"floor":9,"key":"Bag of Marbles"},{"floor":24,"key":"Turnip"},{"floor":26,"key":"Peace Pipe"},{"floor":31,"key":"Dream Catcher"}],"event_choices":[{"damage_healed":0,"gold_gain":0,"player_choice":"Lose Max HP","damage_taken":0,"relics_obtained":["Golden Idol"],"max_hp_gain":0,"max_hp_loss":7,"event_name":"Golden Idol","floor":2,"gold_loss":0},{"damage_healed":0,"gold_gain":0,"player_choice":"Ignored","damage_taken":0,"max_hp_gain":0,"max_hp_loss":0,"event_name":"Liars Game","floor":3,"gold_loss":0},{"damage_healed":0,"gold_gain":0,"player_choice":"Donut","damage_taken":0,"max_hp_gain":5,"max_hp_loss":0,"event_name":"Big Fish","floor":5,"gold_loss":0},{"cards_removed":["Strike_R"],"damage_healed":0,"gold_gain":0,"player_choice":"Card Removal","damage_taken":0,"max_hp_gain":0,"max_hp_loss":0,"event_name":"The Cleric","floor":10,"gold_loss":50},{"damage_healed":0,"gold_gain":0,"player_choice":"Got Potions","damage_taken":0,"max_hp_gain":0,"max_hp_loss":0,"event_name":"Lab","floor":12,"gold_loss":0},{"damage_healed":0,"gold_gain":0,"player_choice":"Bet on Murderer","damage_taken":0,"max_hp_gain":0,"max_hp_loss":0,"event_name":"The Joust","floor":19,"gold_loss":50},{"damage_healed":0,"gold_gain":99,"player_choice":"Stole From Cult","damage_taken":0,"max_hp_gain":0,"max_hp_loss":0,"event_name":"Nest","floor":30,"gold_loss":0}],"is_beta":false,"boss_relics":[{"not_picked":["Eternal Feather","Runic Dome"],"picked":"Philosopher\u0027s Stone"}],"items_purged_floors":[13],"is_endless":false,"potions_floor_spawned":[1,8,14,18,24,31],"killed_by":"Champ","ascension_level":0}