{"gold_per_floor":[118,118,68,143,162,162,178,189,189,201,201,230,21,46,46,141,141,158,158,139,168,178,178,191,191,191,191,43,43,43,7,7,111,111,121,121,133,149,149,149,179,179,179,179,139,19,30,30,30,30],"floor_reached":51,"playtime":3099,"items_purged":[],"score":656,"play_id":"d759a7b1-c7bc-4445-a638-61cb55a46ea0","local_time":"20190617163125","is_ascension_mode":false,"campfire_choices":[{"data":"Conserve Battery","floor":6,"key":"SMITH"},{"data":"Streamline","floor":11,"key":"SMITH"},{"data":"Creative AI","floor":15,"key":"SMITH"},{"data":"Self Repair","floor":23,"key":"SMITH"},{"data":"Reprogram","floor":25,"key":"SMITH"},{"data":"Steam Power","floor":27,"key":"SMITH"},{"data":"Rainbow","floor":29,"key":"SMITH"},{"data":"Glacier","floor":32,"key":"SMITH"},{"data":"Madness","floor":40,"key":"SMITH"},{"data":"Madness","floor":42,"key":"SMITH"},{"data":"Panache","floor":49,"key":"SMITH"}],"neow_cost":"NONE","seed_source_timestamp":401649028450225,"circlet_count":0,"master_deck":["Defend_B","Defend_B","Zap","Dualcast+1","Streamline+1","Rainbow+1","Conserve Battery+1","Steam Power+1","Leap","Reprogram+1","Steam+1","Steam","Creative AI+1","Hyperbeam","Compile Driver+1","Aggregate+1","Stack+1","Self Repair+1","Doom and Gloom+1","Leap+1","Glacier+1","Double Energy+1","Madness+1","Madness+1","Coolheaded+1","Go for the Eyes+1","Panacea","Panacea","Blind","Panache+1","Redo+1"],"relics":["Coffee Dripper","StoneCalendar","WingedGreaves","Membership Card","Unceasing Top","Astrolabe","Red Mask","Meat on the Bone","Lee\u0027s Waffle","Nuclear Battery","Bag of Marbles","DataDisk"],"potions_floor_usage":[12,12,16,16,21,22,33,33,33,50,50,50],"damage_taken":[{"damage":0,"enemies":"2 Louse","floor":1,"turns":3},{"damage":4,"enemies":"Jaw Worm","floor":5,"turns":4},{"damage":1,"enemies":"Cultist","floor":7,"turns":3},{"damage":0,"enemies":"Red Slaver","floor":8,"turns":3},{"damage":0,"enemies":"3 Louse","floor":10,"turns":3},{"damage":12,"enemies":"Gremlin Nob","floor":12,"turns":5},{"damage":3,"enemies":"3 Sentries","floor":14,"turns":7},{"damage":4,"enemies":"Slime Boss","floor":16,"turns":7},{"damage":1,"enemies":"Shell Parasite","floor":18,"turns":5},{"damage":8,"enemies":"2 Thieves","floor":20,"turns":4},{"damage":19,"enemies":"Masked Bandits","floor":21,"turns":7},{"damage":21,"enemies":"Snake Plant","floor":22,"turns":5},{"damage":6,"enemies":"Shelled Parasite and Fungi","floor":24,"turns":6},{"damage":51,"enemies":"Collector","floor":33,"turns":11},{"damage":7,"enemies":"3 Darklings","floor":35,"turns":7},{"damage":12,"enemies":"3 Shapes","floor":37,"turns":6},{"damage":0,"enemies":"Jaw Worm Horde","floor":38,"turns":3},{"damage":12,"enemies":"Nemesis","floor":41,"turns":11},{"damage":9,"enemies":"Spire Growth","floor":47,"turns":4},{"damage":12,"enemies":"Donu and Deca","floor":50,"turns":8}],"seed_played":"283624494365490947","potions_obtained":[{"floor":7,"key":"Regen Potion"},{"floor":8,"key":"SteroidPotion"},{"floor":10,"key":"Block Potion"},{"floor":12,"key":"SteroidPotion"},{"floor":18,"key":"Dexterity Potion"},{"floor":21,"key":"FearPotion"},{"floor":24,"key":"SkillPotion"},{"floor":35,"key":"GamblersBrew"},{"floor":37,"key":"EssenceOfSteel"}],"is_trial":false,"path_per_floor":["M","?","?","?","M","R","M","M","T","M","R","E","$","E","R","B",null,"M","?","M","?","M","R","M","R","T","R","$","R","?","$","R","B",null,"M","?","M","M","?","R","E","R","T","?","?","$","M","$","R","B",null],"character_chosen":"DEFECT","items_purchased":["Membership Card","Steam","Lee\u0027s Waffle","Glacier","Weak Potion","Regen Potion","Panache","Block Potion"],"campfire_rested":0,"item_purchase_floors":[13,13,28,28,28,31,46,46],"current_hp_per_floor":[75,75,75,64,60,60,59,59,59,59,59,61,61,58,58,54,75,74,74,66,54,40,40,44,44,44,44,82,82,82,82,82,55,82,82,72,70,80,80,80,78,78,78,68,68,68,69,69,69,57],"gold":30,"neow_bonus":"BOSS_RELIC","is_prod":false,"is_daily":false,"chose_seed":false,"campfire_upgraded":11,"win_rate":0,"timestamp":1560803485,"path_taken":["M","?","?","?","M","R","M","?","T","M","R","E","$","E","R","BOSS","M","?","?","?","M","R","M","R","T","R","$","R","?","$","R","BOSS","M","?","M","M","?","R","E","R","T","?","?","$","?","$","R","BOSS"],"build_version":"2019-01-23","purchased_purges":0,"victory":true,"max_hp_per_floor":[75,75,75,75,75,75,75,75,75,75,75,75,75,75,75,75,75,75,75,75,75,75,75,75,75,75,75,82,82,82,82,82,82,82,82,82,82,82,82,82,82,82,82,82,82,82,82,82,82,82],"card_choices":[{"not_picked":["Capacitor","Sweeping Beam"],"picked":"Streamline","floor":1},{"not_picked":["Sweeping Beam","Steam Power"],"picked":"Conserve Battery","floor":5},{"not_picked":["Gash","Beam Cell"],"picked":"Steam Power","floor":7},{"not_picked":["Go for the Eyes","Beam Cell"],"picked":"Leap","floor":8},{"not_picked":["Aggregate","Redo"],"picked":"Reprogram","floor":10},{"not_picked":["Turbo","Sweeping Beam"],"picked":"Steam","floor":12},{"not_picked":["Scrape","Stack"],"picked":"Creative AI","floor":14},{"not_picked":["Thunder Strike","Creative AI"],"picked":"Hyperbeam","floor":16},{"not_picked":["Hologram","Reinforced Body"],"picked":"Stack+1","floor":18},{"not_picked":["Beam Cell","Lockon"],"picked":"Self Repair","floor":20},{"not_picked":["Coolheaded","Auto Shields"],"picked":"Doom and Gloom+1","floor":21},{"not_picked":["Leap","Ball Lightning","Storm+1"],"picked":"SKIP","floor":22},{"not_picked":["Rip and Tear","Rebound"],"picked":"Leap+1","floor":24},{"not_picked":["Biased Cognition","Reboot"],"picked":"Machine Learning","floor":33},{"not_picked":["Hello World","Barrage"],"picked":"Double Energy+1","floor":35},{"not_picked":["Undo","Leap"],"picked":"Coolheaded+1","floor":37},{"not_picked":["Leap","Heatsinks"],"picked":"Go for the Eyes+1","floor":38},{"not_picked":["Heatsinks","Gash","Scrape+1"],"picked":"SKIP","floor":41},{"not_picked":["Bandage Up","Swift Strike"],"picked":"Panacea","floor":44},{"not_picked":["Master of Strategy","Mind Blast"],"picked":"Panacea","floor":44},{"not_picked":["Dark Shackles","Bandage Up"],"picked":"Blind","floor":44},{"not_picked":["Self Repair","Rip and Tear+1"],"picked":"Redo+1","floor":47}],"player_experience":3767991,"relics_obtained":[{"floor":9,"key":"StoneCalendar"},{"floor":12,"key":"WingedGreaves"},{"floor":14,"key":"Unceasing Top"},{"floor":21,"key":"Red Mask"},{"floor":26,"key":"Meat on the Bone"},{"floor":41,"key":"Bag of Marbles"},{"floor":43,"key":"DataDisk"}],"event_choices":[{"damage_healed":0,"gold_gain":0,"cards_transformed":["Strike_B"],"player_choice":"Change","damage_taken":0,"max_hp_gain":0,"max_hp_loss":0,"event_name":"Living Wall","floor":2,"gold_loss":0,"cards_obtained":["Rainbow"]},{"cards_removed":["Strike_B"],"damage_healed":0,"gold_gain":0,"player_choice":"Card Removal","damage_taken":0,"max_hp_gain":0,"max_hp_loss":0,"event_name":"The Cleric","floor":3,"gold_loss":50},{"damage_healed":0,"gold_gain":75,"player_choice":"Gather Gold","damage_taken":11,"max_hp_gain":0,"max_hp_loss":0,"event_name":"World of Goop","floor":4,"gold_loss":0},{"cards_removed":["Hello World"],"damage_healed":0,"gold_gain":0,"player_choice":"Purged","damage_taken":0,"max_hp_gain":0,"max_hp_loss":0,"event_name":"Purifier","floor":19,"gold_loss":0},{"damage_healed":0,"gold_gain":0,"player_choice":"Fought Bandits","damage_taken":0,"max_hp_gain":0,"max_hp_loss":0,"event_name":"Masked Bandits","floor":21,"gold_loss":0},{"cards_removed":["Defend_B"],"damage_healed":0,"gold_gain":0,"player_choice":"Elegance","damage_taken":0,"max_hp_gain":0,"max_hp_loss":0,"event_name":"Back to Basics","floor":30,"gold_loss":0},{"damage_healed":0,"gold_gain":0,"player_choice":"Embrace Madness","damage_taken":10,"max_hp_gain":0,"max_hp_loss":0,"event_name":"Winding Halls","floor":36,"gold_loss":0,"cards_obtained":["Madness","Madness"]},{"cards_removed":["Machine Learning"],"damage_healed":0,"gold_gain":0,"player_choice":"Removed Power","damage_taken":0,"max_hp_gain":0,"max_hp_loss":0,"event_name":"Falling","floor":39,"gold_loss":0},{"damage_healed":0,"gold_gain":0,"player_choice":"Memory 3","damage_taken":10,"max_hp_gain":0,"max_hp_loss":0,"event_name":"SensoryStone","floor":44,"gold_loss":0},{"damage_healed":0,"gold_gain":0,"player_choice":"Upgraded Two","damage_taken":0,"max_hp_gain":0,"max_hp_loss":0,"event_name":"Designer","floor":45,"gold_loss":40,"cards_upgraded":["Dualcast","Steam"]}],"is_beta":false,"boss_relics":[{"not_picked":["Pandora\u0027s Box","Fusion Hammer"],"picked":"Astrolabe"},{"not_picked":["Orrery","Cursed Key"],"picked":"Nuclear Battery"}],"items_purged_floors":[],"is_endless":false,"potions_floor_spawned":[7,8,10,12,18,21,24,35,37],"ascension_level":0}