{"gold_per_floor":[12,31,48,48,62,62,72,147,147,167,167,179,179,196,196,299,299,313,331,331,331,153,153,209,209,209,222,232,245,245,264,264,264],"floor_reached":33,"playtime":1484,"items_purged":["Strike_R"],"score":363,"play_id":"f3f7fb69-1d25-4e0c-88e1-4ee422dae88a","local_time":"20190422115609","is_ascension_mode":false,"campfire_choices":[{"data":"Bash","floor":6,"key":"SMITH"},{"data":"Seeing Red","floor":11,"key":"SMITH"},{"data":"Hemokinesis","floor":13,"key":"SMITH"},{"data":"Battle Trance","floor":15,"key":"SMITH"},{"data":"Feed","floor":23,"key":"SMITH"},{"data":"Rampage","floor":25,"key":"SMITH"},{"floor":30,"key":"REST"},{"floor":32,"key":"REST"}],"neow_cost":"NO_GOLD","seed_source_timestamp":1095921527148510,"circlet_count":0,"master_deck":["Strike_R","Strike_R","Defend_R","Defend_R","Defend_R","Bash+1","Seeing Red+1","Hemokinesis+1","Dropkick","Battle Trance+1","Feed+1","Rampage+1","Feel No Pain+1","Power Through"],"relics":["Burning Blood","Kunai","White Beast Statue","Tiny Chest","Molten Egg 2"],"potions_floor_usage":[16,16,16,19,24,24,24,24,28,29,33,33],"damage_taken":[{"damage":8,"enemies":"Jaw Worm","floor":1,"turns":3},{"damage":0,"enemies":"Cultist","floor":2,"turns":3},{"damage":9,"enemies":"2 Louse","floor":3,"turns":2},{"damage":9,"enemies":"Lots of Slimes","floor":5,"turns":4},{"damage":14,"enemies":"3 Louse","floor":7,"turns":3},{"damage":13,"enemies":"Exordium Thugs","floor":10,"turns":3},{"damage":15,"enemies":"Large Slime","floor":12,"turns":4},{"damage":6,"enemies":"2 Fungi Beasts","floor":14,"turns":3},{"damage":6,"enemies":"Slime Boss","floor":16,"turns":5},{"damage":12,"enemies":"Shell Parasite","floor":18,"turns":4},{"damage":25,"enemies":"2 Thieves","floor":19,"turns":4},{"damage":45,"enemies":"Book of Stabbing","floor":24,"turns":5},{"damage":24,"enemies":"Snecko","floor":27,"turns":6},{"damage":8,"enemies":"Chosen and Byrds","floor":28,"turns":3},{"damage":10,"enemies":"Centurion and Healer","floor":29,"turns":6},{"damage":9,"enemies":"Cultist and Chosen","floor":31,"turns":6},{"damage":110,"enemies":"Automaton","floor":33,"turns":14}],"seed_played":"1470117965337842868","potions_obtained":[{"floor":2,"key":"Poison Potion"},{"floor":3,"key":"PowerPotion"},{"floor":10,"key":"FearPotion"},{"floor":16,"key":"Regen Potion"},{"floor":18,"key":"AttackPotion"},{"floor":19,"key":"PowerPotion"},{"floor":24,"key":"Fruit Juice"},{"floor":27,"key":"SkillPotion"},{"floor":28,"key":"Weak Potion"},{"floor":29,"key":"Fire Potion"},{"floor":31,"key":"Weak Potion"}],"is_trial":false,"path_per_floor":["M","M","M","?","M","R","M","?","T","M","R","M","R","M","R","B",null,"M","M","?","?","$","R","E","R","T","M","M","M","R","M","R","B"],"character_chosen":"IRONCLAD","items_purchased":["Fruit Juice"],"campfire_rested":2,"item_purchase_floors":[22],"current_hp_per_floor":[78,80,77,82,79,79,71,63,63,56,56,47,47,47,47,47,85,82,66,66,66,66,66,51,51,51,37,39,39,72,73,108,0],"gold":264,"neow_bonus":"REMOVE_TWO","is_prod":false,"is_daily":false,"chose_seed":false,"campfire_upgraded":6,"win_rate":0,"timestamp":1555948569,"path_taken":["M","M","M","?","M","R","M","?","T","?","R","?","R","M","R","BOSS","M","M","?","?","$","R","E","R","T","M","M","M","R","M","R","BOSS"],"build_version":"2019-01-23","purchased_purges":1,"victory":false,"max_hp_per_floor":[80,80,80,85,85,85,85,85,85,85,85,85,85,85,85,85,85,88,91,91,91,91,91,101,101,101,105,109,113,113,117,117,117],"card_choices":[{"not_picked":["Cleave","Burning Pact"],"picked":"Seeing Red","floor":1},{"not_picked":["Anger","Havoc"],"picked":"Hemokinesis","floor":2},{"not_picked":["Wild Strike","Rage"],"picked":"Dropkick","floor":3},{"not_picked":["Pommel Strike","Rage","Perfected Strike"],"picked":"SKIP","floor":5},{"not_picked":["True Grit","Headbutt"],"picked":"Battle Trance","floor":7},{"not_picked":["Cleave","Thunderclap","Limit Break"],"picked":"SKIP","floor":10},{"not_picked":["Wild Strike","Blood for Blood","Sword Boomerang"],"picked":"SKIP","floor":12},{"not_picked":["Uppercut","Havoc","Cleave"],"picked":"SKIP","floor":14},{"not_picked":["Berserk","Immolate"],"picked":"Feed","floor":16},{"not_picked":["Armaments","Flex","Cleave"],"picked":"SKIP","floor":18},{"not_picked":["Armaments","True Grit"],"picked":"Rampage","floor":19},{"not_picked":["Pommel Strike","Battle Trance"],"picked":"Feel No Pain+1","floor":24},{"not_picked":["Twin Strike+1","Clothesline+1","Iron Wave+1"],"picked":"SKIP","floor":27},{"not_picked":["Double Tap","Clothesline+1","Iron Wave+1"],"picked":"SKIP","floor":28},{"not_picked":["Flex","Iron Wave+1"],"picked":"Power Through","floor":29},{"not_picked":["Perfected Strike+1","Pommel Strike+1","Intimidate"],"picked":"SKIP","floor":31}],"player_experience":3450911,"relics_obtained":[{"floor":9,"key":"Kunai"},{"floor":24,"key":"Tiny Chest"},{"floor":26,"key":"Molten Egg 2"}],"event_choices":[{"damage_healed":0,"gold_gain":0,"player_choice":"Donut","damage_taken":0,"max_hp_gain":5,"max_hp_loss":0,"event_name":"Big Fish","floor":4,"gold_loss":0},{"damage_healed":0,"gold_gain":75,"player_choice":"Touch","damage_taken":8,"max_hp_gain":0,"max_hp_loss":0,"event_name":"FaceTrader","floor":8,"gold_loss":0},{"damage_healed":0,"gold_gain":0,"player_choice":"Ignored","damage_taken":0,"max_hp_gain":0,"max_hp_loss":0,"event_name":"Ghosts","floor":20,"gold_loss":0},{"cards_removed":["Strike_R"],"damage_healed":0,"gold_gain":0,"player_choice":"Elegance","damage_taken":0,"max_hp_gain":0,"max_hp_loss":0,"event_name":"Back to Basics","floor":21,"gold_loss":0}],"is_beta":false,"boss_relics":[{"not_picked":["Ectoplasm","Lizard Tail"],"picked":"White Beast Statue"}],"items_purged_floors":[22],"is_endless":false,"potions_floor_spawned":[2,3,10,16,18,19,24,27,28,29,31],"killed_by":"Automaton","ascension_level":0}