{"gold_per_floor":[118,138,16,26,26,26,56,56,132,82,82,7,7,20,20,116,116,128,128,128,138,88,88,88,106,130,142,142,142,142,159,159,259,259,278,278,297,39,58,58,58,75,75,85,85,96,47,57,57,57],"floor_reached":50,"playtime":3888,"items_purged":["Strike_B"],"score":442,"play_id":"c3b301b8-4d34-4c43-a8c3-267b725ea4c4","local_time":"20190419105017","is_ascension_mode":false,"campfire_choices":[{"data":"Gash","floor":6,"key":"SMITH"},{"data":"Go for the Eyes","floor":11,"key":"SMITH"},{"data":"Zap","floor":13,"key":"SMITH"},{"floor":15,"key":"REST"},{"data":"Coolheaded","floor":23,"key":"SMITH"},{"floor":28,"key":"REST"},{"data":"Go for the Eyes","floor":30,"key":"SMITH"},{"data":"Beam Cell","floor":32,"key":"SMITH"},{"data":"Hologram","floor":40,"key":"SMITH"},{"floor":49,"key":"REST"}],"neow_cost":"NONE","seed_source_timestamp":830364994270404,"circlet_count":0,"master_deck":["Strike_B","Defend_B","Defend_B","Defend_B","Defend_B","Zap+1","Dualcast","Redo","Beam Cell+1","Conserve Battery","Go for the Eyes+1","Gash+1","Conserve Battery","Go for the Eyes+1","Rebound","Coolheaded+1","Coolheaded","Ball Lightning+1","Streamline+1","Hologram+1","Conserve Battery+1","Steam","Steam","Go for the Eyes+1"],"relics":["FrozenCore","NeowsBlessing","Potion Belt","Gremlin Horn","Eternal Feather","Vajra","Bottled Flame","Frozen Egg 2"],"potions_floor_usage":[7,25,33,33,33,33,37,46,50,50,50],"damage_taken":[{"damage":0,"enemies":"Small Slimes","floor":1,"turns":1},{"damage":0,"enemies":"Jaw Worm","floor":2,"turns":1},{"damage":0,"enemies":"2 Louse","floor":4,"turns":1},{"damage":16,"enemies":"Lagavulin","floor":7,"turns":6},{"damage":24,"enemies":"Gremlin Gang","floor":14,"turns":5},{"damage":3,"enemies":"The Guardian","floor":16,"turns":12},{"damage":3,"enemies":"Shell Parasite","floor":18,"turns":10},{"damage":21,"enemies":"3 Byrds","floor":21,"turns":7},{"damage":16,"enemies":"Snake Plant","floor":25,"turns":5},{"damage":19,"enemies":"Snecko","floor":27,"turns":8},{"damage":4,"enemies":"Chosen and Byrds","floor":31,"turns":6},{"damage":52,"enemies":"Collector","floor":33,"turns":20},{"damage":0,"enemies":"Orb Walker","floor":35,"turns":4},{"damage":1,"enemies":"3 Shapes","floor":37,"turns":5},{"damage":7,"enemies":"Writhing Mass","floor":39,"turns":12},{"damage":26,"enemies":"Jaw Worm Horde","floor":42,"turns":7},{"damage":18,"enemies":"Maw","floor":44,"turns":10},{"damage":19,"enemies":"Sphere and 2 Shapes","floor":46,"turns":9},{"damage":2,"enemies":"3 Darklings","floor":48,"turns":11},{"damage":55,"enemies":"Awakened One","floor":50,"turns":21}],"seed_played":"7410467574201891775","potions_obtained":[{"floor":1,"key":"FocusPotion"},{"floor":7,"key":"FearPotion"},{"floor":16,"key":"Dexterity Potion"},{"floor":18,"key":"SteroidPotion"},{"floor":21,"key":"Fire Potion"},{"floor":27,"key":"Fire Potion"},{"floor":33,"key":"Swift Potion"},{"floor":39,"key":"Ancient Potion"},{"floor":42,"key":"Weak Potion"},{"floor":46,"key":"Strength Potion"}],"is_trial":false,"path_per_floor":["M","M","$","M","?","R","E","?","T","?","R","$","R","M","R","B",null,"M","?","?","M","$","R","$","M","T","M","R","?","R","M","R","B",null,"M","?","M","$","M","R","?","M","T","M","?","M","$","M","R","B"],"character_chosen":"DEFECT","items_purchased":["Conserve Battery","Leap","Go for the Eyes","Coolheaded","Bottled Flame","Fire Potion"],"campfire_rested":3,"item_purchase_floors":[3,3,3,22,38,47],"current_hp_per_floor":[75,75,75,75,80,80,64,57,57,57,57,57,57,33,57,54,80,77,77,77,56,56,65,65,49,49,30,63,63,72,68,80,28,80,80,80,79,79,72,80,80,54,54,36,36,17,17,15,51,0],"gold":57,"neow_bonus":"THREE_ENEMY_KILL","is_prod":false,"is_daily":false,"chose_seed":false,"campfire_upgraded":7,"win_rate":0,"timestamp":1555685417,"path_taken":["M","M","$","M","?","R","E","?","T","?","R","?","R","M","R","BOSS","M","?","?","M","$","R","$","M","T","M","R","?","R","?","R","BOSS","M","?","M","$","M","R","?","M","T","M","?","M","$","M","R","BOSS"],"build_version":"2019-01-23","purchased_purges":1,"victory":false,"max_hp_per_floor":[75,75,75,75,80,80,80,80,80,80,80,80,80,80,80,80,80,80,80,80,80,80,80,80,80,80,80,80,80,80,80,80,80,80,80,80,80,80,80,80,80,80,80,80,80,80,80,80,80,80],"card_choices":[{"not_picked":["Sunder","Melter"],"picked":"Redo","floor":1},{"not_picked":["Genetic Algorithm","Fusion"],"picked":"Beam Cell","floor":2},{"not_picked":["Doom and Gloom","Beam Cell"],"picked":"Gash","floor":4},{"not_picked":["BootSequence","Stack"],"picked":"Conserve Battery","floor":7},{"not_picked":["Heatsinks","Static Discharge"],"picked":"Go for the Eyes","floor":14},{"not_picked":["Undo","Stack"],"picked":"Rebound","floor":18},{"not_picked":["Go for the Eyes","Rebound+1","Beam Cell"],"picked":"SKIP","floor":21},{"not_picked":["Recycle+1","Self Repair"],"picked":"Ball Lightning+1","floor":25},{"not_picked":["Compile Driver","Auto Shields","Conserve Battery"],"picked":"SKIP","floor":27},{"not_picked":["Barrage","Recycle"],"picked":"Streamline+1","floor":31},{"not_picked":["Stack","Glacier"],"picked":"Hologram","floor":35},{"not_picked":["Streamline","Steam"],"picked":"Conserve Battery+1","floor":37},{"not_picked":["Rip and Tear","Storm"],"picked":"Steam","floor":39},{"not_picked":["Chaos","Capacitor"],"picked":"Steam","floor":42},{"not_picked":["Coolheaded","Ball Lightning+1","Beam Cell"],"picked":"SKIP","floor":44},{"not_picked":["Beam Cell+1","Redo","Double Energy+1"],"picked":"SKIP","floor":46},{"not_picked":["Ball Lightning+1","Reinforced Body"],"picked":"Go for the Eyes+1","floor":48}],"player_experience":3413035,"relics_obtained":[{"floor":7,"key":"Potion Belt"},{"floor":9,"key":"Gremlin Horn"},{"floor":26,"key":"Vajra"},{"floor":43,"key":"Frozen Egg 2"}],"event_choices":[{"damage_healed":0,"gold_gain":0,"player_choice":"Donut","damage_taken":0,"max_hp_gain":5,"max_hp_loss":0,"event_name":"Big Fish","floor":5,"gold_loss":0},{"cards_removed":["Strike_B"],"damage_healed":0,"gold_gain":0,"player_choice":"Card Removal","damage_taken":7,"max_hp_gain":0,"max_hp_loss":0,"event_name":"Golden Wing","floor":8,"gold_loss":0},{"cards_removed":["Strike_B"],"damage_healed":0,"gold_gain":0,"player_choice":"Card Removal","damage_taken":0,"max_hp_gain":0,"max_hp_loss":0,"event_name":"The Cleric","floor":10,"gold_loss":50},{"damage_healed":0,"gold_gain":0,"player_choice":"Read","damage_taken":0,"max_hp_gain":0,"max_hp_loss":0,"event_name":"The Library","floor":19,"gold_loss":0,"cards_obtained":["Coolheaded"]},{"damage_healed":0,"gold_gain":0,"player_choice":"Ignored","damage_taken":0,"max_hp_gain":0,"max_hp_loss":0,"event_name":"Vampires","floor":20,"gold_loss":0},{"damage_healed":0,"gold_gain":0,"player_choice":"0 cards matched","damage_taken":0,"max_hp_gain":0,"max_hp_loss":0,"event_name":"Match and Keep!","floor":29,"gold_loss":0,"cards_obtained":[]},{"damage_healed":0,"gold_gain":0,"player_choice":"Ignored","damage_taken":0,"max_hp_gain":0,"max_hp_loss":0,"event_name":"Mysterious Sphere","floor":36,"gold_loss":0},{"damage_healed":0,"gold_gain":0,"player_choice":"Memory 1","damage_taken":0,"max_hp_gain":0,"max_hp_loss":0,"event_name":"SensoryStone","floor":41,"gold_loss":0},{"cards_removed":["Leap"],"damage_healed":0,"gold_gain":0,"player_choice":"Removed Skill","damage_taken":0,"max_hp_gain":0,"max_hp_loss":0,"event_name":"Falling","floor":45,"gold_loss":0}],"is_beta":false,"boss_relics":[{"not_picked":["Velvet Choker","Busted Crown"],"picked":"Eternal Feather"},{"not_picked":["Pandora\u0027s Box","Philosopher\u0027s Stone"],"picked":"FrozenCore"}],"items_purged_floors":[12],"is_endless":false,"potions_floor_spawned":[1,7,16,18,21,27,33,39,42,46],"killed_by":"Awakened One","ascension_level":0}