{"gold_per_floor":[111,125,144,160,160,160,170,196,196,196,38,38,38,53,53,150,150,163,177,177,97,111,128,128,144,144,144,164,164,89,103,103,206,206,225,238,1,1,13,13,25,25,25,59,59,59,73,73,73,73],"floor_reached":50,"playtime":3055,"items_purged":[],"score":644,"play_id":"2a9f9134-3a7c-4f8a-93a3-4986795dbc13","local_time":"20190719183722","is_ascension_mode":true,"campfire_choices":[{"data":"Neutralize","floor":6.0,"key":"SMITH"},{"data":"Skewer","floor":10.0,"key":"SMITH"},{"data":"Infinite Blades","floor":12.0,"key":"SMITH"},{"data":"Sucker Punch","floor":15.0,"key":"SMITH"},{"data":"Envenom","floor":24.0,"key":"SMITH"},{"data":"Envenom","floor":29.0,"key":"SMITH"},{"data":"Dagger Spray","floor":32.0,"key":"SMITH"},{"data":"Footwork","floor":40.0,"key":"SMITH"},{"data":"Caltrops","floor":42.0,"key":"SMITH"},{"data":"Choke","floor":46.0,"key":"SMITH"},{"data":"Panache","floor":49.0,"key":"SMITH"}],"neow_cost":"TEN_PERCENT_HP_LOSS","seed_source_timestamp":502370870270836,"circlet_count":0,"master_deck":["Strike_G+1","Strike_G+1","Strike_G+1","Defend_G+1","Defend_G+1","Defend_G+1","Defend_G+1","Defend_G+1","Survivor","Neutralize+1","Calculated Gamble","Dagger Spray+1","Sucker Punch+1","Dash","Backstab","Skewer+1","Infinite Blades+1","Trip","Leg Sweep","Envenom+1","Finisher","Blade Dance+1","Caltrops+1","Crippling Poison+1","Envenom+1","Choke+1","Predator+1","Doppelganger","Riddle With Holes+1","Cloak And Dagger+1","Footwork+1","Dodge and Roll+1","Well Laid Plans+1","PiercingWail","Choke+1","Panache+1","Dark Shackles","Flash of Steel"],"special_seed":0,"relics":["Ring of the Snake","Thread and Needle","Omamori","Ninja Scroll","Cursed Key","Sundial","Eternal Feather","TwistedFunnel","Bottled Flame","Vajra"],"potions_floor_usage":[],"damage_taken":[{"damage":0.0,"enemies":"Small Slimes","floor":1.0,"turns":4.0},{"damage":0.0,"enemies":"Jaw Worm","floor":2.0,"turns":6.0},{"damage":0.0,"enemies":"Cultist","floor":3.0,"turns":4.0},{"damage":0.0,"enemies":"Blue Slaver","floor":4.0,"turns":5.0},{"damage":0.0,"enemies":"Looter","floor":7.0,"turns":3.0},{"damage":1.0,"enemies":"3 Sentries","floor":8.0,"turns":7.0},{"damage":0.0,"enemies":"Large Slime","floor":14.0,"turns":3.0},{"damage":6.0,"enemies":"The Guardian","floor":16.0,"turns":12.0},{"damage":0.0,"enemies":"Spheric Guardian","floor":18.0,"turns":1.0},{"damage":0.0,"enemies":"3 Byrds","floor":19.0,"turns":3.0},{"damage":0.0,"enemies":"Snecko","floor":22.0,"turns":4.0},{"damage":0.0,"enemies":"Centurion and Healer","floor":23.0,"turns":4.0},{"damage":0.0,"enemies":"Shelled Parasite and Fungi","floor":25.0,"turns":2.0},{"damage":0.0,"enemies":"Cultist and Chosen","floor":28.0,"turns":4.0},{"damage":0.0,"enemies":"Snecko","floor":31.0,"turns":2.0},{"damage":39.0,"enemies":"Collector","floor":33.0,"turns":8.0},{"damage":10.0,"enemies":"3 Darklings","floor":35.0,"turns":3.0},{"damage":0.0,"enemies":"3 Shapes","floor":36.0,"turns":2.0},{"damage":1.0,"enemies":"Jaw Worm Horde","floor":39.0,"turns":3.0},{"damage":0.0,"enemies":"4 Shapes","floor":41.0,"turns":6.0},{"damage":4.0,"enemies":"Giant Head","floor":44.0,"turns":8.0},{"damage":3.0,"enemies":"Spire Growth","floor":47.0,"turns":4.0},{"damage":73,"enemies":"Awakened One","floor":50,"turns":6}],"seed_played":"7362503176659042427","potions_obtained":[{"floor":2.0,"key":"Swift Potion"},{"floor":3.0,"key":"FearPotion"},{"floor":7.0,"key":"Explosive Potion"},{"floor":19.0,"key":"Fire Potion"},{"floor":27.0,"key":"GhostInAJar"},{"floor":27.0,"key":"SkillPotion"},{"floor":36.0,"key":"GhostInAJar"},{"floor":39.0,"key":"Fire Potion"}],"is_trial":false,"path_per_floor":["M","M","M","M","?","R","M","E","T","R","$","R","?","M","R","B",null,"M","M","?","$","M","M","R","M","T","?","M","R","?","M","R","B",null,"M","M","$","?","M","R","M","R","T","E","?","R","M","?","R","B"],"character_chosen":"THE_SILENT","items_purchased":["Infinite Blades","Trip","Caltrops","Footwork","TwistedFunnel"],"campfire_rested":0,"item_purchase_floors":[11,11,21,37,37],"current_hp_per_floor":[63,63,63,63,68,68,68,67,67,67,67,67,53,53,53,47,63,63,63,63,63,63,63,63,63,63,63,63,63,63,63,63,24,57,47,47,47,47,46,64,64,68,68,64,64,65,62,52,65,0],"gold":73,"neow_bonus":"ONE_RARE_RELIC","is_prod":false,"is_daily":false,"chose_seed":false,"campfire_upgraded":11,"win_rate":0,"timestamp":1563583042,"path_taken":["M","M","M","M","?","R","M","E","T","R","$","R","?","M","R","BOSS","M","M","?","$","M","M","R","M","T","?","?","R","?","M","R","BOSS","M","M","$","?","M","R","M","R","T","E","?","R","M","?","R","BOSS"],"build_version":"2019-07-18","purchased_purges":0,"victory":false,"max_hp_per_floor":[63,63,63,63,68,68,68,68,68,68,68,68,68,68,68,68,68,68,68,68,68,68,68,68,68,68,68,68,68,68,68,68,68,68,68,68,68,68,68,68,68,68,68,68,65,65,65,65,65,65],"card_choices":[{"not_picked":["Deflect","Accuracy"],"picked":"Calculated Gamble","floor":1.0},{"not_picked":["Expertise","Cloak And Dagger"],"picked":"Dagger Spray","floor":2.0},{"not_picked":["Finisher","Cloak And Dagger"],"picked":"Sucker Punch","floor":3.0},{"not_picked":["Quick Slash","Bane"],"picked":"Dash","floor":4.0},{"not_picked":["Escape Plan","Sucker Punch"],"picked":"Backstab","floor":7.0},{"not_picked":["Backstab","Dash"],"picked":"Skewer","floor":8.0},{"not_picked":["Dagger Spray","Flechettes"],"picked":"Leg Sweep","floor":14.0},{"not_picked":["Bullet Time","Unload"],"picked":"Envenom","floor":16.0},{"not_picked":["Cloak And Dagger","Underhanded Strike"],"picked":"Finisher","floor":18.0},{"not_picked":["Eviscerate","Skewer+1"],"picked":"Blade Dance+1","floor":19.0},{"not_picked":["Backstab","Cloak And Dagger"],"picked":"Crippling Poison+1","floor":22.0},{"not_picked":["Dagger Spray","Outmaneuver","Underhanded Strike"],"picked":"SKIP","floor":23.0},{"not_picked":["Finisher+1","Flying Knee"],"picked":"Envenom","floor":25.0},{"not_picked":["Slice","Flechettes"],"picked":"Choke","floor":28.0},{"not_picked":["Acrobatics","Bane"],"picked":"Predator+1","floor":31.0},{"not_picked":["Wraith Form v2","Unload"],"picked":"Doppelganger","floor":33.0},{"not_picked":["Tactician","Escape Plan"],"picked":"Riddle With Holes+1","floor":35.0},{"not_picked":["Blade Dance+1","Quick Slash+1"],"picked":"Cloak And Dagger+1","floor":36.0},{"not_picked":["Caltrops+1","Blade Dance+1"],"picked":"Dodge and Roll+1","floor":39.0},{"not_picked":["Underhanded Strike","Burst"],"picked":"Well Laid Plans+1","floor":41.0},{"not_picked":["Deadly Poison+1","Backstab+1"],"picked":"PiercingWail","floor":44.0},{"not_picked":["Bouncing Flask","Backstab"],"picked":"Choke+1","floor":47.0},{"not_picked":["Impatience","Thinking Ahead"],"picked":"Panache","floor":48.0},{"not_picked":["Magnetism","Swift Strike"],"picked":"Dark Shackles","floor":48.0},{"not_picked":["Impatience","Dramatic Entrance"],"picked":"Flash of Steel","floor":48.0}],"player_experience":1216144,"relics_obtained":[{"floor":8.0,"key":"Omamori"},{"floor":9.0,"key":"Ninja Scroll"},{"floor":26.0,"key":"Sundial"},{"floor":43.0,"key":"Bottled Flame"},{"floor":44.0,"key":"Vajra"}],"event_choices":[{"damage_healed":0.0,"max_hp_gain":5.0,"max_hp_loss":0.0,"gold_gain":0.0,"event_name":"Big Fish","player_choice":"Donut","floor":5.0,"gold_loss":0.0,"damage_taken":0.0},{"damage_healed":0.0,"max_hp_gain":0.0,"max_hp_loss":0.0,"gold_gain":0.0,"event_name":"Shining Light","player_choice":"Entered Light","floor":13.0,"gold_loss":0.0,"damage_taken":14.0,"cards_upgraded":["Strike_G","Strike_G"]},{"damage_healed":0.0,"max_hp_gain":0.0,"max_hp_loss":0.0,"gold_gain":0.0,"event_name":"Back to Basics","player_choice":"Simplicity","floor":20.0,"gold_loss":0.0,"damage_taken":0.0,"cards_upgraded":["Strike_G","Strike_G","Strike_G","Defend_G","Defend_G","Defend_G","Defend_G","Defend_G"]},{"damage_healed":0.0,"max_hp_gain":0.0,"max_hp_loss":0.0,"gold_gain":0.0,"event_name":"Lab","player_choice":"Got Potions","floor":27.0,"gold_loss":0.0,"damage_taken":0.0},{"cards_removed":["Strike_G"],"damage_healed":0.0,"max_hp_gain":0.0,"max_hp_loss":0.0,"gold_gain":0.0,"event_name":"Beggar","player_choice":"Gave Gold","floor":30.0,"gold_loss":75.0,"damage_taken":0.0},{"cards_removed":["Strike_G"],"damage_healed":0.0,"max_hp_gain":0.0,"max_hp_loss":0.0,"gold_gain":0.0,"event_name":"Falling","player_choice":"Removed Attack","floor":38.0,"gold_loss":0.0,"damage_taken":0.0},{"damage_healed":0.0,"max_hp_gain":0.0,"max_hp_loss":3.0,"gold_gain":0.0,"event_name":"Winding Halls","player_choice":"Max HP","floor":45.0,"gold_loss":0.0,"damage_taken":0.0},{"damage_healed":0.0,"max_hp_gain":0.0,"max_hp_loss":0.0,"gold_gain":0.0,"event_name":"SensoryStone","player_choice":"Memory 3","floor":48.0,"gold_loss":0.0,"damage_taken":10.0}],"is_beta":true,"boss_relics":[{"not_picked":["Ring of the Serpent","Sozu"],"picked":"Cursed Key"},{"not_picked":["Fusion Hammer","Lizard Tail"],"picked":"Eternal Feather"}],"items_purged_floors":[],"is_endless":false,"potions_floor_spawned":[2,3,7,19,25,28,36,39],"killed_by":"Awakened One","ascension_level":6}