{"gold_per_floor":[110,110,9,0,0,0,43,43,43,78,78,102,135,149,149,238,238,212,235,235,6,6,45,45,60,60,74,74,74],"floor_reached":29,"playtime":1385,"items_purged":[],"score":614,"play_id":"d307561a-e313-432a-bebc-32868b47a427","local_time":"20181125134117","is_ascension_mode":true,"campfire_choices":[{"data":"Neutralize","floor":6,"key":"SMITH"},{"data":"Bullet Time","floor":8,"key":"SMITH"},{"data":"Distraction","floor":11,"key":"SMITH"},{"floor":15,"key":"REST"},{"data":"Wraith Form v2","floor":24,"key":"SMITH"},{"data":"Malaise","floor":28,"key":"SMITH"}],"neow_cost":"NONE","seed_source_timestamp":1004611462779730,"circlet_count":0,"master_deck":["AscendersBane","Defend_G","Defend_G","Defend_G","Defend_G","Defend_G","Strike_G","Strike_G","Survivor","Neutralize+1","Deadly Poison","Distraction+1","Choke","Bullet Time+1","Poisoned Stab","Backflip","PiercingWail","Wraith Form v2+1","PiercingWail","Outmaneuver+1","Malaise+1","Backstab","Crippling Poison","Dagger Spray"],"relics":["Ring of the Snake","NeowsBlessing","Golden Idol","Potion Belt","Sundial","Centennial Puzzle","Bronze Scales","Ancient Tea Set","Coffee Dripper","TwistedFunnel","Bag of Preparation","The Courier"],"potions_floor_usage":[13,16,16,16,16,18,23,23,27],"damage_taken":[{"damage":0,"enemies":"Cultist","floor":1,"turns":1},{"damage":0,"enemies":"Gremlin Nob","floor":7,"turns":1},{"damage":0,"enemies":"3 Sentries","floor":10,"turns":2},{"damage":25,"enemies":"Lagavulin","floor":13,"turns":5},{"damage":7,"enemies":"Small Slimes","floor":14,"turns":2},{"damage":8,"enemies":"The Guardian","floor":16,"turns":11},{"damage":0,"enemies":"2 Thieves","floor":18,"turns":4},{"damage":1,"enemies":"3 Byrds","floor":19,"turns":4},{"damage":60,"enemies":"Gremlin Leader","floor":23,"turns":12},{"damage":0,"enemies":"Snake Plant","floor":25,"turns":3},{"damage":6,"enemies":"Chosen and Byrds","floor":27,"turns":5},{"damage":4,"enemies":"Cultist and Chosen","floor":29,"turns":2}],"seed_played":"1440824123997790746","potions_obtained":[{"floor":1,"key":"LiquidBronze"},{"floor":14,"key":"EntropicBrew"},{"floor":16,"key":"Explosive Potion"},{"floor":25,"key":"Energy Potion"},{"floor":27,"key":"Strength Potion"}],"is_trial":false,"path_per_floor":["M","?","$","?","?","R","E","R","T","E","R","T","E","M","R","B",null,"M","M","?","$","$","E","R","M","T","M","R","M"],"character_chosen":"THE_SILENT","items_purchased":["Choke","SteroidPotion","TwistedFunnel"],"campfire_rested":1,"item_purchase_floors":[3,3,21],"current_hp_per_floor":[59,59,59,59,59,59,59,59,59,59,59,59,34,27,45,37,54,54,53,53,53,53,8,8,8,8,2,2,0],"gold":74,"neow_bonus":"THREE_ENEMY_KILL","is_prod":false,"is_daily":false,"chose_seed":false,"campfire_upgraded":5,"win_rate":0,"timestamp":1543171277,"path_taken":["M","?","$","?","?","R","E","R","T","E","R","?","E","M","R","BOSS","M","M","?","?","$","E","R","M","T","M","R","M"],"build_version":"2018-11-15","purchased_purges":0,"victory":false,"max_hp_per_floor":[66,66,66,66,60,60,60,60,60,60,60,60,60,60,60,60,60,60,60,60,60,60,60,60,60,60,60,60,60],"card_choices":[{"not_picked":["Reflex","Backflip"],"picked":"Deadly Poison","floor":1},{"not_picked":["Acrobatics","Slice"],"picked":"Bullet Time","floor":7},{"not_picked":["Calculated Gamble","Cloak And Dagger"],"picked":"Poisoned Stab","floor":10},{"not_picked":["Quick Slash","Finisher"],"picked":"Backflip","floor":13},{"not_picked":["Deflect","Deadly Poison"],"picked":"PiercingWail","floor":14},{"not_picked":["Phantasmal Killer","Bullet Time"],"picked":"Wraith Form v2","floor":16},{"not_picked":["Deflect","Flying Knee+1"],"picked":"PiercingWail","floor":18},{"not_picked":["Escape Plan","Concentrate"],"picked":"Outmaneuver+1","floor":19},{"not_picked":["Quick Slash","Deflect"],"picked":"Crippling Poison","floor":23},{"not_picked":["Tools of the Trade","Acrobatics","Underhanded Strike"],"picked":"SKIP","floor":25},{"not_picked":["Cloak And Dagger","Outmaneuver"],"picked":"Dagger Spray","floor":27}],"player_experience":2493005,"relics_obtained":[{"floor":7,"key":"Potion Belt"},{"floor":9,"key":"Sundial"},{"floor":10,"key":"Centennial Puzzle"},{"floor":12,"key":"Bronze Scales"},{"floor":13,"key":"Ancient Tea Set"},{"floor":23,"key":"Bag of Preparation"},{"floor":26,"key":"The Courier"}],"event_choices":[{"damage_healed":0,"gold_gain":0,"cards_transformed":["Strike_G"],"player_choice":"Change","damage_taken":0,"max_hp_gain":0,"max_hp_loss":0,"event_name":"Living Wall","floor":2,"gold_loss":0,"cards_obtained":["Distraction"]},{"damage_healed":0,"gold_gain":0,"player_choice":"Left Gold","damage_taken":0,"max_hp_gain":0,"max_hp_loss":0,"event_name":"World of Goop","floor":4,"gold_loss":9},{"damage_healed":0,"gold_gain":0,"player_choice":"Lose Max HP","damage_taken":0,"relics_obtained":["Golden Idol"],"max_hp_gain":0,"max_hp_loss":6,"event_name":"Golden Idol","floor":5,"gold_loss":0},{"damage_healed":0,"gold_gain":0,"cards_transformed":["Strike_G","Strike_G"],"player_choice":"Became Test Subject","damage_taken":0,"max_hp_gain":0,"max_hp_loss":0,"event_name":"Drug Dealer","floor":20,"gold_loss":0,"cards_obtained":["Malaise","Backstab"]}],"is_beta":false,"boss_relics":[{"not_picked":["Runic Dome","Ring of the Serpent"],"picked":"Coffee Dripper"}],"items_purged_floors":[],"is_endless":false,"potions_floor_spawned":[1,14,16,25,27],"killed_by":"Cultist and Chosen","ascension_level":20}