{"gold_per_floor":[144,144,144,23,72,170,219,317,317,415,415],"floor_reached":11,"playtime":717,"items_purged":[],"score":116,"play_id":"5891870b-6137-4bb4-a545-98bb9ac67afb","local_time":"20190428205853","daily_mods":["Specialized","Diverse","Midas"],"is_ascension_mode":false,"campfire_choices":[],"neow_cost":"","seed_source_timestamp":0,"circlet_count":0,"master_deck":["Strike_B","Strike_B","Strike_B","Defend_B","Defend_B","Defend_B","Defend_B","Zap","Dualcast","Ghostly Armor","Ghostly Armor","Ghostly Armor","Ghostly Armor","Ghostly Armor","Caltrops","Static Discharge","Darkness","Armaments","White Noise","Disarm","Steam"],"special_seed":18015,"relics":["Cracked Core","Golden Idol","Dodecahedron","Ice Cream","Kunai","Bottled Tornado"],"potions_floor_usage":[6],"damage_taken":[{"damage":0,"enemies":"2 Louse","floor":1,"turns":3},{"damage":0,"enemies":"Small Slimes","floor":5,"turns":4},{"damage":12,"enemies":"3 Sentries","floor":6,"turns":8},{"damage":1,"enemies":"Jaw Worm","floor":7,"turns":4},{"damage":6,"enemies":"Lagavulin","floor":8,"turns":7},{"damage":23,"enemies":"Gremlin Nob","floor":10,"turns":5},{"damage":30,"enemies":"Gremlin Gang","floor":11,"turns":3}],"seed_played":"4237710228146446790","potions_obtained":[{"floor":8,"key":"Strength Potion"}],"is_trial":false,"path_per_floor":["M","?","?","$","M","E","M","E","T","E","M"],"character_chosen":"DEFECT","items_purchased":["PowerPotion","Darkness"],"campfire_rested":0,"item_purchase_floors":[4,4],"current_hp_per_floor":[75,75,69,69,69,57,56,50,50,27,0],"gold":415,"neow_bonus":"","is_prod":false,"is_daily":true,"chose_seed":false,"campfire_upgraded":0,"win_rate":0,"timestamp":1556499533,"path_taken":["M","?","?","$","M","E","M","E","T","E","M"],"build_version":"2019-01-23","purchased_purges":0,"victory":false,"max_hp_per_floor":[75,75,69,69,69,69,69,69,69,69,69],"card_choices":[{"not_picked":["Slice","Havoc"],"picked":"Caltrops","floor":1},{"not_picked":["Cloak And Dagger","Predator"],"picked":"Armaments","floor":5},{"not_picked":["Catalyst","Machine Learning"],"picked":"White Noise","floor":6},{"not_picked":["Iron Wave","Sucker Punch"],"picked":"Disarm","floor":7},{"not_picked":["Berserk","Pummel","Loop"],"picked":"SKIP","floor":8},{"not_picked":["Body Slam","Beam Cell"],"picked":"Steam","floor":10}],"player_experience":3510808,"relics_obtained":[{"floor":6,"key":"Dodecahedron"},{"floor":8,"key":"Ice Cream"},{"floor":9,"key":"Kunai"},{"floor":10,"key":"Bottled Tornado"}],"event_choices":[{"damage_healed":0,"gold_gain":0,"cards_transformed":["Strike_B"],"player_choice":"Change","damage_taken":0,"max_hp_gain":0,"max_hp_loss":0,"event_name":"Living Wall","floor":2,"gold_loss":0,"cards_obtained":["Static Discharge"]},{"damage_healed":0,"gold_gain":0,"player_choice":"Lose Max HP","damage_taken":0,"relics_obtained":["Golden Idol"],"max_hp_gain":0,"max_hp_loss":6,"event_name":"Golden Idol","floor":3,"gold_loss":0}],"is_beta":false,"boss_relics":[],"items_purged_floors":[],"is_endless":false,"potions_floor_spawned":[8],"killed_by":"Gremlin Gang","ascension_level":0}