{"gold_per_floor":[367,367,380,65,83,83,112,138,138,138,163,174,174,184,184,260,260,277,14,14,14,14,14,14,26,76,89,89,107,20,48,48,125,125,136,31,1030,1030,1042,1042,1042,1042],"floor_reached":42,"playtime":2553,"items_purged":[],"score":1002,"play_id":"cdef6b7b-e903-45e6-bece-83ca54bd3c5e","local_time":"20190511144623","is_ascension_mode":true,"campfire_choices":[{"data":"Neutralize","floor":6.0,"key":"SMITH"},{"floor":10.0,"key":"REST"},{"data":"Catalyst","floor":15.0,"key":"SMITH"},{"data":"Bouncing Flask","floor":24.0,"key":"SMITH"},{"floor":32.0,"key":"REST"},{"floor":40,"key":"REST"}],"neow_cost":"PERCENT_DAMAGE","seed_source_timestamp":0,"circlet_count":0,"master_deck":["AscendersBane","Defend_G","Defend_G","Defend_G","Defend_G","Defend_G","Strike_G","Strike_G","Strike_G","Survivor","Neutralize+1","Dagger Throw","Dagger Spray+1","Deadly Poison","Leg Sweep","Catalyst+1","Bouncing Flask+1","Deflect","Noxious Fumes+1","Tools of the Trade+1","Blur","Footwork+1","Corpse Explosion","Shame","Dodge and Roll","Regret","Bane","Dodge and Roll","Caltrops+1","Noxious Fumes+1","Infinite Blades+1","Malaise","Caltrops+1","Die Die Die","Backflip","Calculated Gamble","Quick Slash+1","Backflip+1","Footwork+1","Deflect","Normality","Normality","Sucker Punch+1"],"special_seed":0,"relics":["Ring of the Snake","Du-Vu Doll","Odd Mushroom","Frozen Egg 2","Pantograph","Kunai","Cursed Key","Bronze Scales","Strawberry","Sundial","Orrery"],"potions_floor_usage":[],"damage_taken":[{"damage":1.0,"enemies":"2 Louse","floor":1.0,"turns":4.0},{"damage":6.0,"enemies":"Small Slimes","floor":3.0,"turns":4.0},{"damage":0.0,"enemies":"Cultist","floor":5.0,"turns":3.0},{"damage":15.0,"enemies":"The Mushroom Lair","floor":7.0,"turns":4.0},{"damage":25.0,"enemies":"3 Sentries","floor":8.0,"turns":7.0},{"damage":10.0,"enemies":"Gremlin Nob","floor":11.0,"turns":4.0},{"damage":9.0,"enemies":"3 Louse","floor":12.0,"turns":3.0},{"damage":1.0,"enemies":"Exordium Thugs","floor":14.0,"turns":4.0},{"damage":34.0,"enemies":"The Guardian","floor":16.0,"turns":6.0},{"damage":2.0,"enemies":"3 Byrds","floor":18.0,"turns":4.0},{"damage":6.0,"enemies":"Chosen","floor":25.0,"turns":4.0},{"damage":17.0,"enemies":"Shelled Parasite and Fungi","floor":27.0,"turns":5.0},{"damage":0.0,"enemies":"3 Cultists","floor":29.0,"turns":3.0},{"damage":5.0,"enemies":"Gremlin Leader","floor":31.0,"turns":6.0},{"damage":11.0,"enemies":"Champ","floor":33.0,"turns":10.0},{"damage":3.0,"enemies":"3 Darklings","floor":35.0,"turns":3.0},{"damage":27,"enemies":"Orb Walker","floor":39,"turns":4},{"damage":76,"enemies":"Giant Head","floor":42,"turns":8}],"seed_played":"5199284890574831780","potions_obtained":[{"floor":1.0,"key":"GamblersBrew"},{"floor":7.0,"key":"FearPotion"},{"floor":14.0,"key":"Weak Potion"},{"floor":16.0,"key":"Fire Potion"},{"floor":25.0,"key":"GhostInAJar"},{"floor":31.0,"key":"EssenceOfSteel"}],"is_trial":false,"path_per_floor":["M","?","M","$","M","R","?","E","T","R","E","M","?","M","R","B",null,"M","$","?","$","?","$","R","M","T","M","?","M","$","E","R","B",null,"M","$","?","?","M","R","?","E"],"character_chosen":"THE_SILENT","items_purchased":["Du-Vu Doll","Footwork+1","Corpse Explosion","Noxious Fumes+1","Footwork+1","Deflect"],"campfire_rested":3,"item_purchase_floors":[4,19,19,30,36,36],"current_hp_per_floor":[43,65,59,59,59,59,44,19,19,38,28,19,19,18,18,9,52,50,50,44,44,44,44,44,38,45,28,28,28,28,23,44,58,69,66,66,66,66,39,60,60,0],"gold":1042,"neow_bonus":"TWO_FIFTY_GOLD","is_prod":false,"is_daily":false,"chose_seed":false,"campfire_upgraded":3,"win_rate":0,"timestamp":1557607583,"path_taken":["M","?","M","$","M","R","?","E","T","R","E","M","?","?","R","BOSS","M","$","?","?","?","?","R","M","T","?","?","?","?","E","R","BOSS","M","$","?","?","M","R","?","E"],"build_version":"2019-05-07","purchased_purges":0,"victory":false,"max_hp_per_floor":[66,66,66,66,66,66,66,66,66,66,66,66,66,66,66,66,66,66,66,66,66,66,66,66,66,73,73,73,73,73,73,73,73,73,73,73,73,73,73,73,73,73],"card_choices":[{"not_picked":["Concentrate","Crippling Poison"],"picked":"Dagger Throw","floor":1.0},{"not_picked":["Distraction","Flying Knee"],"picked":"Dagger Spray","floor":3.0},{"not_picked":["Acrobatics","Outmaneuver"],"picked":"Deadly Poison","floor":5.0},{"not_picked":["Slice","Underhanded Strike"],"picked":"Leg Sweep","floor":7.0},{"not_picked":["Dagger Spray","Dodge and Roll"],"picked":"Catalyst","floor":8.0},{"not_picked":["Underhanded Strike","Wraith Form v2+1"],"picked":"Bouncing Flask","floor":11.0},{"not_picked":["Sucker Punch","Prepared"],"picked":"Deflect","floor":12.0},{"not_picked":["Sucker Punch","Catalyst"],"picked":"Noxious Fumes+1","floor":14.0},{"not_picked":["A Thousand Cuts+1","Night Terror"],"picked":"Tools of the Trade+1","floor":16.0},{"not_picked":["Quick Slash","Setup+1"],"picked":"Blur","floor":18.0},{"not_picked":["Choke","Quick Slash"],"picked":"Dodge and Roll","floor":25.0},{"not_picked":["Deflect","Outmaneuver"],"picked":"Bane","floor":27.0},{"not_picked":["Quick Slash","Terror+1"],"picked":"Caltrops+1","floor":29.0},{"not_picked":["Glass Knife","Well Laid Plans+1"],"picked":"Infinite Blades+1","floor":31.0},{"not_picked":["Bullet Time","Grand Finale"],"picked":"Malaise","floor":33.0},{"not_picked":["Dodge and Roll+1","Cloak And Dagger"],"picked":"Caltrops+1","floor":34.0},{"not_picked":["Dodge and Roll","Terror"],"picked":"Die Die Die","floor":34.0},{"not_picked":["Leg Sweep","Dodge and Roll"],"picked":"Backflip","floor":34.0},{"not_picked":["Underhanded Strike","Outmaneuver"],"picked":"Calculated Gamble","floor":34.0},{"not_picked":["Flying Knee","Dagger Spray"],"picked":"Quick Slash+1","floor":34.0},{"not_picked":["PiercingWail+1","Blade Dance"],"picked":"Backflip+1","floor":35.0},{"not_picked":["Quick Slash","Distraction"],"picked":"Sucker Punch+1","floor":39}],"player_experience":1007611,"relics_obtained":[{"floor":7.0,"key":"Odd Mushroom"},{"floor":8.0,"key":"Frozen Egg 2"},{"floor":9.0,"key":"Pantograph"},{"floor":11.0,"key":"Kunai"},{"floor":26.0,"key":"Strawberry"},{"floor":31.0,"key":"Sundial"}],"event_choices":[{"damage_healed":22.0,"max_hp_gain":0.0,"max_hp_loss":0.0,"gold_gain":0.0,"event_name":"Big Fish","player_choice":"Banana","floor":2.0,"gold_loss":0.0,"damage_taken":0.0},{"damage_healed":0.0,"max_hp_gain":0.0,"max_hp_loss":0.0,"gold_gain":0.0,"event_name":"Mushrooms","player_choice":"Fought Mushrooms","floor":7.0,"gold_loss":0.0,"damage_taken":0.0},{"damage_healed":0.0,"max_hp_gain":0.0,"max_hp_loss":0.0,"gold_gain":0.0,"event_name":"Upgrade Shrine","player_choice":"Upgraded","floor":13.0,"gold_loss":0.0,"damage_taken":0.0,"cards_upgraded":["Dagger Spray"]},{"damage_healed":0.0,"max_hp_gain":0.0,"max_hp_loss":0.0,"gold_gain":0.0,"event_name":"Knowing Skull","player_choice":"","floor":20.0,"potions_obtained":[],"gold_loss":0.0,"damage_taken":6.0,"cards_obtained":[]},{"damage_healed":0.0,"max_hp_gain":0.0,"max_hp_loss":0.0,"gold_gain":0.0,"event_name":"Addict","player_choice":"Stole Relic","floor":22.0,"gold_loss":0.0,"damage_taken":0.0,"relics_obtained":["Bronze Scales"],"cards_obtained":["Shame"]},{"damage_healed":0.0,"max_hp_gain":0.0,"max_hp_loss":0.0,"gold_gain":0.0,"cards_transformed":["Strike_G"],"event_name":"Transmorgrifier","player_choice":"Transformed","floor":28.0,"gold_loss":0.0,"damage_taken":0.0,"cards_obtained":["Dodge and Roll"]},{"damage_healed":0.0,"max_hp_gain":0.0,"max_hp_loss":0.0,"gold_gain":999.0,"event_name":"MindBloom","player_choice":"Gold","floor":37.0,"gold_loss":0.0,"damage_taken":0.0,"cards_obtained":["Normality","Normality"]},{"damage_healed":0,"gold_gain":0,"player_choice":"Ignored","damage_taken":0,"max_hp_gain":0,"max_hp_loss":0,"event_name":"Mysterious Sphere","floor":38,"gold_loss":0},{"cards_removed":["Strike_G"],"damage_healed":0,"gold_gain":0,"player_choice":"Removed Attack","damage_taken":0,"max_hp_gain":0,"max_hp_loss":0,"event_name":"Falling","floor":41,"gold_loss":0}],"is_beta":true,"boss_relics":[{"not_picked":["Eternal Feather","Runic Dome"],"picked":"Cursed Key"},{"not_picked":["Philosopher\u0027s Stone","Pandora\u0027s Box"],"picked":"Orrery"}],"items_purged_floors":[],"is_endless":false,"potions_floor_spawned":[1,7,14,16,25,27,31],"killed_by":"Giant Head","ascension_level":17}