{"path_per_floor":["M","M","$","?","?","M","E","R","T","M","?","R","M","M","R","B",null,"M","?","M","M","?","R","E","R","T","R","M","M","R","M","R","B",null,"M","$","M","M","?","?","R","$","T","M","M","M","R","M","R","B"],"character_chosen":"THE_SILENT","items_purchased":["Noxious Fumes","Leg Sweep","Block Potion"],"gold_per_floor":[119,138,33,33,33,49,83,83,83,94,94,94,110,125,125,224,224,224,224,224,224,149,149,149,149,149,149,149,149,149,149,149,149,149,149,25,25,25,25,25,25,25,25,25,25,25,25,25,25,25],"floor_reached":51,"campfire_rested":3,"playtime":5793,"current_hp_per_floor":[63,58,58,45,45,45,41,41,41,41,34,34,15,14,32,38,57,56,56,56,55,55,65,33,33,33,33,33,27,48,48,48,37,64,56,56,56,56,56,56,56,56,56,53,53,53,53,53,73,60],"items_purged":["Defend_G"],"gold":25,"score":686,"play_id":"590bcd88-926c-49e5-9a26-2dd1fbecbc11","is_prod":false,"is_daily":false,"is_ascension_mode":true,"campfire_upgraded":2,"path_taken":["M","M","$","?","?","M","E","R","T","?","?","R","M","M","R","BOSS","M","?","?","?","?","R","E","R","T","R","M","M","R","M","R","BOSS","M","$","M","M","?","?","R","$","T","M","M","M","R","M","R","BOSS"],"build_version":"2018-02-08-PROD1","purchased_purges":1,"victory":true,"master_deck":["Defend_G","Defend_G","Defend_G","Defend_G+1","Strike_G+1","Survivor","Neutralize","Acrobatics","Noxious Fumes+1","Leg Sweep","Expertise","Bouncing Flask","Dash","Adrenaline","Dagger Spray","After Image","Flying Knee+1","Backflip","Deadly Poison+1","Burst+1","Calculated Gamble","Blur","Calculated Gamble","Backstab+1","Escape Plan+1","Prepared+1","Flash of Steel","Escape Plan","Backflip","Bullet Time","Dash+1"],"max_hp_per_floor":[63,63,63,63,63,63,63,63,63,63,63,63,63,63,63,63,63,63,63,63,63,63,73,73,73,73,73,73,73,73,73,73,73,73,73,73,73,73,73,73,73,73,73,73,73,73,73,73,73,73],"relics":["Ring of the Snake","Bag of Marbles","Tough Bandages","Shovel","Prayer Wheel","Ectoplasm","Pear","Calipers","Mummified Hand","Art of War","Oddly Smooth Stone","Regal Pillow","Orrery","Ancient Tea Set","Vajra"],"card_choices":[{"not_picked":["Infinite Blades","Quick Slash"],"picked":"Acrobatics"},{"not_picked":["Deflect","Acrobatics"],"picked":"Expertise"},{"not_picked":["Masterful Stab","PiercingWail"],"picked":"Bouncing Flask"},{"not_picked":["Doppelganger","Prepared"],"picked":"Dash"},{"not_picked":["Unload","Venomology"],"picked":"Adrenaline"},{"not_picked":["Bane","Flying Knee"],"picked":"Dagger Spray"},{"not_picked":["Malaise","Flying Knee"],"picked":"After Image"},{"not_picked":["Heel Hook","Deadly Poison"],"picked":"Flying Knee"},{"not_picked":["Heel Hook","Dagger Throw"],"picked":"Backflip"},{"not_picked":["Cloak And Dagger","Sucker Punch"],"picked":"Deadly Poison"},{"not_picked":["Unload","Die Die Die"],"picked":"Burst"},{"not_picked":["Dodge and Roll","Underhanded Strike"],"picked":"Calculated Gamble"},{"not_picked":["Acrobatics","Backflip"],"picked":"Blur"},{"not_picked":["Infinite Blades","Dash"],"picked":"Calculated Gamble"},{"not_picked":["PiercingWail","Quick Slash"],"picked":"Night Terror"},{"not_picked":["Prepared","Cloak And Dagger"],"picked":"Backstab"},{"not_picked":["Dash","Acrobatics"],"picked":"Escape Plan"},{"not_picked":["PiercingWail","Expertise"],"picked":"Prepared"},{"not_picked":["Expertise","Quick Slash"],"picked":"Bullet Time"},{"not_picked":["Dagger Throw","Flying Knee"],"picked":"Dash"}],"player_experience":666207,"potions_floor_usage":[7,16,16,21,29,33,33,33,50,50],"damage_taken":[{"damage":0,"enemies":"2 Louse","floor":1,"turns":4},{"damage":5,"enemies":"Small Slimes","floor":2,"turns":4},{"damage":0,"enemies":"Cultist","floor":6,"turns":4},{"damage":4,"enemies":"Lagavulin","floor":7,"turns":11},{"damage":0,"enemies":"2 Fungi Beasts","floor":10,"turns":4},{"damage":19,"enemies":"Lots of Slimes","floor":13,"turns":6},{"damage":1,"enemies":"Gremlin Gang","floor":14,"turns":5},{"damage":9,"enemies":"Hexaghost","floor":16,"turns":9},{"damage":1,"enemies":"Chosen","floor":18,"turns":5},{"damage":0,"enemies":"Shell Parasite","floor":20,"turns":8},{"damage":1,"enemies":"Cultist and Chosen","floor":21,"turns":6},{"damage":32,"enemies":"Book of Stabbing","floor":24,"turns":8},{"damage":0,"enemies":"3 Cultists","floor":28,"turns":5},{"damage":6,"enemies":"Snake Plant","floor":29,"turns":5},{"damage":0,"enemies":"Slaver and Parasite","floor":31,"turns":7},{"damage":11,"enemies":"Collector","floor":33,"turns":9},{"damage":8,"enemies":"3 Shapes","floor":35,"turns":5},{"damage":0,"enemies":"3 Darklings","floor":37,"turns":4},{"damage":0,"enemies":"Sphere and 2 Shapes","floor":38,"turns":4},{"damage":3,"enemies":"4 Shapes","floor":44,"turns":5},{"damage":0,"enemies":"Maw","floor":45,"turns":7},{"damage":0,"enemies":"Sphere and 2 Shapes","floor":46,"turns":4},{"damage":0,"enemies":"3 Darklings","floor":48,"turns":5},{"damage":13,"enemies":"Donu and Deca","floor":50,"turns":12}],"event_choices":[{"event_name":"Shining Light","player_choice":"Entered Light","floor":4,"damage_taken":0},{"event_name":"Wheel of Change","player_choice":"Relic","floor":5,"damage_taken":0},{"event_name":"Golden Wing","player_choice":"Card Removal","floor":11,"damage_taken":0},{"event_name":"Vampires","player_choice":"Ignored","floor":19,"damage_taken":0},{"event_name":"Beggar","player_choice":"Gave Gold","floor":22,"damage_taken":0},{"event_name":"Match and Keep!","player_choice":"3 cards matched","floor":40,"damage_taken":0}],"boss_relics":[{"not_picked":["Black Star","Lizard Tail"],"picked":"Ectoplasm"},{"not_picked":["The Specimen","Snecko Eye"],"picked":"Orrery"}],"potions_floor_spawned":[1,7,14,16,18,24,29,31,38,45,48],"seed_played":"671186652642973606","ascension_level":9,"is_trial":false}