{"gold_per_floor":[112,123,139,139,89,119,119,119,119,119,137,17,41,65,65,190,190,213,232,251,276,276],"floor_reached":22,"playtime":1798,"items_purged":[],"score":240,"play_id":"d1b4b3c4-72bb-4227-8996-99de8cae2eff","local_time":"20190719172254","is_ascension_mode":false,"campfire_choices":[{"data":"Loop","floor":10,"key":"SMITH"},{"floor":15,"key":"REST"}],"neow_cost":"NONE","seed_source_timestamp":37418607881200,"circlet_count":0,"master_deck":["Strike_B","Strike_B","Strike_B","Defend_B","Defend_B","Defend_B+1","Defend_B","Zap","Dualcast","Cold Snap+1","Loop+1","BootSequence","Conserve Battery","Injury","Turbo","Doom and Gloom+1","Sweeping Beam+1","Redo","Redo","Rainbow","Reinforced Body","Rebound+1","Redo+1","Barrage+1"],"relics":["Cracked Core","Gremlin Horn","Golden Idol","Molten Egg 2","Black Star"],"potions_floor_usage":[16,16],"damage_taken":[{"damage":1,"enemies":"Cultist","floor":1,"turns":4},{"damage":0,"enemies":"Small Slimes","floor":2,"turns":3},{"damage":0,"enemies":"2 Louse","floor":3,"turns":2},{"damage":12,"enemies":"Lagavulin","floor":6,"turns":8},{"damage":0,"enemies":"Looter","floor":11,"turns":3},{"damage":6,"enemies":"Lots of Slimes","floor":13,"turns":2},{"damage":13,"enemies":"Red Slaver","floor":14,"turns":2},{"damage":0,"enemies":"Slime Boss","floor":16,"turns":8},{"damage":17,"enemies":"3 Byrds","floor":18,"turns":4},{"damage":10,"enemies":"2 Thieves","floor":19,"turns":5},{"damage":14,"enemies":"Snake Plant","floor":20,"turns":4},{"damage":36,"enemies":"Shelled Parasite and Fungi","floor":21,"turns":7},{"damage":13,"enemies":"Centurion and Healer","floor":22,"turns":3}],"seed_played":"-5299277334595975962","potions_obtained":[{"floor":2,"key":"SkillPotion"},{"floor":6,"key":"AttackPotion"},{"floor":11,"key":"Strength Potion"},{"floor":13,"key":"Poison Potion"},{"floor":18,"key":"AttackPotion"},{"floor":19,"key":"EssenceOfSteel"}],"is_trial":false,"path_per_floor":["M","M","M","$","?","E","?","?","T","R","M","$","M","M","R","B",null,"M","M","M","M","M"],"character_chosen":"DEFECT","items_purchased":["Doom and Gloom+1","Sweeping Beam+1"],"campfire_rested":1,"item_purchase_floors":[12,12],"current_hp_per_floor":[81,81,81,81,81,69,53,53,53,53,53,53,47,34,58,58,82,65,55,41,5,0],"gold":276,"neow_bonus":"TEN_PERCENT_HP_BONUS","is_prod":false,"is_daily":false,"chose_seed":false,"campfire_upgraded":1,"win_rate":0.0,"timestamp":1563574974,"path_taken":["M","M","M","$","?","E","?","?","T","R","M","$","M","M","R","BOSS","M","M","M","M","M"],"build_version":"2019-07-17","purchased_purges":0,"victory":false,"max_hp_per_floor":[82,82,82,82,82,82,82,82,82,82,82,82,82,82,82,82,82,82,82,82,82,82],"card_choices":[{"not_picked":["Steam","Sweeping Beam"],"picked":"Cold Snap","floor":1},{"not_picked":["Scrape","Beam Cell"],"picked":"Loop","floor":2},{"not_picked":["Seek","Blizzard"],"picked":"BootSequence","floor":3},{"not_picked":["Reinforced Body","Aggregate"],"picked":"Conserve Battery","floor":6},{"not_picked":["Beam Cell+1","Lockon+1"],"picked":"Turbo","floor":11},{"not_picked":["Darkness","Go for the Eyes+1"],"picked":"Redo","floor":13},{"not_picked":["Beam Cell+1","Storm"],"picked":"Redo","floor":14},{"not_picked":["Seek","Machine Learning"],"picked":"Rainbow","floor":16},{"not_picked":["Ball Lightning+1","Go for the Eyes+1"],"picked":"Reinforced Body","floor":18},{"not_picked":["Cold Snap+1","Force Field+1"],"picked":"Rebound+1","floor":19},{"not_picked":["FTL+1","Leap"],"picked":"Redo+1","floor":20},{"not_picked":["Fission","Ball Lightning+1"],"picked":"Barrage+1","floor":21}],"player_experience":196276,"relics_obtained":[{"floor":6,"key":"Gremlin Horn"},{"floor":9,"key":"Molten Egg 2"}],"event_choices":[{"cards_removed":["Strike_B"],"damage_healed":0,"gold_gain":0,"player_choice":"Card Removal","damage_taken":0,"max_hp_gain":0,"max_hp_loss":0,"event_name":"The Cleric","floor":5,"gold_loss":50},{"damage_healed":0,"gold_gain":0,"player_choice":"Entered Light","damage_taken":16,"max_hp_gain":0,"max_hp_loss":0,"event_name":"Shining Light","floor":7,"gold_loss":0,"cards_upgraded":["Cold Snap","Defend_B"]},{"damage_healed":0,"gold_gain":0,"player_choice":"Take Wound","damage_taken":0,"relics_obtained":["Golden Idol"],"max_hp_gain":0,"max_hp_loss":0,"event_name":"Golden Idol","floor":8,"gold_loss":0,"cards_obtained":["Injury"]}],"is_beta":false,"boss_relics":[{"not_picked":["Ectoplasm","Snecko Eye"],"picked":"Black Star"}],"items_purged_floors":[],"is_endless":false,"potions_floor_spawned":[2,6,11,13,14,18,19],"killed_by":"Centurion and Healer","ascension_level":0}