{"gold_per_floor":[117,135,135,10,20,20,46,46,46,59,59,71,96,109,109,207,207,222,239,45,60,60,60,71,83,83,83,94,94,9,27,27,126,126,139,239,239,258,258,258,286,31,31,31,31,31,31,31,31,31],"floor_reached":50,"playtime":2071,"items_purged":["Strike_R","Strike_R"],"score":530,"play_id":"ae006a82-d950-454d-8ae1-8da543be9480","local_time":"20190517193120","is_ascension_mode":false,"campfire_choices":[{"data":"Bash","floor":6,"key":"SMITH"},{"floor":8,"key":"REST"},{"data":"Limit Break","floor":15,"key":"SMITH"},{"data":"Rampage","floor":23,"key":"SMITH"},{"data":"Spot Weakness","floor":27,"key":"SMITH"},{"data":"Barricade","floor":29,"key":"SMITH"},{"data":"Flame Barrier","floor":32,"key":"SMITH"},{"data":"Feed","floor":40,"key":"SMITH"},{"floor":44,"key":"REST"},{"data":"Panacea","floor":47,"key":"SMITH"},{"floor":49,"key":"REST"}],"neow_cost":"NONE","seed_source_timestamp":263941313977771,"circlet_count":0,"master_deck":["Defend_R+1","Defend_R","Defend_R","Defend_R","Bash+1","Rampage+1","Inflame+1","Spot Weakness+1","Intimidate","Flame Barrier+1","Blood for Blood","Twin Strike","Limit Break+1","Reaper","Intimidate+1","Flame Barrier","Barricade+1","Feed+1","Disarm+1","Armaments+1","Panacea+1"],"relics":["Burning Blood","Happy Flower","Magic Flower","Shuriken","Bottled Flame","Velvet Choker","Juzu Bracelet","Mango","Meat on the Bone","Empty Cage","FossilizedHelix","Pantograph","Pen Nib","Centennial Puzzle","Blue Candle"],"potions_floor_usage":[16,21,25,33,33,38,38,38,50,50],"damage_taken":[{"damage":2,"enemies":"2 Louse","floor":1,"turns":3},{"damage":5,"enemies":"Small Slimes","floor":2,"turns":4},{"damage":6,"enemies":"Cultist","floor":5,"turns":3},{"damage":37,"enemies":"3 Sentries","floor":7,"turns":7},{"damage":0,"enemies":"Large Slime","floor":10,"turns":3},{"damage":5,"enemies":"3 Louse","floor":12,"turns":4},{"damage":18,"enemies":"Lagavulin","floor":13,"turns":6},{"damage":0,"enemies":"Exordium Wildlife","floor":14,"turns":3},{"damage":21,"enemies":"Slime Boss","floor":16,"turns":7},{"damage":6,"enemies":"Chosen","floor":18,"turns":3},{"damage":29,"enemies":"Spheric Guardian","floor":19,"turns":6},{"damage":26,"enemies":"3 Cultists","floor":21,"turns":6},{"damage":27,"enemies":"Sentry and Sphere","floor":24,"turns":5},{"damage":11,"enemies":"Shelled Parasite and Fungi","floor":25,"turns":5},{"damage":10,"enemies":"Centurion and Healer","floor":28,"turns":5},{"damage":41,"enemies":"Sentry and Sphere","floor":31,"turns":10},{"damage":0,"enemies":"Champ","floor":33,"turns":8},{"damage":6,"enemies":"Orb Walker","floor":35,"turns":4},{"damage":4,"enemies":"Mind Bloom Boss Battle","floor":36,"turns":6},{"damage":18,"enemies":"3 Darklings","floor":38,"turns":5},{"damage":64,"enemies":"Nemesis","floor":41,"turns":9},{"damage":115,"enemies":"Donu and Deca","floor":50,"turns":9}],"seed_played":"6139753300015384359","potions_obtained":[{"floor":2,"key":"FairyPotion"},{"floor":5,"key":"FairyPotion"},{"floor":13,"key":"Strength Potion"},{"floor":14,"key":"Regen Potion"},{"floor":16,"key":"Block Potion"},{"floor":21,"key":"Energy Potion"},{"floor":25,"key":"EssenceOfSteel"},{"floor":28,"key":"SkillPotion"},{"floor":33,"key":"GamblersBrew"},{"floor":36,"key":"Energy Potion"},{"floor":38,"key":"Fire Potion"},{"floor":41,"key":"Regen Potion"}],"is_trial":false,"path_per_floor":["M","M","?","$","M","R","E","R","T","M","?","M","E","M","R","B",null,"M","M","$","M","?","R","M","M","T","R","M","R","?","M","R","B",null,"M","?","?","M","T","R","E","$","T","R","?","?","R","$","R","B"],"character_chosen":"IRONCLAD","items_purchased":["Swift Potion","Juzu Bracelet","PowerPotion","Centennial Puzzle"],"campfire_rested":3,"item_purchase_floors":[4,20,20,42],"current_hp_per_floor":[80,80,64,64,64,64,33,57,57,66,66,70,61,70,70,80,80,80,69,69,80,80,80,62,69,83,83,94,94,94,85,85,94,94,94,94,89,89,89,89,52,52,52,78,78,78,78,78,89,0],"gold":31,"neow_bonus":"RANDOM_COMMON_RELIC","is_prod":false,"is_daily":false,"chose_seed":false,"campfire_upgraded":8,"win_rate":0,"timestamp":1558135880,"path_taken":["M","M","?","$","M","R","E","R","T","M","?","?","E","M","R","BOSS","M","M","$","M","?","R","M","M","T","R","M","R","?","M","R","BOSS","M","?","?","M","?","R","E","$","T","R","?","?","R","$","R","BOSS"],"build_version":"2019-01-23","purchased_purges":2,"victory":false,"max_hp_per_floor":[80,80,80,80,80,80,80,80,80,80,80,80,80,80,80,80,80,80,80,80,80,80,80,80,80,94,94,94,94,94,94,94,94,94,94,94,89,89,89,89,89,89,89,89,89,89,89,89,89,89],"card_choices":[{"not_picked":["True Grit","Thunderclap"],"picked":"Rampage","floor":1},{"not_picked":["Clash","Anger"],"picked":"Inflame","floor":2},{"not_picked":["Carnage","Thunderclap"],"picked":"Spot Weakness","floor":5},{"not_picked":["Rupture","Body Slam"],"picked":"Intimidate","floor":7},{"not_picked":["Clothesline","Sever Soul"],"picked":"Flame Barrier","floor":10},{"not_picked":["Thunderclap","Blood for Blood","Infernal Blade"],"picked":"SKIP","floor":12},{"not_picked":["Sword Boomerang","Sentinel"],"picked":"Twin Strike","floor":13},{"not_picked":["Anger","Armaments"],"picked":"Limit Break","floor":14},{"not_picked":["Exhume","Brutality"],"picked":"Reaper","floor":16},{"not_picked":["Rage","True Grit","Hemokinesis"],"picked":"SKIP","floor":18},{"not_picked":["Fire Breathing","Perfected Strike+1"],"picked":"Intimidate+1","floor":19},{"not_picked":["Havoc","Thunderclap"],"picked":"Pommel Strike+1","floor":21},{"not_picked":["Evolve","Pommel Strike","Body Slam"],"picked":"SKIP","floor":24},{"not_picked":["Blood for Blood","Armaments","Feel No Pain"],"picked":"SKIP","floor":25},{"not_picked":["Sword Boomerang","Power Through"],"picked":"Barricade","floor":28},{"not_picked":["Thunderclap","Iron Wave","Clash"],"picked":"SKIP","floor":31},{"not_picked":["Reaper","Limit Break"],"picked":"Feed","floor":33},{"not_picked":["Bloodletting+1","Body Slam"],"picked":"Disarm+1","floor":35},{"not_picked":["Reckless Charge+1","Headbutt+1"],"picked":"Armaments+1","floor":38},{"not_picked":["Fire Breathing+1","Havoc","Cleave+1"],"picked":"SKIP","floor":41},{"not_picked":["PanicButton","HandOfGreed"],"picked":"Panacea","floor":46}],"player_experience":3692847,"relics_obtained":[{"floor":7,"key":"Magic Flower"},{"floor":9,"key":"Shuriken"},{"floor":13,"key":"Bottled Flame"},{"floor":26,"key":"Mango"},{"floor":36,"key":"FossilizedHelix"},{"floor":39,"key":"Pantograph"},{"floor":41,"key":"Pen Nib"},{"floor":43,"key":"Blue Candle"}],"event_choices":[{"damage_healed":0,"gold_gain":0,"player_choice":"Entered Light","damage_taken":16,"max_hp_gain":0,"max_hp_loss":0,"event_name":"Shining Light","floor":3,"gold_loss":0,"cards_upgraded":["Defend_R","Inflame"]},{"damage_healed":0,"gold_gain":0,"cards_transformed":["Strike_R"],"player_choice":"Transformed","damage_taken":0,"max_hp_gain":0,"max_hp_loss":0,"event_name":"Transmorgrifier","floor":11,"gold_loss":0,"cards_obtained":["Blood for Blood"]},{"damage_healed":0,"gold_gain":0,"player_choice":"Read","damage_taken":0,"max_hp_gain":0,"max_hp_loss":0,"event_name":"The Library","floor":22,"gold_loss":0,"cards_obtained":["Flame Barrier"]},{"damage_healed":0,"gold_gain":0,"player_choice":"Obtained Relic","damage_taken":0,"relics_obtained":["Meat on the Bone"],"max_hp_gain":0,"max_hp_loss":0,"event_name":"Addict","floor":30,"gold_loss":85},{"damage_healed":0,"gold_gain":0,"player_choice":"Fight","damage_taken":0,"max_hp_gain":0,"max_hp_loss":0,"event_name":"MindBloom","floor":36,"gold_loss":0},{"damage_healed":0,"gold_gain":0,"player_choice":"Max HP","damage_taken":0,"max_hp_gain":0,"max_hp_loss":5,"event_name":"Winding Halls","floor":37,"gold_loss":0},{"cards_removed":["Pommel Strike"],"damage_healed":0,"gold_gain":0,"player_choice":"Removed Attack","damage_taken":0,"max_hp_gain":0,"max_hp_loss":0,"event_name":"Falling","floor":45,"gold_loss":0},{"damage_healed":0,"gold_gain":0,"player_choice":"Memory 1","damage_taken":0,"max_hp_gain":0,"max_hp_loss":0,"event_name":"SensoryStone","floor":46,"gold_loss":0}],"is_beta":false,"boss_relics":[{"not_picked":["Tiny House","Lizard Tail"],"picked":"Velvet Choker"},{"not_picked":["White Beast Statue","Eternal Feather"],"picked":"Empty Cage"}],"items_purged_floors":[4,42],"is_endless":false,"potions_floor_spawned":[2,5,13,14,16,18,21,25,28,33,36,38,41],"killed_by":"Donu and Deca","ascension_level":0}