{"gold_per_floor":[140,159,159,159,159,159,159,198,198,28,62,62,62,83,83,83],"floor_reached":16,"playtime":549,"items_purged":[],"score":175,"play_id":"037377ed-f4b1-4e1d-aaa8-3968a888c5a6","local_time":"20181219165214","is_ascension_mode":true,"campfire_choices":[{"floor":6,"key":"REST"},{"floor":12,"key":"REST"},{"data":"Bash","floor":15,"key":"SMITH"}],"neow_cost":"NONE","seed_source_timestamp":601827168460470,"circlet_count":0,"master_deck":["AscendersBane","Strike_R","Strike_R","Strike_R+1","Strike_R","Strike_R","Defend_R","Defend_R","Defend_R","Defend_R+1","Bash+1","Twin Strike","Burning Pact","Shrug It Off","Bandage Up","Havoc","Wild Strike","Evolve+1"],"relics":["Burning Blood","Tiny Chest","Golden Idol","Letter Opener","Blood Vial","Mercury Hourglass","Frozen Egg 2","Bottled Lightning"],"potions_floor_usage":[11,11,16],"damage_taken":[{"damage":3,"enemies":"2 Louse","floor":1,"turns":4},{"damage":9,"enemies":"Jaw Worm","floor":2,"turns":4},{"damage":48,"enemies":"Lagavulin","floor":8,"turns":10},{"damage":12,"enemies":"Gremlin Nob","floor":11,"turns":4},{"damage":0,"enemies":"Small Slimes","floor":14,"turns":2},{"damage":58,"enemies":"Hexaghost","floor":16,"turns":9}],"seed_played":"2441275422171025778","potions_obtained":[{"floor":8,"key":"PowerPotion"},{"floor":14,"key":"FearPotion"}],"is_trial":false,"path_per_floor":["M","M","?","?","?","R","T","E","T","$","E","R","$","M","R","B"],"character_chosen":"IRONCLAD","items_purchased":["Bandage Up","Fire Potion","Havoc"],"campfire_rested":2,"item_purchase_floors":[10,10,10],"current_hp_per_floor":[75,72,52,45,29,53,53,13,13,13,13,37,37,49,49,0],"gold":83,"neow_bonus":"RANDOM_COMMON_RELIC","is_prod":false,"is_daily":false,"chose_seed":false,"campfire_upgraded":1,"win_rate":0,"timestamp":1545256334,"path_taken":["M","M","?","?","?","R","?","E","T","?","E","R","$","M","R","BOSS"],"build_version":"2018-12-13","purchased_purges":0,"victory":false,"max_hp_per_floor":[80,80,80,80,80,80,80,80,80,80,80,80,80,80,80,80],"card_choices":[{"not_picked":["Wild Strike","Seeing Red"],"picked":"Twin Strike","floor":1},{"not_picked":["Warcry","Fire Breathing"],"picked":"Burning Pact","floor":2},{"not_picked":["Clothesline","Sentinel"],"picked":"Shrug It Off","floor":8},{"not_picked":["Hemokinesis","Power Through"],"picked":"Wild Strike","floor":11},{"not_picked":["Seeing Red","Sword Boomerang"],"picked":"Evolve+1","floor":14}],"player_experience":2945291,"relics_obtained":[{"floor":7,"key":"Blood Vial"},{"floor":8,"key":"Mercury Hourglass"},{"floor":9,"key":"Frozen Egg 2"},{"floor":11,"key":"Bottled Lightning"}],"event_choices":[{"damage_healed":0,"gold_gain":0,"player_choice":"Take Damage","damage_taken":20,"relics_obtained":["Golden Idol"],"max_hp_gain":0,"max_hp_loss":0,"event_name":"Golden Idol","floor":3,"gold_loss":0},{"damage_healed":0,"gold_gain":0,"player_choice":"Success","damage_taken":7,"relics_obtained":["Letter Opener"],"max_hp_gain":0,"max_hp_loss":0,"event_name":"Scrap Ooze","floor":4,"gold_loss":0},{"damage_healed":0,"gold_gain":0,"player_choice":"Entered Light","damage_taken":16,"max_hp_gain":0,"max_hp_loss":0,"event_name":"Shining Light","floor":5,"gold_loss":0,"cards_upgraded":["Strike_R","Defend_R"]}],"is_beta":false,"boss_relics":[],"items_purged_floors":[],"is_endless":false,"potions_floor_spawned":[8,14],"killed_by":"Hexaghost","ascension_level":13}