{"gold_per_floor":[116,41,59,75,75,75,86,86,138,39,39,71,71,88,88,191,191,207,219,119,119,138,167,167,181,181,181,210,10,10,10],"floor_reached":31,"playtime":1581,"items_purged":["Strike_B","Strike_B"],"score":328,"play_id":"740060d1-e57b-4177-93b1-6fe6b28746e1","local_time":"20181201144310","is_ascension_mode":true,"campfire_choices":[{"data":"Loop","floor":6,"key":"SMITH"},{"data":"Lockon","floor":8,"key":"SMITH"},{"data":"Conserve Battery","floor":11,"key":"SMITH"},{"data":"Zap","floor":13,"key":"SMITH"},{"data":"Tempest","floor":15,"key":"SMITH"},{"floor":24,"key":"REST"},{"floor":27,"key":"REST"},{"floor":30,"key":"REST"}],"neow_cost":"TEN_PERCENT_HP_LOSS","seed_source_timestamp":1526529882549960,"circlet_count":0,"master_deck":["Strike_B","Defend_B","Defend_B","Defend_B","Defend_B","Zap+1","Dualcast","Echo Form","BootSequence","Tempest+1","Loop+1","Lockon+1","Conserve Battery+1","Core Surge","Go for the Eyes+1","Conserve Battery+1","Conserve Battery+1","Defragment"],"relics":["Cracked Core","Bag of Marbles","Happy Flower","Black Star","Shuriken","Strawberry","Vajra","Mummified Hand","Thread and Needle","Ginger","Runic Capacitor"],"potions_floor_usage":[7,16,19,22,28],"damage_taken":[{"damage":0,"enemies":"Cultist","floor":1,"turns":4},{"damage":4,"enemies":"Small Slimes","floor":3,"turns":4},{"damage":0,"enemies":"2 Louse","floor":4,"turns":2},{"damage":0,"enemies":"Lots of Slimes","floor":7,"turns":1},{"damage":17,"enemies":"Lagavulin","floor":12,"turns":8},{"damage":0,"enemies":"Exordium Wildlife","floor":14,"turns":4},{"damage":20,"enemies":"Hexaghost","floor":16,"turns":8},{"damage":21,"enemies":"Spheric Guardian","floor":18,"turns":5},{"damage":2,"enemies":"3 Byrds","floor":19,"turns":3},{"damage":8,"enemies":"Snecko","floor":22,"turns":4},{"damage":17,"enemies":"Book of Stabbing","floor":23,"turns":6},{"damage":8,"enemies":"Shelled Parasite and Fungi","floor":25,"turns":6},{"damage":27,"enemies":"Gremlin Leader","floor":28,"turns":9},{"damage":0,"enemies":"Colosseum Slavers","floor":31,"turns":4},{"damage":72,"enemies":"Colosseum Nobs","floor":31,"turns":4}],"seed_played":"-5394779233158745629","potions_obtained":[{"floor":1,"key":"Explosive Potion"},{"floor":3,"key":"Explosive Potion"},{"floor":7,"key":"SmokeBomb"},{"floor":16,"key":"Fire Potion"},{"floor":18,"key":"Energy Potion"}],"is_trial":false,"path_per_floor":["M","$","M","M","?","R","M","R","T","$","R","E","R","M","R","B",null,"M","M","$","?","M","E","R","M","T","R","E","$","R","?"],"character_chosen":"DEFECT","items_purchased":["Conserve Battery","Poison Potion","Runic Capacitor"],"campfire_rested":3,"item_purchase_floors":[10,10,29],"current_hp_per_floor":[68,68,64,64,64,64,64,64,64,64,64,47,47,47,47,27,68,47,45,45,45,37,27,49,41,41,63,36,36,58,0],"gold":10,"neow_bonus":"THREE_RARE_CARDS","is_prod":false,"is_daily":false,"chose_seed":false,"campfire_upgraded":5,"win_rate":0,"timestamp":1543693390,"path_taken":["M","$","M","?","?","R","M","R","T","$","R","E","R","?","R","BOSS","M","M","$","?","M","E","R","?","T","R","E","$","R","?"],"build_version":"2018-11-15","purchased_purges":2,"victory":false,"max_hp_per_floor":[68,68,68,68,68,68,68,68,68,68,68,68,68,68,68,68,68,68,68,68,68,68,75,75,75,75,75,75,75,75,75],"card_choices":[{"not_picked":["Buffer","Creative AI"],"picked":"Echo Form","floor":0},{"not_picked":["Beam Cell","Gash"],"picked":"BootSequence","floor":1},{"not_picked":["Sunder","Gash"],"picked":"Tempest","floor":3},{"not_picked":["Hologram","Coolheaded"],"picked":"Loop","floor":4},{"not_picked":["Scrape","Ball Lightning"],"picked":"Lockon","floor":7},{"not_picked":["Aggregate","BootSequence","Steam"],"picked":"SKIP","floor":12},{"not_picked":["Double Energy","Leap","Coolheaded"],"picked":"SKIP","floor":14},{"not_picked":["Thunder Strike","Fission"],"picked":"Core Surge","floor":16},{"not_picked":["Barrage","Ball Lightning"],"picked":"Go for the Eyes+1","floor":18},{"not_picked":["Streamline","Heatsinks","Go for the Eyes"],"picked":"SKIP","floor":19},{"not_picked":["Streamline","Beam Cell"],"picked":"Conserve Battery+1","floor":22},{"not_picked":["Coolheaded","Gash"],"picked":"Conserve Battery+1","floor":23},{"not_picked":["Static Discharge","Conserve Battery","Core Surge"],"picked":"SKIP","floor":25},{"not_picked":["Loop","Barrage"],"picked":"Defragment","floor":28}],"player_experience":2598324,"relics_obtained":[{"floor":9,"key":"Bag of Marbles"},{"floor":12,"key":"Happy Flower"},{"floor":23,"key":"Strawberry"},{"floor":23,"key":"Vajra"},{"floor":26,"key":"Mummified Hand"},{"floor":28,"key":"Thread and Needle"},{"floor":28,"key":"Ginger"}],"event_choices":[{"damage_healed":0,"gold_gain":0,"cards_transformed":["Strike_B"],"player_choice":"Transformed","damage_taken":0,"max_hp_gain":0,"max_hp_loss":0,"event_name":"Transmorgrifier","floor":5,"gold_loss":0,"cards_obtained":["Multi-Cast"]},{"cards_removed":["Multi-Cast"],"damage_healed":0,"gold_gain":0,"player_choice":"Gave Card","damage_taken":0,"relics_obtained":["Shuriken"],"max_hp_gain":0,"max_hp_loss":0,"event_name":"WeMeetAgain","floor":21,"gold_loss":0},{"damage_healed":0,"gold_gain":0,"player_choice":"Fight","damage_taken":0,"max_hp_gain":0,"max_hp_loss":0,"event_name":"Colosseum","floor":31,"gold_loss":0},{"damage_healed":0,"gold_gain":0,"player_choice":"Fought Nobs","damage_taken":0,"max_hp_gain":0,"max_hp_loss":0,"event_name":"Colosseum","floor":31,"gold_loss":0}],"is_beta":false,"boss_relics":[{"not_picked":["Pandora\u0027s Box","Coffee Dripper"],"picked":"Black Star"}],"items_purged_floors":[2,20],"is_endless":false,"potions_floor_spawned":[1,3,7,16,18,31],"killed_by":"Colosseum Nobs","ascension_level":4}