{"gold_per_floor":[113,129,144,144,144,175,191,191,191,191,211,228,228,248,248,350,350,370,359,7,7],"floor_reached":21,"playtime":2420,"items_purged":["Strike_G"],"score":183,"play_id":"bcff0f64-0388-4b0c-bdb7-7c742168f922","local_time":"20190714073844","is_ascension_mode":false,"campfire_choices":[{"floor":8.0,"key":"REST"},{"floor":13,"key":"REST"},{"floor":15,"key":"REST"}],"neow_cost":"NONE","seed_source_timestamp":0,"circlet_count":0,"master_deck":["Strike_G","Strike_G","Strike_G","Strike_G+1","Defend_G","Defend_G","Defend_G","Defend_G+1","Survivor","Neutralize","Acrobatics","Footwork","Backflip","Catalyst","Sucker Punch","PiercingWail","Skewer","Footwork","Burst","Envenom","Acrobatics","Quick Slash","Deadly Poison","Footwork"],"special_seed":0,"relics":["Ring of the Serpent","NeowsBlessing","FossilizedHelix","Paper Crane","Happy Flower"],"potions_floor_usage":[16,21],"damage_taken":[{"damage":0.0,"enemies":"Jaw Worm","floor":1.0,"turns":1.0},{"damage":0.0,"enemies":"Cultist","floor":2.0,"turns":1.0},{"damage":0.0,"enemies":"Small Slimes","floor":3.0,"turns":1.0},{"damage":47.0,"enemies":"Lagavulin","floor":6.0,"turns":13.0},{"damage":5.0,"enemies":"3 Louse","floor":7.0,"turns":5.0},{"damage":0.0,"enemies":"Looter","floor":11.0,"turns":4.0},{"damage":0,"enemies":"Blue Slaver","floor":12,"turns":6},{"damage":0,"enemies":"Large Slime","floor":14,"turns":8},{"damage":62,"enemies":"Slime Boss","floor":16,"turns":25},{"damage":15,"enemies":"Chosen","floor":18,"turns":8},{"damage":32,"enemies":"2 Thieves","floor":19,"turns":4},{"damage":24,"enemies":"Snake Plant","floor":21,"turns":6}],"seed_played":"-1542331928549512151","potions_obtained":[{"floor":2.0,"key":"SpeedPotion"},{"floor":3.0,"key":"EntropicBrew"},{"floor":7.0,"key":"Dexterity Potion"},{"floor":14,"key":"Block Potion"},{"floor":18,"key":"Block Potion"}],"is_trial":false,"path_per_floor":["M","M","M","?","?","E","M","R","T","?","M","M","R","M","R","B",null,"M","M","$","M"],"character_chosen":"THE_SILENT","items_purchased":["Happy Flower","Deadly Poison","Footwork"],"campfire_rested":3,"item_purchase_floors":[20,20,20],"current_hp_per_floor":[70,70,70,56,56,9,4,25,25,25,25,25,46,46,67,5,70,55,23,23,0],"gold":7,"neow_bonus":"THREE_ENEMY_KILL","is_prod":false,"is_daily":false,"chose_seed":false,"campfire_upgraded":0,"win_rate":0.0,"timestamp":1563111523,"path_taken":["M","M","M","?","?","E","?","R","T","?","M","M","R","M","R","BOSS","M","M","$","M"],"build_version":"2019-07-05","purchased_purges":1,"victory":false,"max_hp_per_floor":[70,70,70,70,70,70,70,70,70,70,70,70,70,70,70,70,70,70,70,70,70],"card_choices":[{"not_picked":["Quick Slash","Reflex"],"picked":"Acrobatics","floor":1.0},{"not_picked":["Caltrops","Escape Plan"],"picked":"Footwork","floor":2.0},{"not_picked":["Dodge and Roll","Dagger Throw"],"picked":"Backflip","floor":3.0},{"not_picked":["Finisher","Dagger Throw"],"picked":"Sucker Punch","floor":6.0},{"not_picked":["Outmaneuver","Slice"],"picked":"PiercingWail","floor":7.0},{"not_picked":["Calculated Gamble","Quick Slash"],"picked":"Skewer","floor":11.0},{"not_picked":["Backflip","Skewer"],"picked":"Footwork","floor":12},{"not_picked":["Predator","Terror"],"picked":"Burst","floor":14},{"not_picked":["Tools of the Trade","Phantasmal Killer"],"picked":"Envenom","floor":16},{"not_picked":["All Out Attack+1","Outmaneuver"],"picked":"Acrobatics","floor":18},{"not_picked":["Prepared","Backstab"],"picked":"Quick Slash","floor":19}],"player_experience":46509,"relics_obtained":[{"floor":6.0,"key":"FossilizedHelix"},{"floor":9.0,"key":"Paper Crane"}],"event_choices":[{"damage_healed":0.0,"max_hp_gain":0.0,"max_hp_loss":0.0,"gold_gain":0.0,"event_name":"Shining Light","player_choice":"Entered Light","floor":4.0,"gold_loss":0.0,"damage_taken":14.0,"cards_upgraded":["Strike_G","Defend_G"]},{"damage_healed":0.0,"max_hp_gain":0.0,"max_hp_loss":0.0,"gold_gain":0.0,"cards_transformed":["Defend_G"],"event_name":"Transmorgrifier","player_choice":"Transformed","floor":5.0,"gold_loss":0.0,"damage_taken":0.0,"cards_obtained":["Catalyst"]},{"damage_healed":0.0,"max_hp_gain":0.0,"max_hp_loss":0.0,"gold_gain":0.0,"event_name":"Scrap Ooze","player_choice":"Fled","floor":10.0,"gold_loss":0.0,"damage_taken":0.0}],"is_beta":false,"boss_relics":[{"not_picked":["Runic Dome","Runic Pyramid"],"picked":"Ring of the Serpent"}],"items_purged_floors":[20],"is_endless":false,"potions_floor_spawned":[2,3,7,14,18],"killed_by":"Snake Plant","ascension_level":0}