{"gold_per_floor":[114,129,144,159,174,174,57,72,97,97,112,112,127,138,138,238,238,253,253,268,283,298,298,313,313,313,313,328,343,343,358,358,458,458,473,488,488,503,503],"floor_reached":39,"playtime":2867,"items_purged":[],"score":458,"play_id":"db783db0-cc23-4280-9455-f6a9aa5bd353","local_time":"20190716074319","daily_mods":["Specialized","Vintage","Binary"],"is_ascension_mode":false,"campfire_choices":[{"floor":6.0,"key":"REST"},{"floor":10.0,"key":"REST"},{"floor":15.0,"key":"REST"},{"data":"Static Discharge","floor":23,"key":"SMITH"},{"floor":25,"key":"REST"},{"data":"Static Discharge","floor":27,"key":"SMITH"},{"data":"Static Discharge","floor":30,"key":"SMITH"},{"floor":32,"key":"REST"}],"neow_cost":"","seed_source_timestamp":0,"circlet_count":0,"master_deck":["Strike_B","Strike_B","Strike_B","Defend_B","Defend_B","Defend_B","Defend_B","Zap","Dualcast","Static Discharge+1","Static Discharge+1","Static Discharge+1","Static Discharge","Static Discharge","Loop+1","Conserve Battery","Leap","Echo Form+1","Storm+1","Biased Cognition+1"],"special_seed":18091,"relics":["Cracked Core","Centennial Puzzle","FossilizedHelix","Pen Nib","Symbiotic Virus","Frozen Egg 2","PreservedInsect","Smiling Mask","Question Card","The Courier","Odd Mushroom","Snecko Eye","Girya","Happy Flower","Regal Pillow","Kunai","Blue Candle","Ancient Tea Set","Orichalcum","Matryoshka","Eternal Feather","Cables","Art of War","FaceOfCleric","DataDisk"],"potions_floor_usage":[39],"damage_taken":[{"damage":5.0,"enemies":"Cultist","floor":1.0,"turns":3.0},{"damage":5.0,"enemies":"Small Slimes","floor":2.0,"turns":4.0},{"damage":11.0,"enemies":"Jaw Worm","floor":3.0,"turns":4.0},{"damage":12.0,"enemies":"Gremlin Gang","floor":4.0,"turns":2.0},{"damage":6.0,"enemies":"Exordium Wildlife","floor":5.0,"turns":2.0},{"damage":10.0,"enemies":"Looter","floor":8.0,"turns":3.0},{"damage":3.0,"enemies":"Red Slaver","floor":11.0,"turns":2.0},{"damage":19.0,"enemies":"3 Louse","floor":13.0,"turns":2.0},{"damage":17.0,"enemies":"The Mushroom Lair","floor":14.0,"turns":3.0},{"damage":41.0,"enemies":"Hexaghost","floor":16.0,"turns":4.0},{"damage":10.0,"enemies":"Spheric Guardian","floor":18.0,"turns":3.0},{"damage":5.0,"enemies":"Chosen","floor":20.0,"turns":3.0},{"damage":0.0,"enemies":"Snecko","floor":21.0,"turns":5.0},{"damage":8.0,"enemies":"Centurion and Healer","floor":22.0,"turns":3.0},{"damage":6,"enemies":"Cultist and Chosen","floor":24,"turns":4},{"damage":18,"enemies":"Shelled Parasite and Fungi","floor":28,"turns":3},{"damage":11,"enemies":"Centurion and Healer","floor":29,"turns":11},{"damage":14,"enemies":"Snake Plant","floor":31,"turns":1},{"damage":18,"enemies":"Champ","floor":33,"turns":9},{"damage":6,"enemies":"Orb Walker","floor":35,"turns":3},{"damage":25,"enemies":"3 Darklings","floor":36,"turns":5},{"damage":43,"enemies":"Jaw Worm Horde","floor":38,"turns":4},{"damage":8,"enemies":"Spire Growth","floor":39,"turns":3}],"seed_played":"-4607552387354997456","potions_obtained":[{"floor":1.0,"key":"FearPotion"},{"floor":3.0,"key":"SteroidPotion"},{"floor":11.0,"key":"SteroidPotion"},{"floor":16.0,"key":"Dexterity Potion"},{"floor":21.0,"key":"GamblersBrew"},{"floor":33,"key":"Ancient Potion"}],"is_trial":false,"path_per_floor":["M","M","M","M","M","R","$","M","T","R","M","?","M","?","R","B",null,"M","?","M","M","M","R","M","R","T","R","M","M","R","M","R","B",null,"M","M","?","M","M"],"character_chosen":"DEFECT","items_purchased":["Loop+1","Conserve Battery"],"campfire_rested":5,"item_purchase_floors":[7,7],"current_hp_per_floor":[70,65,54,42,36,58,58,48,48,70,67,72,53,36,60,19,80,70,70,65,65,57,57,51,80,80,80,62,51,51,37,76,58,80,74,49,49,7,0],"gold":503,"neow_bonus":"","is_prod":false,"is_daily":true,"chose_seed":false,"campfire_upgraded":3,"win_rate":0,"timestamp":1563284599,"path_taken":["M","M","M","M","M","R","$","M","T","R","M","?","M","?","R","BOSS","M","?","M","M","M","R","?","R","T","R","M","M","R","M","R","BOSS","M","M","?","M","M"],"build_version":"2019-07-05","purchased_purges":0,"victory":false,"max_hp_per_floor":[75,75,75,75,75,75,75,75,75,75,75,80,80,80,80,80,80,80,80,80,80,80,80,80,80,80,80,80,80,80,80,80,80,80,80,80,80,81,81],"card_choices":[{"not_picked":["Sweeping Beam","Redo"],"picked":"Leap","floor":14.0},{"not_picked":["Fission","Meteor Strike"],"picked":"Echo Form+1","floor":16.0},{"not_picked":["Core Surge","Reboot"],"picked":"Biased Cognition+1","floor":33}],"player_experience":56230,"relics_obtained":[{"floor":1.0,"key":"Centennial Puzzle"},{"floor":2.0,"key":"FossilizedHelix"},{"floor":3.0,"key":"Pen Nib"},{"floor":4.0,"key":"Symbiotic Virus"},{"floor":5.0,"key":"Frozen Egg 2"},{"floor":8.0,"key":"PreservedInsect"},{"floor":9.0,"key":"Smiling Mask"},{"floor":11.0,"key":"Question Card"},{"floor":13.0,"key":"The Courier"},{"floor":14.0,"key":"Odd Mushroom"},{"floor":18.0,"key":"Girya"},{"floor":20.0,"key":"Happy Flower"},{"floor":21.0,"key":"Regal Pillow"},{"floor":22.0,"key":"Kunai"},{"floor":24,"key":"Blue Candle"},{"floor":28,"key":"Ancient Tea Set"},{"floor":29,"key":"Orichalcum"},{"floor":31,"key":"Matryoshka"},{"floor":35,"key":"Cables"},{"floor":36,"key":"Art of War"},{"floor":38,"key":"DataDisk"}],"event_choices":[{"damage_healed":0.0,"max_hp_gain":5.0,"max_hp_loss":0.0,"gold_gain":0.0,"event_name":"Big Fish","player_choice":"Donut","floor":12.0,"gold_loss":0.0,"damage_taken":0.0},{"damage_healed":0.0,"max_hp_gain":0.0,"max_hp_loss":0.0,"gold_gain":0.0,"event_name":"Mushrooms","player_choice":"Fought Mushrooms","floor":14.0,"gold_loss":0.0,"damage_taken":0.0},{"damage_healed":0.0,"max_hp_gain":0.0,"max_hp_loss":0.0,"gold_gain":0.0,"cards_transformed":["Strike_B"],"event_name":"Transmorgrifier","player_choice":"Transformed","floor":19.0,"gold_loss":0.0,"damage_taken":0.0,"cards_obtained":["Storm"]},{"damage_healed":0,"gold_gain":0,"player_choice":"Trade","damage_taken":0,"relics_obtained":["FaceOfCleric"],"max_hp_gain":0,"max_hp_loss":0,"event_name":"FaceTrader","floor":37,"gold_loss":0}],"is_beta":false,"boss_relics":[{"not_picked":["Nuclear Battery","Coffee Dripper"],"picked":"Snecko Eye"},{"not_picked":["Empty Cage","Pandora\u0027s Box"],"picked":"Eternal Feather"}],"items_purged_floors":[],"is_endless":false,"potions_floor_spawned":[1,3,11,13,16,21,24,33,38],"killed_by":"Spire Growth","ascension_level":0}