{"gold_per_floor":[10,28,28,28,28,28,28,0,26,41,41,60,60,111,111,242,242,261,66,79,93,106,106,106,122,122,122,145,163,163,176,176,300,300,319,344,360,485,499,499,519,519],"floor_reached":42,"playtime":16662,"items_purged":["Strike_B"],"score":469,"play_id":"bd223363-2b8b-4f55-8087-6b9a36aac512","local_time":"20181130195558","is_ascension_mode":false,"campfire_choices":[{"data":"Zap","floor":6,"key":"SMITH"},{"data":"Defragment","floor":11,"key":"SMITH"},{"data":"Defragment","floor":13,"key":"SMITH"},{"data":"Seek","floor":15,"key":"SMITH"},{"floor":23,"key":"REST"},{"floor":27,"key":"REST"},{"floor":30,"key":"REST"},{"data":"Capacitor","floor":32,"key":"SMITH"},{"floor":40,"key":"REST"}],"neow_cost":"NO_GOLD","seed_source_timestamp":1443781488340884,"circlet_count":0,"master_deck":["Strike_B","Defend_B","Defend_B","Defend_B","Defend_B","Zap+1","Dualcast","Darkness","Core Surge","Defragment+1","Defragment+1","BootSequence","Seek+1","Echo Form","Auto Shields","Capacitor+1","Sweeping Beam+1","Go for the Eyes","Impatience","Leap+1","Glacier+1","Melter+1","Electrodynamics","Defragment+1","Defragment+1","Capacitor","Fusion"],"relics":["Cracked Core","Unceasing Top","Golden Idol","Strawberry","Art of War","Black Star","Sozu","Turnip"],"potions_floor_usage":[18,20,22,31,31,36],"damage_taken":[{"damage":1,"enemies":"Jaw Worm","floor":1,"turns":2},{"damage":0,"enemies":"Small Slimes","floor":2,"turns":2},{"damage":3,"enemies":"2 Louse","floor":10,"turns":3},{"damage":3,"enemies":"Red Slaver","floor":12,"turns":4},{"damage":0,"enemies":"The Guardian","floor":16,"turns":7},{"damage":31,"enemies":"3 Byrds","floor":18,"turns":5},{"damage":5,"enemies":"2 Thieves","floor":20,"turns":3},{"damage":26,"enemies":"Sentry and Sphere","floor":21,"turns":6},{"damage":0,"enemies":"Snecko","floor":22,"turns":6},{"damage":25,"enemies":"3 Cultists","floor":25,"turns":6},{"damage":14,"enemies":"Centurion and Healer","floor":28,"turns":8},{"damage":1,"enemies":"Sentry and Sphere","floor":29,"turns":7},{"damage":1,"enemies":"3 Cultists","floor":31,"turns":7},{"damage":52,"enemies":"Collector","floor":33,"turns":18},{"damage":26,"enemies":"3 Darklings","floor":35,"turns":5},{"damage":19,"enemies":"3 Shapes","floor":36,"turns":4},{"damage":17,"enemies":"Transient","floor":37,"turns":5},{"damage":0,"enemies":"Mind Bloom Boss Battle","floor":38,"turns":6},{"damage":17,"enemies":"Spire Growth","floor":39,"turns":5},{"damage":14,"enemies":"3 Darklings","floor":41,"turns":6},{"damage":14,"enemies":"Transient","floor":42,"turns":3}],"seed_played":"-4030659560146688475","potions_obtained":[{"floor":2,"key":"SteroidPotion"},{"floor":18,"key":"FairyPotion"},{"floor":21,"key":"Swift Potion"},{"floor":22,"key":"Ancient Potion"},{"floor":31,"key":"Fruit Juice"},{"floor":33,"key":"Poison Potion"}],"is_trial":false,"path_per_floor":["M","M","?","$","?","R","?","?","T","M","R","M","R","T","R","B",null,"M","$","M","M","M","R","?","M","T","R","M","M","R","M","R","B",null,"M","M","M","?","M","R","M","M"],"character_chosen":"DEFECT","items_purchased":["Capacitor","PowerPotion"],"campfire_rested":4,"item_purchase_floors":[19,19],"current_hp_per_floor":[74,74,67,67,67,67,67,67,74,71,71,68,68,68,68,68,76,45,45,40,14,14,36,36,11,11,33,19,18,40,44,44,7,81,55,36,19,19,2,26,12,0],"gold":519,"neow_bonus":"TRANSFORM_TWO_CARDS","is_prod":false,"is_daily":false,"chose_seed":false,"campfire_upgraded":5,"win_rate":0,"timestamp":1543625758,"path_taken":["M","M","?","$","?","R","?","?","T","M","R","M","R","?","R","BOSS","M","$","M","M","M","R","?","?","T","R","M","M","R","M","R","BOSS","M","M","?","?","M","R","M","M"],"build_version":"2018-11-15","purchased_purges":1,"victory":false,"max_hp_per_floor":[75,75,75,75,69,69,69,69,76,76,76,76,76,76,76,76,76,76,76,76,76,76,76,76,76,76,76,76,76,76,81,81,81,81,81,81,81,81,81,81,81,81],"card_choices":[{"not_picked":["Stack","Conserve Battery"],"picked":"Defragment","floor":1},{"not_picked":["Steam","Beam Cell"],"picked":"Defragment","floor":2},{"not_picked":["Streamline","Coolheaded"],"picked":"BootSequence","floor":10},{"not_picked":["Steam","Gash"],"picked":"Seek","floor":12},{"not_picked":["Amplify","Machine Learning"],"picked":"Echo Form","floor":16},{"not_picked":["FTL+1","Darkness+1"],"picked":"Auto Shields","floor":18},{"not_picked":["Beam Cell+1","Conserve Battery"],"picked":"Sweeping Beam+1","floor":20},{"not_picked":["Blizzard","Sunder+1","Compile Driver"],"picked":"SKIP","floor":21},{"not_picked":["Streamline","Gash+1"],"picked":"Go for the Eyes","floor":22},{"not_picked":["Compile Driver","All For One"],"picked":"Leap+1","floor":25},{"not_picked":["Cold Snap","Chill"],"picked":"Glacier+1","floor":28},{"not_picked":["Heatsinks","Hello World","Genetic Algorithm"],"picked":"SKIP","floor":29},{"not_picked":["Redo","Coolheaded"],"picked":"Melter+1","floor":31},{"not_picked":["Machine Learning","Amplify"],"picked":"Electrodynamics","floor":33},{"not_picked":["Conserve Battery+1","Redo"],"picked":"Defragment+1","floor":35},{"not_picked":["Conserve Battery","Consume"],"picked":"Defragment+1","floor":36},{"not_picked":["Steam Power","Steam","Storm"],"picked":"SKIP","floor":37},{"not_picked":["Stack+1","Leap"],"picked":"Capacitor","floor":38},{"not_picked":["Rebound+1","Darkness","Storm+1"],"picked":"SKIP","floor":39},{"not_picked":["Turbo+1","Darkness"],"picked":"Fusion","floor":41}],"player_experience":2575651,"relics_obtained":[{"floor":9,"key":"Strawberry"},{"floor":14,"key":"Art of War"},{"floor":38,"key":"Turnip"}],"event_choices":[{"damage_healed":0,"gold_gain":0,"player_choice":"Success","damage_taken":7,"relics_obtained":["Unceasing Top"],"max_hp_gain":0,"max_hp_loss":0,"event_name":"Scrap Ooze","floor":3,"gold_loss":0},{"damage_healed":0,"gold_gain":0,"player_choice":"Lose Max HP","damage_taken":0,"relics_obtained":["Golden Idol"],"max_hp_gain":0,"max_hp_loss":6,"event_name":"Golden Idol","floor":5,"gold_loss":0},{"damage_healed":0,"gold_gain":0,"player_choice":"Ignored","damage_taken":0,"max_hp_gain":0,"max_hp_loss":0,"event_name":"Liars Game","floor":7,"gold_loss":0},{"damage_healed":0,"gold_gain":0,"player_choice":"Left Gold","damage_taken":0,"max_hp_gain":0,"max_hp_loss":0,"event_name":"World of Goop","floor":8,"gold_loss":28},{"damage_healed":0,"gold_gain":0,"player_choice":"1 cards matched","damage_taken":0,"max_hp_gain":0,"max_hp_loss":0,"event_name":"Match and Keep!","floor":24,"gold_loss":0,"cards_obtained":["Impatience"]},{"damage_healed":0,"gold_gain":0,"player_choice":"Fight","damage_taken":0,"max_hp_gain":0,"max_hp_loss":0,"event_name":"MindBloom","floor":38,"gold_loss":0}],"is_beta":false,"boss_relics":[{"not_picked":["Coffee Dripper","Empty Cage"],"picked":"Black Star"},{"not_picked":["Calling Bell","Velvet Choker"],"picked":"Sozu"}],"items_purged_floors":[19],"is_endless":false,"potions_floor_spawned":[2,18,21,22,31,33,35,37,38],"killed_by":"Transient","ascension_level":0}