{"path_per_floor":["M","?","M","M","T","E","R","E","T","M","R","?","$","M","R","B",null,"M","?","M","M","M","E","?","R","T","M","M","?","E","M","R","B",null,"M","$","M","?","M","E","R","?","T","M","?","?","E","M","R","B"],"character_chosen":"THE_SILENT","items_purchased":["Panache","Tough Bandages","Blur","Jack Of All Trades"],"gold_per_floor":[118,118,134,144,144,171,171,204,204,214,214,214,9,20,20,120,120,134,134,150,161,178,206,206,206,206,221,235,235,264,279,279,380,380,400,0,13,62,79,107,107,0,25,36,36,36,63,73,73,73],"floor_reached":51,"campfire_rested":3,"playtime":15804,"current_hp_per_floor":[70,70,70,70,70,46,46,24,24,22,22,15,15,15,15,15,70,63,70,70,63,70,27,11,40,47,47,40,40,22,19,52,36,77,70,70,67,38,35,35,70,70,70,72,62,62,60,55,69,48],"items_purged":[],"gold":73,"play_id":"1b323c82-420e-44ac-8b5e-2a8a0bd5dfc3","is_prod":false,"is_daily":false,"campfire_rituals":0,"campfire_upgraded":4,"is_hardmode":false,"path_taken":["M","?","M","M","?","E","R","E","T","M","R","?","?","M","R","BOSS","M","?","M","M","?","E","?","R","T","M","?","?","E","M","R","BOSS","M","$","M","?","M","E","R","?","T","M","?","?","E","M","R","BOSS"],"build_version":"2018-01-18-PROD4","purchased_purges":0,"victory":true,"master_deck":["Defend_G","Defend_G","Defend_G","Defend_G","Defend_G","Strike_G","Strike_G","Strike_G","Survivor","Neutralize","Footwork","Terror","Dagger Spray","Calculated Gamble","Cloak And Dagger","Panache","Prepared","Tools of the Trade","Backstab","Acrobatics","Dagger Spray","Quick Slash","Quick Slash","Burst","Reflex","Die Die Die","Slice","Blur","Jack Of All Trades","Underhanded Strike","Noxious Fumes","Slice","After Image","Prepared","Madness","Madness","Backflip"],"max_hp_per_floor":[70,70,70,70,70,70,70,70,70,70,70,70,70,70,70,70,70,70,70,70,70,70,70,70,70,77,77,77,77,77,77,77,77,77,77,77,77,77,77,77,77,77,77,77,77,77,77,77,77,77],"relics":["Ring of the Snake","Sundial","Centennial Puzzle","Bronze Scales","Thread and Needle","Eternal Feather","Lantern","Enchiridion","Strawberry","Toxic Egg","Question Card","Tough Bandages","Calipers","Blood Vial","Red Mask","Ancient Tea Set","Regal Pillow"],"campfire_meditates":0,"card_choices":[{"not_picked":["Underhanded Strike","Dagger Spray"],"picked":"Footwork"},{"not_picked":["Eviscerate","All Out Attack"],"picked":"Blade Dance"},{"not_picked":["Deadly Poison","Predator"],"picked":"Dagger Throw"},{"not_picked":["Dodge and Roll","Blade Dance"],"picked":"Terror"},{"not_picked":["Underhanded Strike","Sucker Punch"],"picked":"Dagger Spray"},{"not_picked":["Skewer","Blade Dance"],"picked":"Calculated Gamble"},{"not_picked":["Outmaneuver","Slice"],"picked":"Cloak And Dagger"},{"not_picked":["Eviscerate","Deadly Poison"],"picked":"Prepared"},{"not_picked":["Bullet Time","Storm of Steel"],"picked":"Tools of the Trade"},{"not_picked":["Eviscerate","Prepared"],"picked":"Backstab"},{"not_picked":["Quick Slash","Slice"],"picked":"Acrobatics"},{"not_picked":["Slice","Quick Slash"],"picked":"Dagger Spray"},{"not_picked":["Terror","Finisher"],"picked":"Quick Slash"},{"not_picked":["A Thousand Cuts","Caltrops"],"picked":"Burst"},{"not_picked":["Dash","Dodge and Roll"],"picked":"Reflex"},{"not_picked":["Burst","A Thousand Cuts"],"picked":"Die Die Die"},{"not_picked":["Crippling Poison","Dagger Spray","Concentrate"],"picked":"Slice"},{"not_picked":["Sucker Punch","Poisoned Stab","Quick Slash"],"picked":"Underhanded Strike"},{"not_picked":["Choke","All Out Attack","Dodge and Roll"],"picked":"Noxious Fumes"},{"not_picked":["Flechettes","Flying Knee","Blade Dance"],"picked":"Slice"},{"not_picked":["Finisher","Malaise","Underhanded Strike"],"picked":"After Image"},{"not_picked":["Flying Knee","Slice","Crippling Poison"],"picked":"Prepared"},{"not_picked":["Dagger Throw","Dagger Spray","Eviscerate"],"picked":"Backflip"}],"player_experience":203650,"potions_floor_usage":[6,6,6,16,22,28,33,33,37,38,40,44,50,50],"damage_taken":[{"damage":0,"enemies":"Cultist","floor":1,"turns":6},{"damage":0,"enemies":"Blue Slaver","floor":3,"turns":7},{"damage":0,"enemies":"Small Slimes","floor":4,"turns":3},{"damage":24,"enemies":"3 Sentries","floor":6,"turns":9},{"damage":22,"enemies":"Lagavulin","floor":8,"turns":7},{"damage":2,"enemies":"Exordium Thugs","floor":10,"turns":4},{"damage":0,"enemies":"2 Fungi Beasts","floor":14,"turns":3},{"damage":0,"enemies":"Hexaghost","floor":16,"turns":9},{"damage":7,"enemies":"2 Thieves","floor":18,"turns":4},{"damage":0,"enemies":"3 Byrds","floor":20,"turns":2},{"damage":7,"enemies":"Snake Plant","floor":21,"turns":4},{"damage":7,"enemies":"Centurion and Healer","floor":22,"turns":6},{"damage":43,"enemies":"Slavers","floor":23,"turns":5},{"damage":0,"enemies":"Snecko","floor":27,"turns":3},{"damage":7,"enemies":"Chosen and Byrds","floor":28,"turns":7},{"damage":18,"enemies":"Gremlin Leader","floor":30,"turns":5},{"damage":3,"enemies":"Sentry and Sphere","floor":31,"turns":4},{"damage":16,"enemies":"Collector","floor":33,"turns":10},{"damage":7,"enemies":"Orb Walker","floor":35,"turns":4},{"damage":3,"enemies":"3 Darklings","floor":37,"turns":3},{"damage":29,"enemies":"Mysterious Sphere","floor":38,"turns":5},{"damage":3,"enemies":"4 Shapes","floor":39,"turns":5},{"damage":0,"enemies":"Giant Head","floor":40,"turns":9},{"damage":0,"enemies":"Sphere and 2 Shapes","floor":44,"turns":5},{"damage":4,"enemies":"Nemesis","floor":47,"turns":10},{"damage":7,"enemies":"3 Darklings","floor":48,"turns":4},{"damage":23,"enemies":"Awakened One","floor":50,"turns":18}],"event_choices":[{"event_name":"Bonfire Elementals","player_choice":"UNCOMMON","floor":2,"damage_taken":0},{"event_name":"Golden Wing","player_choice":"Card Removal","floor":12,"damage_taken":0},{"event_name":"Wheel of Change","player_choice":"Full Heal","floor":19,"damage_taken":0},{"event_name":"Cursed Tome","player_choice":"Obtained Book","floor":24,"damage_taken":0},{"event_name":"Transmorgrifier","player_choice":"Transform","floor":29,"damage_taken":0},{"event_name":"Mysterious Sphere","player_choice":"Fight","floor":38,"damage_taken":0},{"event_name":"Tomb of Lord Red Mask","player_choice":"Paid","floor":42,"damage_taken":0},{"event_name":"Winding Halls","player_choice":"Embrace Madness","floor":45,"damage_taken":0}],"boss_relics":[{"not_picked":["Pandora\u0027s Box","White Beast Statue"],"picked":"Eternal Feather"},{"not_picked":["Snecko Eye","Runic Pyramid"],"picked":"Question Card"}],"potions_floor_spawned":[1,3,4,14,20,23,27,30,33,37,38,40,47,48],"seed_played":"6971134366570036573","is_trial":false}