{"gold_per_floor":[115,127,5,15,15,15,44,44,128,115,115,134,164,178,178,282,332,347,322,31,51,0,27,27,27],"floor_reached":25,"playtime":1782,"items_purged":["Strike_B","Strike_B"],"score":351,"play_id":"3c376863-94b7-46f3-92b7-e2f384aa8141","local_time":"20181206095301","is_ascension_mode":true,"campfire_choices":[{"data":"Zap","floor":6,"key":"SMITH"},{"data":"Self Repair","floor":8,"key":"SMITH"},{"data":"Glacier","floor":11,"key":"SMITH"},{"data":"Streamline","floor":15,"key":"SMITH"},{"floor":24,"key":"REST"}],"neow_cost":"NONE","seed_source_timestamp":1940922395633150,"circlet_count":0,"master_deck":["Strike_B","Defend_B","Defend_B","Defend_B","Defend_B","Zap+1","Dualcast","Glacier+1","Leap","Streamline+1","Ball Lightning+1","Compile Driver","Reinforced Body","Self Repair+1","Hello World","Static Discharge","Consume","Melter","Biased Cognition","Hologram","Glacier","Capacitor","Self Repair+1","White Noise+1"],"relics":["Cracked Core","Regal Pillow","Tiny Chest","Boot","Tiny House","DollysMirror","Strawberry"],"potions_floor_usage":[14,14,14,16,19,23,23,23],"damage_taken":[{"damage":1,"enemies":"Jaw Worm","floor":1,"turns":5},{"damage":0,"enemies":"Cultist","floor":2,"turns":5},{"damage":7,"enemies":"Small Slimes","floor":4,"turns":3},{"damage":15,"enemies":"Lagavulin","floor":7,"turns":7},{"damage":2,"enemies":"Exordium Thugs","floor":10,"turns":4},{"damage":0,"enemies":"2 Fungi Beasts","floor":12,"turns":4},{"damage":15,"enemies":"3 Sentries","floor":13,"turns":7},{"damage":3,"enemies":"3 Louse","floor":14,"turns":2},{"damage":25,"enemies":"Hexaghost","floor":16,"turns":9},{"damage":10,"enemies":"Shell Parasite","floor":18,"turns":7},{"damage":10,"enemies":"2 Thieves","floor":19,"turns":5},{"damage":26,"enemies":"Cultist and Chosen","floor":21,"turns":11},{"damage":53,"enemies":"Book of Stabbing","floor":23,"turns":7},{"damage":83,"enemies":"Slavers","floor":25,"turns":6}],"seed_played":"-155855456155183385","potions_obtained":[{"floor":2,"key":"Fire Potion"},{"floor":10,"key":"SpeedPotion"},{"floor":13,"key":"Fruit Juice"},{"floor":14,"key":"AttackPotion"},{"floor":16,"key":"SkillPotion"},{"floor":17,"key":"SneckoOil"},{"floor":21,"key":"Regen Potion"}],"is_trial":false,"path_per_floor":["M","M","$","M","?","R","E","R","T","M","R","M","E","M","R","B",null,"M","M","$","M","$","E","R","E"],"character_chosen":"DEFECT","items_purchased":["Ball Lightning","DollysMirror","Poison Potion"],"campfire_rested":1,"item_purchase_floors":[3,20,22],"current_hp_per_floor":[67,67,67,60,60,60,45,45,45,53,53,63,58,60,60,45,76,76,76,76,70,70,39,81,0],"gold":27,"neow_bonus":"TRANSFORM_CARD","is_prod":false,"is_daily":false,"chose_seed":false,"campfire_upgraded":4,"win_rate":0,"timestamp":1544107981,"path_taken":["M","M","$","M","?","R","E","R","T","M","R","?","E","M","R","BOSS","M","M","$","M","$","E","R","E"],"build_version":"2018-11-15","purchased_purges":2,"victory":false,"max_hp_per_floor":[75,75,75,75,75,75,75,75,75,75,75,75,75,80,80,80,85,85,85,85,85,85,92,92,92],"card_choices":[{"not_picked":["Go for the Eyes","Compile Driver"],"picked":"Leap","floor":1},{"not_picked":["Barrage","Go for the Eyes"],"picked":"Streamline","floor":2},{"not_picked":["Steam","Coolheaded"],"picked":"Compile Driver","floor":4},{"not_picked":["Recycle","Rainbow"],"picked":"Self Repair","floor":7},{"not_picked":["Beam Cell","Storm"],"picked":"Hello World","floor":10},{"not_picked":["Ball Lightning","Sunder"],"picked":"Static Discharge","floor":12},{"not_picked":["Static Discharge","Coolheaded"],"picked":"Consume","floor":13},{"not_picked":["Cold Snap","Beam Cell"],"picked":"Melter","floor":14},{"not_picked":["Core Surge","Meteor Strike"],"picked":"Biased Cognition","floor":16},{"not_picked":["Coolheaded","Blizzard"],"picked":"Hologram","floor":17},{"not_picked":["Hello World","Rip and Tear"],"picked":"Glacier","floor":18},{"not_picked":["Barrage+1","Tempest"],"picked":"Capacitor","floor":19},{"not_picked":["Gash","Turbo","Fusion"],"picked":"SKIP","floor":21},{"not_picked":["Steam Power","Reprogram"],"picked":"White Noise+1","floor":23}],"player_experience":2684027,"relics_obtained":[{"floor":7,"key":"Regal Pillow"},{"floor":9,"key":"Tiny Chest"},{"floor":13,"key":"Boot"},{"floor":23,"key":"Strawberry"}],"event_choices":[{"damage_healed":0,"gold_gain":0,"player_choice":"1 cards matched","damage_taken":0,"max_hp_gain":0,"max_hp_loss":0,"event_name":"Match and Keep!","floor":5,"gold_loss":0,"cards_obtained":["Reinforced Body"]}],"is_beta":false,"boss_relics":[{"not_picked":["Lizard Tail","FrozenCore"],"picked":"Tiny House"}],"items_purged_floors":[3,20],"is_endless":false,"potions_floor_spawned":[2,10,13,14,16,21],"killed_by":"Slavers","ascension_level":8}