{"gold_per_floor":[159,204,249,294,339,444,94,139,139,91,181,193,250,322,334,661,673,745,1,61,61,106,196,196,241,241,156,181,181,271,316,316,616,616,661,0,45,0,45,45,90,135,135,135,180,180,225,615,615,635],"floor_reached":51,"playtime":4665,"items_purged":["Defend_R"],"score":985,"play_id":"8373eca6-f852-4db0-9441-37420f4a4683","local_time":"20180830095242","daily_mods":["Allstar","Cursed Run","Midas"],"is_ascension_mode":false,"campfire_choices":[{"floor":12,"key":"REST"},{"floor":15,"key":"REST"},{"floor":24,"key":"REST"},{"floor":29,"key":"REST"},{"floor":32,"key":"REST"},{"floor":40,"key":"REST"},{"floor":46,"key":"REST"},{"floor":49,"key":"REST"}],"neow_cost":"","seed_source_timestamp":0,"circlet_count":0,"master_deck":["Strike_R","Strike_R","Strike_R","Strike_R","Strike_R","Defend_R","Defend_R","Defend_R+1","Bash","Trip","Dark Shackles+1","Enlightenment","Good Instincts","HandOfGreed","Perfected Strike","Sword Boomerang","Dropkick","Metallicize","Cleave","Injury","Iron Wave+1","Demon Form","Shrug It Off","Sword Boomerang+1","Decay","Juggernaut","Shockwave+1","Shrug It Off","Enlightenment","Reckless Charge+1","Sword Boomerang+1","Regret","Normality","Armaments+1","Writhe","Double Tap","Twin Strike+1","Rage","Cleave+1","Sword Boomerang+1","Heavy Blade+1","Writhe","Shrug It Off+1","Pommel Strike+1","Clumsy"],"special_seed":17773,"relics":["Cursed Key","Darkstone Periapt","Du-Vu Doll","War Paint","Oddly Smooth Stone","Toy Ornithopter","Molten Egg 2","MawBank","Velvet Choker","Bottled Tornado","Sling","Dodecahedron","Meat on the Bone","Juzu Bracelet","Anchor","Strawberry","Mark of Pain","Red Mask","Art of War","Old Coin"],"potions_floor_usage":[8,11,13,16,20,20,22,23,47,47,50],"damage_taken":[{"damage":1,"enemies":"Cultist","floor":1,"turns":3},{"damage":0,"enemies":"Small Slimes","floor":2,"turns":3},{"damage":0,"enemies":"2 Louse","floor":3,"turns":2},{"damage":3,"enemies":"Blue Slaver","floor":4,"turns":2},{"damage":0,"enemies":"3 Louse","floor":5,"turns":3},{"damage":11,"enemies":"3 Sentries","floor":6,"turns":6},{"damage":0,"enemies":"2 Fungi Beasts","floor":8,"turns":2},{"damage":0,"enemies":"Gremlin Nob","floor":11,"turns":3},{"damage":2,"enemies":"Exordium Thugs","floor":13,"turns":4},{"damage":0,"enemies":"Blue Slaver","floor":14,"turns":2},{"damage":25,"enemies":"The Guardian","floor":16,"turns":8},{"damage":0,"enemies":"Chosen","floor":18,"turns":3},{"damage":2,"enemies":"3 Byrds","floor":20,"turns":3},{"damage":14,"enemies":"Snake Plant","floor":22,"turns":4},{"damage":26,"enemies":"Book of Stabbing","floor":23,"turns":3},{"damage":0,"enemies":"Snecko","floor":25,"turns":3},{"damage":7,"enemies":"Gremlin Leader","floor":30,"turns":5},{"damage":9,"enemies":"Chosen and Byrds","floor":31,"turns":4},{"damage":7,"enemies":"Champ","floor":33,"turns":7},{"damage":0,"enemies":"3 Shapes","floor":35,"turns":3},{"damage":0,"enemies":"Orb Walker","floor":37,"turns":2},{"damage":17,"enemies":"Maw","floor":39,"turns":5},{"damage":28,"enemies":"Spire Growth","floor":41,"turns":3},{"damage":36,"enemies":"Sphere and 2 Shapes","floor":42,"turns":5},{"damage":0,"enemies":"Maw","floor":45,"turns":4},{"damage":53,"enemies":"Flame Bruiser 2 Orb","floor":47,"turns":5},{"damage":20,"enemies":"2 Orb Walkers","floor":48,"turns":3},{"damage":66,"enemies":"Awakened One","floor":50,"turns":8}],"seed_played":"8318791093423734901","potions_obtained":[{"floor":1,"key":"BloodPotion"},{"floor":3,"key":"Strength Potion"},{"floor":5,"key":"Explosive Potion"},{"floor":8,"key":"Explosive Potion"},{"floor":11,"key":"Fire Potion"},{"floor":13,"key":"Explosive Potion"},{"floor":22,"key":"GamblersBrew"},{"floor":25,"key":"SteroidPotion"},{"floor":33,"key":"FearPotion"},{"floor":42,"key":"SkillPotion"},{"floor":45,"key":"PowerPotion"},{"floor":47,"key":"Energy Potion"}],"is_trial":false,"path_per_floor":["M","M","M","M","M","E","$","M","T","$","E","R","M","M","R","B",null,"M","$","M","?","M","E","R","M","T","?","T","R","E","M","R","B",null,"M","?","M","$","M","R","M","M","T","?","M","R","M","E","R","B"],"character_chosen":"IRONCLAD","items_purchased":["Oddly Smooth Stone","Toy Ornithopter","Iron Wave+1","Bottled Tornado","Shrug It Off","Sling","Enlightenment","EssenceOfSteel","Cleave+1"],"campfire_rested":8,"item_purchase_floors":[7,7,10,19,19,19,19,19,38],"current_hp_per_floor":[79,79,79,76,76,65,65,78,84,84,86,86,84,84,86,67,92,92,92,90,90,78,57,84,84,90,90,96,104,104,95,111,110,117,117,117,117,117,100,117,89,65,71,71,71,107,64,56,92,49],"gold":635,"neow_bonus":"","is_prod":false,"is_daily":true,"chose_seed":false,"campfire_upgraded":0,"win_rate":0,"timestamp":1535637162,"path_taken":["M","M","M","M","M","E","?","M","T","$","E","R","M","M","R","BOSS","M","$","M","?","M","E","R","M","T","?","?","R","E","M","R","BOSS","M","?","M","$","M","R","M","M","T","?","M","R","M","E","R","BOSS"],"build_version":"2018-08-23v2","purchased_purges":1,"victory":true,"max_hp_per_floor":[80,80,80,80,80,80,80,80,86,86,86,86,86,86,86,92,92,92,92,92,92,92,92,92,92,98,98,104,104,111,111,111,117,117,117,117,117,117,117,117,117,117,123,123,123,123,123,123,123,129],"card_choices":[{"not_picked":["Shrug It Off","Warcry"],"picked":"Perfected Strike","floor":1},{"not_picked":["Clash","Headbutt"],"picked":"Sword Boomerang","floor":2},{"not_picked":["Thunderclap","Headbutt","Fire Breathing"],"picked":"SKIP","floor":3},{"not_picked":["Rupture","Entrench"],"picked":"Dropkick","floor":4},{"not_picked":["Armaments","Clash"],"picked":"Metallicize","floor":5},{"not_picked":["Sentinel","Pommel Strike"],"picked":"Cleave","floor":6},{"not_picked":["Havoc","Cleave","Clothesline"],"picked":"SKIP","floor":8},{"not_picked":["Disarm","Entrench"],"picked":"Demon Form","floor":11},{"not_picked":["Warcry","True Grit"],"picked":"Shrug It Off","floor":13},{"not_picked":["Clash+1","Disarm"],"picked":"Sword Boomerang+1","floor":14},{"not_picked":["Demon Form","Dark Embrace"],"picked":"Juggernaut","floor":16},{"not_picked":["Anger+1","Infernal Blade"],"picked":"Shockwave+1","floor":18},{"not_picked":["Shrug It Off","Armaments"],"picked":"Reckless Charge+1","floor":20},{"not_picked":["Carnage+1","Flex"],"picked":"Sword Boomerang+1","floor":22},{"not_picked":["Anger+1","Juggernaut","Body Slam+1"],"picked":"SKIP","floor":23},{"not_picked":["Clothesline+1","Thunderclap+1","Flex"],"picked":"SKIP","floor":25},{"not_picked":["Rupture","Shockwave","Brutality"],"picked":"SKIP","floor":30},{"not_picked":["Anger+1","Cleave+1"],"picked":"Armaments+1","floor":31},{"not_picked":["Offering","Demon Form"],"picked":"Double Tap","floor":33},{"not_picked":["Searing Blow+1","Clash+1"],"picked":"Twin Strike+1","floor":35},{"not_picked":["Wild Strike+1","Rampage+1"],"picked":"Rage","floor":37},{"not_picked":["Dual Wield+1","Rupture","Feel No Pain+1"],"picked":"SKIP","floor":39},{"not_picked":["Headbutt+1","Inflame"],"picked":"Sword Boomerang+1","floor":41},{"not_picked":["Twin Strike+1","Headbutt+1"],"picked":"Heavy Blade+1","floor":42},{"not_picked":["Carnage+1","Rupture"],"picked":"Shrug It Off+1","floor":45},{"not_picked":["Intimidate","Warcry"],"picked":"Pommel Strike+1","floor":47},{"not_picked":["Thunderclap+1","Blood for Blood+1","Clothesline+1"],"picked":"SKIP","floor":48}],"player_experience":2050614,"relics_obtained":[{"floor":6,"key":"War Paint"},{"floor":9,"key":"Molten Egg 2"},{"floor":11,"key":"MawBank"},{"floor":23,"key":"Dodecahedron"},{"floor":26,"key":"Meat on the Bone"},{"floor":28,"key":"Anchor"},{"floor":30,"key":"Strawberry"},{"floor":43,"key":"Art of War"},{"floor":48,"key":"Old Coin"}],"event_choices":[{"event_name":"Beggar","player_choice":"Ignored","floor":21,"damage_taken":0},{"event_name":"Addict","player_choice":"Obtained Relic","floor":27,"damage_taken":0},{"event_name":"Tomb of Lord Red Mask","player_choice":"Paid","floor":36,"damage_taken":0},{"event_name":"SensoryStone","player_choice":"Memory 1","floor":44,"damage_taken":0}],"is_beta":false,"boss_relics":[{"not_picked":["Ectoplasm","Astrolabe"],"picked":"Velvet Choker"},{"not_picked":["Tiny House","Coffee Dripper"],"picked":"Mark of Pain"}],"items_purged_floors":[19],"is_endless":false,"potions_floor_spawned":[1,3,5,8,11,13,22,25,33,42,45,47],"ascension_level":0}