{"gold_per_floor":[119,133,60,60,76,106,106,141,141,153,153,153,168,186,186,186],"floor_reached":16,"playtime":1090,"items_purged":[],"score":196,"play_id":"bc03ac88-4339-44eb-b7eb-761da2a8dd3a","local_time":"20190419175817","is_ascension_mode":true,"campfire_choices":[{"floor":7,"key":"REST"},{"floor":12,"key":"REST"},{"floor":15,"key":"REST"}],"neow_cost":"TEN_PERCENT_HP_LOSS","seed_source_timestamp":773199541519698,"circlet_count":0,"master_deck":["AscendersBane","Defend_G","Defend_G","Defend_G","Defend_G","Strike_G+1","Strike_G","Strike_G","Strike_G+1","Survivor+1","Neutralize","Noxious Fumes","Catalyst+1","Noxious Fumes","Regret","PiercingWail","Bane","Catalyst","Cloak And Dagger","Cloak And Dagger","Accuracy"],"relics":["Ring of the Snake","Kunai","Whetstone","War Paint","Molten Egg 2","Golden Idol"],"potions_floor_usage":[6,14],"damage_taken":[{"damage":2,"enemies":"Cultist","floor":1,"turns":4},{"damage":0,"enemies":"2 Louse","floor":2,"turns":3},{"damage":1,"enemies":"Jaw Worm","floor":5,"turns":4},{"damage":37,"enemies":"Gremlin Nob","floor":6,"turns":5},{"damage":22,"enemies":"3 Sentries","floor":8,"turns":7},{"damage":4,"enemies":"Looter","floor":10,"turns":4},{"damage":5,"enemies":"Blue Slaver","floor":13,"turns":5},{"damage":9,"enemies":"3 Louse","floor":14,"turns":4},{"damage":30,"enemies":"The Guardian","floor":16,"turns":5}],"seed_played":"-6393553693017437866","potions_obtained":[{"floor":2,"key":"LiquidBronze"},{"floor":5,"key":"FearPotion"},{"floor":13,"key":"Fire Potion"}],"is_trial":false,"path_per_floor":["M","M","$","?","M","E","R","E","T","M","?","R","M","M","R","B"],"character_chosen":"THE_SILENT","items_purchased":["Noxious Fumes"],"campfire_rested":3,"item_purchase_floors":[3],"current_hp_per_floor":[57,57,57,57,56,19,37,15,15,11,11,27,22,13,29,0],"gold":186,"neow_bonus":"REMOVE_TWO","is_prod":false,"is_daily":false,"chose_seed":false,"campfire_upgraded":0,"win_rate":0,"timestamp":1555718297,"path_taken":["M","M","?","?","M","E","R","E","T","?","?","R","M","M","R","BOSS"],"build_version":"2019-04-04","purchased_purges":0,"victory":false,"max_hp_per_floor":[60,60,60,60,60,60,60,60,60,60,54,54,54,54,54,54],"card_choices":[{"not_picked":["Underhanded Strike","Outmaneuver"],"picked":"Noxious Fumes","floor":1},{"not_picked":["Calculated Gamble","Masterful Stab"],"picked":"Catalyst","floor":2},{"not_picked":["Terror","Prepared"],"picked":"PiercingWail","floor":5},{"not_picked":["Slice","Backflip"],"picked":"Bane","floor":6},{"not_picked":["Calculated Gamble","Escape Plan"],"picked":"Catalyst","floor":8},{"not_picked":["Blade Dance","Backflip"],"picked":"Cloak And Dagger","floor":10},{"not_picked":["Backflip","Bane+1"],"picked":"Cloak And Dagger","floor":13},{"not_picked":["Calculated Gamble","Well Laid Plans"],"picked":"Accuracy","floor":14}],"player_experience":879059,"relics_obtained":[{"floor":6,"key":"Whetstone"},{"floor":8,"key":"War Paint"},{"floor":9,"key":"Molten Egg 2"}],"event_choices":[{"damage_healed":0,"gold_gain":0,"player_choice":"Box","damage_taken":0,"relics_obtained":["Kunai"],"max_hp_gain":0,"max_hp_loss":0,"event_name":"Big Fish","floor":4,"gold_loss":0,"cards_obtained":["Regret"]},{"damage_healed":0,"gold_gain":0,"player_choice":"Lose Max HP","damage_taken":0,"relics_obtained":["Golden Idol"],"max_hp_gain":0,"max_hp_loss":6,"event_name":"Golden Idol","floor":11,"gold_loss":0}],"is_beta":true,"boss_relics":[],"items_purged_floors":[],"is_endless":false,"potions_floor_spawned":[2,5,13],"killed_by":"The Guardian","ascension_level":15}