{"gold_per_floor":[364,539,539,35,47,47,67,84,133,133,148,5,5,19,19,116,116,135,154,69,69,147,178,178,194,194,220,247,247,267,281,281,381,381,392,392,73,73,173,173,200,200,200,200,216,216,234,244,244,244],"floor_reached":51,"playtime":3930,"items_purged":["Parasite"],"score":680,"play_id":"63ef6366-b322-4849-a439-948672679619","local_time":"20181114151314","is_ascension_mode":false,"campfire_choices":[{"data":"Footwork","floor":6,"key":"SMITH"},{"data":"Riddle With Holes","floor":10,"key":"SMITH"},{"data":"Noxious Fumes","floor":15,"key":"SMITH"},{"floor":24,"key":"REST"},{"floor":29,"key":"REST"},{"floor":32,"key":"REST"},{"data":"1","floor":40,"key":"LIFT"},{"data":"2","floor":44,"key":"LIFT"},{"data":"3","floor":46,"key":"LIFT"},{"data":"Terror","floor":49,"key":"SMITH"}],"neow_cost":"CURSE","seed_source_timestamp":57167540405953,"circlet_count":0,"master_deck":["Defend_G","Defend_G","Defend_G","Defend_G","Defend_G","Strike_G","Strike_G","Survivor","Neutralize","Riddle With Holes+1","Footwork+1","Well Laid Plans","Dodge and Roll","Terror+1","Noxious Fumes+1","Crippling Poison","Malaise","Slice","Malaise","Die Die Die","Dagger Throw+1","Noxious Fumes","Leg Sweep","Dagger Spray","Tools of the Trade","Outmaneuver+1","Footwork+1","Cloak And Dagger+1","PiercingWail+1","Infinite Blades+1","Calculated Gamble+1","PiercingWail","Noxious Fumes+1","PiercingWail"],"relics":["Ring of the Snake","Ancient Tea Set","HandDrill","Anchor","WristBlade","PreservedInsect","Tiny Chest","Girya","Mummified Hand","Art of War","Paper Crane","Sozu","Frozen Egg 2","Mango","Ninja Scroll","Shuriken","Prayer Wheel"],"potions_floor_usage":[14,16,19,19,28,33,33,33],"damage_taken":[{"damage":0,"enemies":"Small Slimes","floor":1,"turns":4},{"damage":0,"enemies":"2 Louse","floor":5,"turns":2},{"damage":0,"enemies":"Cultist","floor":7,"turns":3},{"damage":1,"enemies":"Blue Slaver","floor":8,"turns":6},{"damage":6,"enemies":"Exordium Thugs","floor":11,"turns":6},{"damage":2,"enemies":"Looter","floor":14,"turns":3},{"damage":3,"enemies":"Hexaghost","floor":16,"turns":9},{"damage":12,"enemies":"Shell Parasite","floor":18,"turns":7},{"damage":11,"enemies":"3 Byrds","floor":19,"turns":6},{"damage":32,"enemies":"Gremlin Leader","floor":23,"turns":9},{"damage":0,"enemies":"Cultist and Chosen","floor":25,"turns":7},{"damage":14,"enemies":"Slavers","floor":28,"turns":4},{"damage":1,"enemies":"Shelled Parasite and Fungi","floor":30,"turns":5},{"damage":20,"enemies":"3 Cultists","floor":31,"turns":5},{"damage":5,"enemies":"Collector","floor":33,"turns":8},{"damage":0,"enemies":"3 Darklings","floor":35,"turns":6},{"damage":4,"enemies":"Mind Bloom Boss Battle","floor":39,"turns":8},{"damage":8,"enemies":"Giant Head","floor":41,"turns":8},{"damage":0,"enemies":"3 Shapes","floor":45,"turns":5},{"damage":0,"enemies":"Transient","floor":47,"turns":5},{"damage":1,"enemies":"3 Darklings","floor":48,"turns":4},{"damage":16,"enemies":"Donu and Deca","floor":50,"turns":9}],"seed_played":"-8013666059752033586","potions_obtained":[{"floor":7,"key":"SkillPotion"},{"floor":13,"key":"Strength Potion"},{"floor":13,"key":"AttackPotion"},{"floor":16,"key":"PowerPotion"},{"floor":18,"key":"Weak Potion"},{"floor":28,"key":"EssenceOfSteel"},{"floor":30,"key":"EssenceOfSteel"},{"floor":31,"key":"Poison Potion"}],"is_trial":false,"path_per_floor":["M","?","?","$","M","R","M","M","T","R","M","$","?","M","R","B",null,"M","M","?","?","T","E","R","M","T","T","E","R","M","M","R","B",null,"M","?","$","?","?","R","E","T","T","R","M","R","M","M","R","B",null],"character_chosen":"THE_SILENT","items_purchased":["Ancient Tea Set","HandDrill","Footwork","Noxious Fumes","Dash","Frozen Egg 2","Footwork+1"],"campfire_rested":3,"item_purchase_floors":[4,4,4,12,12,37,37],"current_hp_per_floor":[70,70,70,67,67,67,67,66,66,66,60,60,60,58,58,55,67,55,44,44,44,44,12,32,32,32,32,18,38,37,17,37,32,67,67,67,67,67,77,77,69,69,69,69,69,69,69,68,68,52],"gold":244,"neow_bonus":"TWO_FIFTY_GOLD","is_prod":false,"is_daily":false,"chose_seed":false,"campfire_upgraded":4,"win_rate":0,"timestamp":1542226394,"path_taken":["M","?","?","$","?","R","M","M","T","R","M","$","?","M","R","BOSS","M","M","?","?","?","E","R","M","T","?","E","R","M","M","R","BOSS","M","?","?","?","?","R","E","?","T","R","M","R","?","M","R","BOSS"],"build_version":"2018-11-08","purchased_purges":1,"victory":true,"max_hp_per_floor":[70,70,70,67,67,67,67,67,67,67,67,67,67,67,67,67,67,67,67,67,67,67,67,67,67,67,67,67,67,67,67,67,67,67,67,67,67,67,81,81,81,81,81,81,81,81,81,81,81,81],"card_choices":[{"not_picked":["Predator","Masterful Stab"],"picked":"Riddle With Holes","floor":1},{"not_picked":["Bane","Deflect","Caltrops"],"picked":"SKIP","floor":5},{"not_picked":["Blade Dance","Corpse Explosion"],"picked":"Well Laid Plans","floor":7},{"not_picked":["Cloak And Dagger","Flying Knee"],"picked":"Dodge and Roll","floor":8},{"not_picked":["Poisoned Stab","Dagger Spray"],"picked":"Terror","floor":11},{"not_picked":["Skewer","Caltrops"],"picked":"Crippling Poison","floor":14},{"not_picked":["Night Terror","After Image"],"picked":"Malaise","floor":16},{"not_picked":["Sucker Punch+1","Escape Plan"],"picked":"Slice","floor":18},{"not_picked":["Prepared","Accuracy","Bane+1"],"picked":"SKIP","floor":19},{"not_picked":["Outmaneuver","Infinite Blades","Dagger Spray"],"picked":"SKIP","floor":23},{"not_picked":["Bane","Deadly Poison"],"picked":"Dagger Throw+1","floor":25},{"not_picked":["Doppelganger","Prepared"],"picked":"Noxious Fumes","floor":28},{"not_picked":["Blade Dance","Bane"],"picked":"Leg Sweep","floor":30},{"not_picked":["Eviscerate","Riddle With Holes"],"picked":"Dagger Spray","floor":31},{"not_picked":["Malaise","Storm of Steel"],"picked":"Tools of the Trade","floor":33},{"not_picked":["Deflect","Flying Knee"],"picked":"Outmaneuver+1","floor":35},{"not_picked":["Sucker Punch+1","Acrobatics+1"],"picked":"Cloak And Dagger+1","floor":39},{"not_picked":["Deadly Poison","Sucker Punch"],"picked":"PiercingWail+1","floor":41},{"not_picked":["Deflect+1","Masterful Stab+1"],"picked":"Infinite Blades+1","floor":45},{"not_picked":["Blade Dance","Slice"],"picked":"Calculated Gamble+1","floor":45},{"not_picked":["Dagger Throw","Flying Knee"],"picked":"PiercingWail","floor":47},{"not_picked":["Deadly Poison","Deflect"],"picked":"Noxious Fumes+1","floor":47},{"not_picked":["Storm of Steel","Deadly Poison"],"picked":"PiercingWail","floor":48},{"not_picked":["Outmaneuver+1","Dagger Throw+1","Endless Agony"],"picked":"SKIP","floor":48}],"player_experience":2297236,"relics_obtained":[{"floor":9,"key":"Anchor"},{"floor":22,"key":"Tiny Chest"},{"floor":23,"key":"Girya"},{"floor":26,"key":"Mummified Hand"},{"floor":27,"key":"Art of War"},{"floor":28,"key":"Paper Crane"},{"floor":39,"key":"Mango"},{"floor":41,"key":"Ninja Scroll"},{"floor":42,"key":"Shuriken"},{"floor":43,"key":"Prayer Wheel"}],"event_choices":[{"damage_healed":0,"gold_gain":175,"player_choice":"AGREE","damage_taken":0,"max_hp_gain":0,"max_hp_loss":0,"event_name":"Liars Game","floor":2,"gold_loss":0,"cards_obtained":["Doubt"]},{"cards_removed":["Doubt"],"damage_healed":0,"gold_gain":0,"player_choice":"Purged","damage_taken":0,"max_hp_gain":0,"max_hp_loss":0,"event_name":"Purifier","floor":3,"gold_loss":0},{"damage_healed":0,"gold_gain":0,"player_choice":"Got Potions","damage_taken":0,"max_hp_gain":0,"max_hp_loss":0,"event_name":"Lab","floor":13,"gold_loss":0},{"damage_healed":0,"gold_gain":0,"player_choice":"Obtained Relic","damage_taken":0,"relics_obtained":["PreservedInsect"],"max_hp_gain":0,"max_hp_loss":0,"event_name":"Addict","floor":20,"gold_loss":85},{"damage_healed":0,"gold_gain":0,"cards_transformed":["Strike_G","Strike_G"],"player_choice":"Became Test Subject","damage_taken":0,"max_hp_gain":0,"max_hp_loss":0,"event_name":"Drug Dealer","floor":21,"gold_loss":0,"cards_obtained":["Malaise","Die Die Die"]},{"cards_removed":["Strike_G"],"damage_healed":0,"gold_gain":0,"player_choice":"Offered Basic","damage_taken":0,"max_hp_gain":0,"max_hp_loss":0,"event_name":"Bonfire Elementals","floor":36,"gold_loss":0},{"cards_removed":["Dash"],"damage_healed":0,"gold_gain":0,"player_choice":"Removed Attack","damage_taken":0,"max_hp_gain":0,"max_hp_loss":0,"event_name":"Falling","floor":38,"gold_loss":0},{"damage_healed":0,"gold_gain":0,"player_choice":"Fight","damage_taken":0,"max_hp_gain":0,"max_hp_loss":0,"event_name":"MindBloom","floor":39,"gold_loss":0}],"is_beta":false,"boss_relics":[{"not_picked":["Snecko Eye","Runic Dome"],"picked":"WristBlade"},{"not_picked":["HoveringKite","Calling Bell"],"picked":"Sozu"}],"items_purged_floors":[4],"is_endless":false,"potions_floor_spawned":[7,16,18,28,30,31,35,39,47],"ascension_level":0}