{"path_per_floor":["M","?","M","?","$","R","E","?","T","E","?","M","M","$","R"],"character_chosen":"THE_SILENT","items_purchased":["Bag of Marbles","Well Laid Plans","Caltrops"],"gold_per_floor":[110,185,200,200,17,17,47,47,47,78,107,118,136,61,61],"floor_reached":16,"campfire_rested":0,"playtime":1934,"current_hp_per_floor":[62,51,51,44,44,44,24,63,63,56,48,47,36,36,36],"items_purged":[],"gold":61,"play_id":"eafac534-a803-42fd-b76c-819f03122ae5","is_prod":false,"is_daily":false,"is_ascension_mode":true,"campfire_upgraded":2,"path_taken":["M","?","M","?","$","R","E","?","T","E","?","?","M","$","R","BOSS"],"build_version":"2018-01-25-PROD3","purchased_purges":0,"victory":false,"master_deck":["Defend_G","Defend_G","Defend_G","Defend_G","Defend_G","Strike_G","Strike_G","Strike_G","Strike_G","Strike_G","Survivor","Neutralize+1","Well Laid Plans","Escape Plan","Prepared","Backflip","Terror","Caltrops+1"],"max_hp_per_floor":[63,63,63,63,63,63,63,63,63,63,63,63,63,63,63],"relics":["Ring of the Snake","Tingsha","Ancient Tea Set","Bag of Marbles","Matryoshka","Prayer Wheel","Art of War","Calipers","Odd Mushroom"],"card_choices":[{"not_picked":["Riddle With Holes","Endless Agony"],"picked":"Distraction"},{"not_picked":["Underhanded Strike","Deadly Poison"],"picked":"Escape Plan"},{"not_picked":["Deflect","Bane"],"picked":"Prepared"},{"not_picked":["Deflect","Flying Knee"],"picked":"Backflip"},{"not_picked":["Dagger Spray","Infinite Blades"],"picked":"Terror"}],"player_experience":384324,"potions_floor_usage":[10,16],"damage_taken":[{"damage":1,"enemies":"Jaw Worm","floor":1,"turns":5},{"damage":0,"enemies":"Blue Slaver","floor":3,"turns":5},{"damage":20,"enemies":"3 Sentries","floor":7,"turns":12},{"damage":7,"enemies":"Lagavulin","floor":10,"turns":10},{"damage":8,"enemies":"The Mushroom Lair","floor":11,"turns":7},{"damage":1,"enemies":"Cultist","floor":12,"turns":3},{"damage":11,"enemies":"Exordium Thugs","floor":13,"turns":8},{"damage":41,"enemies":"Slime Boss","floor":16,"turns":10}],"event_choices":[{"event_name":"World of Goop","player_choice":"Gather Gold","floor":2,"damage_taken":0},{"event_name":"Scrap Ooze","player_choice":"success","floor":4,"damage_taken":7},{"event_name":"Bonfire Elementals","player_choice":"UNCOMMON","floor":8,"damage_taken":0},{"event_name":"Mushrooms","player_choice":"Fought Mushrooms","floor":11,"damage_taken":0}],"boss_relics":[],"potions_floor_spawned":[1,13],"seed_played":"8193359554769298852","killed_by":"Slime Boss","ascension_level":2,"is_trial":false}