{"gold_per_floor":[109,8,21,21,21,21,41,72,123,123,135,151,226,376,376,376],"floor_reached":16,"playtime":694,"items_purged":["Strike_G"],"score":186,"play_id":"a9916657-c735-419f-9b4a-baf51d724b04","local_time":"20181111183721","is_ascension_mode":true,"campfire_choices":[{"floor":6,"key":"REST"},{"floor":10,"key":"REST"},{"floor":15,"key":"REST"}],"neow_cost":"NONE","seed_source_timestamp":606907221483837,"circlet_count":0,"master_deck":["AscendersBane","Defend_G","Defend_G","Defend_G","Defend_G","Defend_G","Strike_G","Strike_G","Strike_G","Strike_G","Survivor","Neutralize","Predator","Backflip","Poisoned Stab","Dash","Adrenaline","PiercingWail","Doubt"],"relics":["Ring of the Snake","NeowsBlessing","Letter Opener","Odd Mushroom","Bottled Lightning","Art of War"],"potions_floor_usage":[8,8],"damage_taken":[{"damage":0,"enemies":"Small Slimes","floor":1,"turns":1},{"damage":0,"enemies":"2 Louse","floor":3,"turns":1},{"damage":0,"enemies":"The Mushroom Lair","floor":7,"turns":1},{"damage":10,"enemies":"Gremlin Nob","floor":8,"turns":4},{"damage":0,"enemies":"Jaw Worm","floor":11,"turns":2},{"damage":6,"enemies":"Exordium Wildlife","floor":12,"turns":6},{"damage":69,"enemies":"Slime Boss","floor":16,"turns":10}],"seed_played":"5832912037173838352","potions_obtained":[{"floor":1,"key":"SteroidPotion"},{"floor":3,"key":"Fire Potion"}],"is_trial":false,"path_per_floor":["M","$","M","?","?","R","?","E","T","R","M","M","?","?","R","B"],"character_chosen":"THE_SILENT","items_purchased":["Backflip"],"campfire_rested":3,"item_purchase_floors":[2],"current_hp_per_floor":[59,59,59,59,33,52,52,42,42,61,61,55,44,44,63,0],"gold":376,"neow_bonus":"THREE_ENEMY_KILL","is_prod":false,"is_daily":false,"chose_seed":false,"campfire_upgraded":0,"win_rate":0,"timestamp":1541979441,"path_taken":["M","$","M","?","?","R","?","E","T","R","M","?","?","?","R","BOSS"],"build_version":"2018-11-08","purchased_purges":1,"victory":false,"max_hp_per_floor":[66,66,66,66,66,66,66,66,66,66,66,66,66,66,66,66],"card_choices":[{"not_picked":["Concentrate","Catalyst"],"picked":"Predator","floor":1},{"not_picked":["Endless Agony","Setup"],"picked":"Poisoned Stab","floor":3},{"not_picked":["Dodge and Roll","Backflip"],"picked":"Dash","floor":7},{"not_picked":["Heel Hook","Masterful Stab"],"picked":"Adrenaline","floor":8},{"not_picked":["Concentrate","Cloak And Dagger","Deadly Poison"],"picked":"SKIP","floor":11},{"not_picked":["Eviscerate","Acrobatics"],"picked":"PiercingWail","floor":12}],"player_experience":2206027,"relics_obtained":[{"floor":7,"key":"Odd Mushroom"},{"floor":8,"key":"Bottled Lightning"},{"floor":9,"key":"Art of War"}],"event_choices":[{"damage_healed":0,"gold_gain":0,"player_choice":"Leave","damage_taken":0,"max_hp_gain":0,"max_hp_loss":0,"event_name":"The Cleric","floor":4,"gold_loss":0},{"damage_healed":0,"gold_gain":0,"player_choice":"Success","damage_taken":26,"relics_obtained":["Letter Opener"],"max_hp_gain":0,"max_hp_loss":0,"event_name":"Scrap Ooze","floor":5,"gold_loss":0},{"damage_healed":0,"gold_gain":0,"player_choice":"Fought Mushrooms","damage_taken":0,"max_hp_gain":0,"max_hp_loss":0,"event_name":"Mushrooms","floor":7,"gold_loss":0},{"damage_healed":0,"gold_gain":75,"player_choice":"Gather Gold","damage_taken":11,"max_hp_gain":0,"max_hp_loss":0,"event_name":"World of Goop","floor":13,"gold_loss":0},{"damage_healed":0,"gold_gain":150,"player_choice":"AGREE","damage_taken":0,"max_hp_gain":0,"max_hp_loss":0,"event_name":"Liars Game","floor":14,"gold_loss":0,"cards_obtained":["Doubt"]}],"is_beta":false,"boss_relics":[],"items_purged_floors":[2],"is_endless":false,"potions_floor_spawned":[1,3],"killed_by":"Slime Boss","ascension_level":18}