{"gold_per_floor":[110,128,128,203,278,278,319,319,346,19,38,38,38,69,69,167,167,185,185,203,48,66,66,109,109,109,123,167,167,190,47,47,47],"floor_reached":33,"playtime":1537,"items_purged":["Strike_R","Strike_R"],"score":582,"play_id":"a28562e0-ceb9-4c45-bacf-ecf580019a5e","local_time":"20190509092122","is_ascension_mode":true,"campfire_choices":[{"data":"Blood for Blood","floor":6,"key":"SMITH"},{"floor":8,"key":"REST"},{"floor":12,"key":"REST"},{"floor":15,"key":"REST"},{"floor":23,"key":"REST"},{"floor":25,"key":"REST"},{"floor":29,"key":"REST"},{"floor":32,"key":"REST"}],"neow_cost":"NONE","seed_source_timestamp":2555386881020736,"circlet_count":0,"master_deck":["AscendersBane","Strike_R","Strike_R","Defend_R","Defend_R","Defend_R","Defend_R","Bash","Shockwave","Blood for Blood+1","Uppercut","Dual Wield","Burning Pact","Rampage","Immolate","Bloodletting","Armaments","Rupture","Dual Wield","Limit Break","Intimidate+1","Shrug It Off+1","Blood for Blood+1","True Grit+1","Metallicize+1","Intimidate+1"],"relics":["Burning Blood","Golden Idol","Bag of Preparation","Bronze Scales","PreservedInsect","Orichalcum","Runic Pyramid","Dream Catcher","Toxic Egg 2","Frozen Egg 2"],"potions_floor_usage":[14,22,27,28,33],"damage_taken":[{"damage":9,"enemies":"2 Louse","floor":1,"turns":3},{"damage":19,"enemies":"Small Slimes","floor":2,"turns":4},{"damage":40,"enemies":"3 Sentries","floor":7,"turns":11},{"damage":9,"enemies":"Jaw Worm","floor":11,"turns":5},{"damage":6,"enemies":"Gremlin Nob","floor":14,"turns":3},{"damage":46,"enemies":"The Guardian","floor":16,"turns":12},{"damage":28,"enemies":"Shell Parasite","floor":18,"turns":4},{"damage":7,"enemies":"Spheric Guardian","floor":20,"turns":3},{"damage":16,"enemies":"Centurion and Healer","floor":22,"turns":6},{"damage":31,"enemies":"Slavers","floor":24,"turns":2},{"damage":19,"enemies":"Chosen and Byrds","floor":27,"turns":6},{"damage":15,"enemies":"Book of Stabbing","floor":28,"turns":3},{"damage":16,"enemies":"Snake Plant","floor":30,"turns":2},{"damage":52,"enemies":"Automaton","floor":33,"turns":6}],"seed_played":"7522621072443932235","potions_obtained":[{"floor":0,"key":"PowerPotion"},{"floor":0,"key":"Strength Potion"},{"floor":20,"key":"EssenceOfSteel"},{"floor":24,"key":"LiquidBronze"},{"floor":28,"key":"PowerPotion"}],"is_trial":false,"path_per_floor":["M","M","?","?","?","R","E","R","T","$","M","R","?","E","R","B",null,"M","?","M","$","M","R","E","R","T","M","E","R","M","$","R","B"],"character_chosen":"IRONCLAD","items_purchased":["PreservedInsect","Dual Wield","Armaments","True Grit+1","Metallicize+1"],"campfire_rested":7,"item_purchase_floors":[10,10,21,31,31],"current_hp_per_floor":[65,52,52,41,41,41,7,27,27,27,24,44,44,44,64,24,57,35,35,34,34,24,44,19,39,39,26,17,37,27,27,47,0],"gold":47,"neow_bonus":"THREE_SMALL_POTIONS","is_prod":false,"is_daily":false,"chose_seed":false,"campfire_upgraded":1,"win_rate":0,"timestamp":1557408082,"path_taken":["M","M","?","?","?","R","E","R","T","?","M","R","?","E","R","BOSS","M","?","M","$","M","R","E","R","T","M","E","R","M","$","R","BOSS"],"build_version":"2019-01-23","purchased_purges":2,"victory":false,"max_hp_per_floor":[75,75,68,68,68,68,68,68,68,68,68,68,68,68,68,68,68,68,68,68,68,68,68,68,68,68,68,68,68,68,68,68,68],"card_choices":[{"not_picked":["Body Slam","Warcry"],"picked":"Shockwave","floor":1},{"not_picked":["True Grit","Clash"],"picked":"Blood for Blood","floor":2},{"not_picked":["Infernal Blade","Body Slam"],"picked":"Uppercut","floor":7},{"not_picked":["Anger","Searing Blow"],"picked":"Burning Pact","floor":11},{"not_picked":["Warcry","Seeing Red"],"picked":"Rampage","floor":14},{"not_picked":["Juggernaut","Impervious"],"picked":"Immolate","floor":16},{"not_picked":["Uppercut","Heavy Blade"],"picked":"Bloodletting","floor":18},{"not_picked":["Body Slam","Whirlwind","Dropkick"],"picked":"SKIP","floor":20},{"not_picked":["Wild Strike","Armaments"],"picked":"Rupture","floor":22},{"not_picked":["Anger","Armaments"],"picked":"Dual Wield","floor":24},{"not_picked":["Cleave","Wild Strike"],"picked":"Limit Break","floor":25},{"not_picked":["Cleave","Searing Blow+1"],"picked":"Intimidate+1","floor":27},{"not_picked":["Wild Strike","Cleave"],"picked":"Shrug It Off+1","floor":28},{"not_picked":["Havoc+1","Anger"],"picked":"Blood for Blood+1","floor":29},{"not_picked":["Perfected Strike+1","Thunderclap","Sword Boomerang+1"],"picked":"SKIP","floor":30},{"not_picked":["Reckless Charge","Fire Breathing+1"],"picked":"Intimidate+1","floor":32}],"player_experience":3638252,"relics_obtained":[{"floor":7,"key":"Bag of Preparation"},{"floor":9,"key":"Bronze Scales"},{"floor":14,"key":"Orichalcum"},{"floor":24,"key":"Dream Catcher"},{"floor":26,"key":"Toxic Egg 2"},{"floor":28,"key":"Frozen Egg 2"}],"event_choices":[{"damage_healed":0,"gold_gain":0,"player_choice":"Lose Max HP","damage_taken":0,"relics_obtained":["Golden Idol"],"max_hp_gain":0,"max_hp_loss":7,"event_name":"Golden Idol","floor":3,"gold_loss":0},{"damage_healed":0,"gold_gain":75,"player_choice":"Gather Gold","damage_taken":11,"max_hp_gain":0,"max_hp_loss":0,"event_name":"World of Goop","floor":4,"gold_loss":0},{"damage_healed":0,"gold_gain":75,"player_choice":"Gained Gold","damage_taken":0,"max_hp_gain":0,"max_hp_loss":0,"event_name":"Golden Wing","floor":5,"gold_loss":0},{"damage_healed":0,"gold_gain":0,"player_choice":"Ignored","damage_taken":0,"max_hp_gain":0,"max_hp_loss":0,"event_name":"Shining Light","floor":13,"gold_loss":0},{"cards_removed":["Strike_R"],"damage_healed":0,"gold_gain":0,"player_choice":"Elegance","damage_taken":0,"max_hp_gain":0,"max_hp_loss":0,"event_name":"Back to Basics","floor":19,"gold_loss":0}],"is_beta":false,"boss_relics":[{"not_picked":["Calling Bell","Busted Crown"],"picked":"Runic Pyramid"}],"items_purged_floors":[10,21],"is_endless":false,"potions_floor_spawned":[1,20,24,28],"killed_by":"Automaton","ascension_level":20}