{"gold_per_floor":[109,109,124,124,49,80,94,94,94,107,150,173,94,112,112,233,233,173,102,102,102,102,102,102],"floor_reached":24,"playtime":1622,"items_purged":["Strike_R"],"score":268,"play_id":"559e1626-e484-4826-aa19-14e205c49ef7","local_time":"20190719020802","is_ascension_mode":true,"campfire_choices":[{"floor":8,"key":"REST"},{"floor":15,"key":"REST"},{"data":"Demon Form","floor":23,"key":"SMITH"}],"neow_cost":"NONE","seed_source_timestamp":91321066394011,"circlet_count":0,"master_deck":["Strike_R+1","Strike_R","Strike_R","Strike_R","Defend_R","Defend_R","Defend_R","Defend_R","Bash","Pummel+1","Pommel Strike+1","Feed+1","Corruption","Battle Trance+1","Iron Wave+1","Demon Form+1","Burning Pact+1","Pummel+1","Intimidate+1","RitualDagger+1"],"relics":["Burning Blood","NeowsBlessing","Golden Idol","Question Card","Molten Egg 2","Toxic Egg 2","Whetstone","Ectoplasm"],"potions_floor_usage":[10,11,16],"damage_taken":[{"damage":0,"enemies":"Small Slimes","floor":1,"turns":1},{"damage":0,"enemies":"Jaw Worm","floor":3,"turns":1},{"damage":0,"enemies":"3 Sentries","floor":6,"turns":2},{"damage":6,"enemies":"2 Louse","floor":7,"turns":3},{"damage":20,"enemies":"Exordium Thugs","floor":10,"turns":3},{"damage":31,"enemies":"Lagavulin","floor":11,"turns":5},{"damage":6,"enemies":"Large Slime","floor":12,"turns":5},{"damage":17,"enemies":"Exordium Wildlife","floor":14,"turns":5},{"damage":57,"enemies":"Slime Boss","floor":16,"turns":12},{"damage":15,"enemies":"2 Thieves","floor":18,"turns":4},{"damage":12,"enemies":"3 Byrds","floor":20,"turns":5},{"damage":37,"enemies":"Gremlin Leader","floor":24,"turns":5}],"seed_played":"5158092473993416682","potions_obtained":[{"floor":3,"key":"SteroidPotion"},{"floor":6,"key":"LiquidBronze"},{"floor":10,"key":"Poison Potion"},{"floor":20,"key":"Dexterity Potion"}],"is_trial":false,"path_per_floor":["M","?","M","?","$","E","M","R","T","M","E","M","$","M","R","B",null,"M","$","M","?","?","R","E"],"character_chosen":"IRONCLAD","items_purchased":["Battle Trance+1","Pummel+1"],"campfire_rested":2,"item_purchase_floors":[13,19],"current_hp_per_floor":[80,60,66,41,41,47,47,71,71,57,36,40,40,33,60,9,92,87,87,85,79,79,79,42],"gold":102,"neow_bonus":"THREE_ENEMY_KILL","is_prod":false,"is_daily":false,"chose_seed":false,"campfire_upgraded":1,"win_rate":0,"timestamp":1563520082,"path_taken":["M","?","M","?","$","E","M","R","T","M","E","M","$","M","R","BOSS","M","$","M","?","?","R","E"],"build_version":"2019-07-17","purchased_purges":1,"victory":false,"max_hp_per_floor":[80,80,80,80,80,80,80,80,80,80,84,88,88,92,92,92,92,96,96,100,100,100,100,100],"card_choices":[{"not_picked":["Clash","Rage","Clothesline"],"picked":"SKIP","floor":1},{"not_picked":["Iron Wave","Armaments"],"picked":"Pummel","floor":3},{"not_picked":["Entrench","Pommel Strike","Warcry","Body Slam"],"picked":"SKIP","floor":6},{"not_picked":["Warcry","Body Slam+1","Clothesline+1"],"picked":"Pommel Strike+1","floor":7},{"not_picked":["Flex+1","Pommel Strike+1","Twin Strike+1"],"picked":"Feed+1","floor":10},{"not_picked":["Sword Boomerang+1","Power Through+1","Twin Strike+1"],"picked":"Corruption","floor":11},{"not_picked":["Anger+1","Flex+1","Sever Soul+1","Heavy Blade+1"],"picked":"SKIP","floor":12},{"not_picked":["Flex+1","Whirlwind+1","Shockwave+1"],"picked":"Iron Wave+1","floor":14},{"not_picked":["Berserk","Bludgeon+1","Feed+1"],"picked":"Demon Form","floor":16},{"not_picked":["Flex+1","Clothesline+1","Cleave+1"],"picked":"Burning Pact+1","floor":18},{"not_picked":["Headbutt+1","Blood for Blood+1","Inflame"],"picked":"Intimidate+1","floor":20}],"player_experience":183398,"relics_obtained":[{"floor":6,"key":"Molten Egg 2"},{"floor":9,"key":"Toxic Egg 2"},{"floor":11,"key":"Whetstone"}],"event_choices":[{"damage_healed":0,"gold_gain":0,"player_choice":"Take Damage","damage_taken":20,"relics_obtained":["Golden Idol"],"max_hp_gain":0,"max_hp_loss":0,"event_name":"Golden Idol","floor":2,"gold_loss":0},{"damage_healed":0,"gold_gain":0,"player_choice":"Success","damage_taken":25,"relics_obtained":["Question Card"],"max_hp_gain":0,"max_hp_loss":0,"event_name":"Scrap Ooze","floor":4,"gold_loss":0},{"damage_healed":0,"gold_gain":0,"player_choice":"Joined the Cult","damage_taken":6,"max_hp_gain":0,"max_hp_loss":0,"event_name":"Nest","floor":21,"gold_loss":0,"cards_obtained":["RitualDagger"]},{"damage_healed":0,"gold_gain":0,"player_choice":"0 cards matched","damage_taken":0,"max_hp_gain":0,"max_hp_loss":0,"event_name":"Match and Keep!","floor":22,"gold_loss":0,"cards_obtained":[]}],"is_beta":false,"boss_relics":[{"not_picked":["Astrolabe","Philosopher\u0027s Stone"],"picked":"Ectoplasm"}],"items_purged_floors":[5],"is_endless":false,"potions_floor_spawned":[3,6,10,20],"killed_by":"Gremlin Leader","ascension_level":1}