{"gold_per_floor":[118,20,30,46,46,46,76,76,76,103,103,103,103,130,130,130],"floor_reached":16,"playtime":903,"items_purged":[],"score":282,"play_id":"74d571e6-947b-44fd-97ad-949301cb547c","local_time":"20190501071538","is_ascension_mode":true,"campfire_choices":[{"data":"Double Energy","floor":6,"key":"SMITH"},{"floor":8,"key":"REST"},{"data":"Cold Snap","floor":11,"key":"SMITH"},{"floor":13,"key":"REST"},{"data":"Electrodynamics","floor":15,"key":"SMITH"}],"neow_cost":"NONE","seed_source_timestamp":1857273746545614,"circlet_count":0,"master_deck":["AscendersBane","Strike_B","Strike_B","Strike_B","Defend_B","Defend_B","Defend_B","Defend_B","Zap","Dualcast","Multi-Cast","Cold Snap+1","Double Energy+1","Undo","Steam Power","Chill","Electrodynamics+1"],"relics":["Cracked Core","Pocketwatch","Calipers","Art of War","Gremlin Horn","Pear"],"potions_floor_usage":[7,7,14],"damage_taken":[{"damage":1,"enemies":"Cultist","floor":1,"turns":4},{"damage":0,"enemies":"Small Slimes","floor":3,"turns":3},{"damage":4,"enemies":"2 Louse","floor":4,"turns":2},{"damage":6,"enemies":"Lagavulin","floor":7,"turns":7},{"damage":2,"enemies":"3 Sentries","floor":10,"turns":11},{"damage":0,"enemies":"Gremlin Nob","floor":14,"turns":3},{"damage":82,"enemies":"Hexaghost","floor":16,"turns":11}],"seed_played":"1297761578217712275","potions_obtained":[{"floor":1,"key":"Dexterity Potion"},{"floor":7,"key":"Energy Potion"}],"is_trial":false,"path_per_floor":["M","$","M","M","?","R","E","R","T","E","R","?","R","E","R","B"],"character_chosen":"DEFECT","items_purchased":["Double Energy","PowerPotion"],"campfire_rested":2,"item_purchase_floors":[2,2],"current_hp_per_floor":[63,63,63,59,52,52,46,67,67,65,65,47,68,78,78,0],"gold":130,"neow_bonus":"ONE_RANDOM_RARE_CARD","is_prod":false,"is_daily":false,"chose_seed":false,"campfire_upgraded":3,"win_rate":0,"timestamp":1556709338,"path_taken":["M","$","M","M","?","R","E","R","T","E","R","?","R","E","R","BOSS"],"build_version":"2019-01-23","purchased_purges":0,"victory":false,"max_hp_per_floor":[71,71,71,71,71,71,71,71,71,71,71,71,71,81,81,81],"card_choices":[{"not_picked":["Melter","Compile Driver"],"picked":"Cold Snap","floor":1},{"not_picked":["Gash","Rebound"],"picked":"Undo","floor":3},{"not_picked":["Scrape","Cold Snap"],"picked":"Steam Power","floor":4},{"not_picked":["Beam Cell","Barrage"],"picked":"Chill","floor":7},{"not_picked":["Compile Driver","Undo","Sweeping Beam"],"picked":"SKIP","floor":10},{"not_picked":["Steam Power","Barrage"],"picked":"Electrodynamics","floor":14}],"player_experience":3537384,"relics_obtained":[{"floor":7,"key":"Pocketwatch"},{"floor":9,"key":"Calipers"},{"floor":10,"key":"Art of War"},{"floor":14,"key":"Pear"}],"event_choices":[{"cards_removed":["Strike_B"],"damage_healed":0,"gold_gain":0,"player_choice":"Card Removal","damage_taken":7,"max_hp_gain":0,"max_hp_loss":0,"event_name":"Golden Wing","floor":5,"gold_loss":0},{"damage_healed":0,"gold_gain":0,"player_choice":"Success","damage_taken":18,"relics_obtained":["Gremlin Horn"],"max_hp_gain":0,"max_hp_loss":0,"event_name":"Scrap Ooze","floor":12,"gold_loss":0}],"is_beta":false,"boss_relics":[],"items_purged_floors":[],"is_endless":false,"potions_floor_spawned":[1,4,7],"killed_by":"Hexaghost","ascension_level":20}