{"gold_per_floor":[112,128,128,141,141,152,178,178,204,223,223,242,20,31,31,108,108,108,58,58,8,8,8,8,8,8,8,8,8,8,8,8,8,8,8,0,0,0,0,0,0,0,0,0,0,0,0],"floor_reached":47,"playtime":4239,"items_purged":["Strike_G","Defend_G"],"score":948,"play_id":"389e37d5-cc12-42d6-b881-89774d7e7bfa","local_time":"20181113155426","is_ascension_mode":true,"campfire_choices":[{"floor":8,"key":"REST"},{"data":"Deadly Poison","floor":11,"key":"SMITH"},{"data":"Catalyst","floor":15,"key":"SMITH"},{"floor":23,"key":"REST"},{"floor":25,"key":"REST"},{"data":"Glass Knife","floor":32,"key":"SMITH"},{"data":"White Noise","floor":40,"key":"SMITH"}],"neow_cost":"NONE","seed_source_timestamp":766386392704428,"circlet_count":0,"master_deck":["AscendersBane","Defend_G+1","Defend_G+1","Defend_G+1","Defend_G+1","Strike_G+1","Strike_G+1","Strike_G+1","Survivor","Neutralize","Backflip","Backstab","Sucker Punch","Well Laid Plans","Deadly Poison+1","Backstab","Flying Knee","Catalyst+1","Shrug It Off","White Noise+1","Conserve Battery+1","Glass Knife+1","Dagger Spray+1","Glacier","Blur","Venomology","Trip","Auto Shields","Discovery+1","Parasite","Dodge and Roll+1","Doubt","Flex+1"],"relics":["Ring of the Snake","NeowsBlessing","Smiling Mask","Anchor","PrismaticShard","Ectoplasm","Bronze Scales","Bottled Flame","Cursed Key","Red Mask","Regal Pillow","MawBank"],"potions_floor_usage":[14,16,18,22,22,27,33,35,41,42,44,47,47],"damage_taken":[{"damage":0,"enemies":"Jaw Worm","floor":1,"turns":1},{"damage":0,"enemies":"Cultist","floor":2,"turns":1},{"damage":0,"enemies":"2 Louse","floor":4,"turns":1},{"damage":4,"enemies":"Blue Slaver","floor":6,"turns":5},{"damage":38,"enemies":"3 Sentries","floor":7,"turns":14},{"damage":0,"enemies":"2 Fungi Beasts","floor":10,"turns":4},{"damage":0,"enemies":"Looter","floor":12,"turns":2},{"damage":0,"enemies":"3 Louse","floor":14,"turns":1},{"damage":6,"enemies":"The Guardian","floor":16,"turns":6},{"damage":13,"enemies":"3 Byrds","floor":18,"turns":8},{"damage":5,"enemies":"Spheric Guardian","floor":20,"turns":5},{"damage":24,"enemies":"Chosen and Byrds","floor":22,"turns":9},{"damage":3,"enemies":"Snecko","floor":24,"turns":6},{"damage":11,"enemies":"Cultist and Chosen","floor":27,"turns":8},{"damage":0,"enemies":"Centurion and Healer","floor":28,"turns":6},{"damage":10,"enemies":"Automaton","floor":33,"turns":12},{"damage":35,"enemies":"3 Darklings","floor":35,"turns":7},{"damage":0,"enemies":"3 Shapes","floor":39,"turns":6},{"damage":0,"enemies":"Nemesis","floor":41,"turns":6},{"damage":13,"enemies":"Writhing Mass","floor":42,"turns":8},{"damage":9,"enemies":"Maw","floor":44,"turns":4},{"damage":11,"enemies":"Sphere and 2 Shapes","floor":45,"turns":7},{"damage":33,"enemies":"Transient","floor":47,"turns":4}],"seed_played":"6295081863776320497","potions_obtained":[{"floor":10,"key":"SpeedPotion"},{"floor":12,"key":"Explosive Potion"},{"floor":14,"key":"Poison Potion"},{"floor":16,"key":"Block Potion"},{"floor":18,"key":"Block Potion"},{"floor":22,"key":"GhostInAJar"},{"floor":27,"key":"GhostInAJar"},{"floor":39,"key":"FearPotion"},{"floor":41,"key":"SmokeBomb"}],"is_trial":false,"path_per_floor":["M","M","?","M","?","M","E","R","T","M","R","M","$","M","R","B",null,"M","$","M","$","M","R","M","R","T","M","M","?","?","T","R","B",null,"M","?","?","?","M","R","E","M","T","M","M","$","M"],"character_chosen":"THE_SILENT","items_purchased":["PrismaticShard"],"campfire_rested":3,"item_purchase_floors":[13],"current_hp_per_floor":[59,59,66,66,66,62,24,43,43,43,43,43,43,43,43,37,59,46,46,41,41,17,36,33,52,52,41,41,41,41,41,41,31,57,22,22,22,54,54,54,54,41,41,32,21,21,0],"gold":0,"neow_bonus":"THREE_ENEMY_KILL","is_prod":false,"is_daily":false,"chose_seed":false,"campfire_upgraded":4,"win_rate":0,"timestamp":1542142466,"path_taken":["M","M","?","?","?","M","E","R","T","M","R","M","$","M","R","BOSS","M","$","M","$","M","R","M","R","T","M","M","?","?","?","R","BOSS","M","?","?","?","?","R","E","M","T","M","M","?","?"],"build_version":"2018-11-08","purchased_purges":2,"victory":false,"max_hp_per_floor":[66,66,66,66,66,66,66,66,66,66,66,66,66,66,66,66,66,66,66,66,66,66,66,66,66,66,66,66,66,66,66,66,66,66,66,66,66,54,54,54,54,54,54,54,54,54,54],"card_choices":[{"not_picked":["Dodge and Roll","Deflect"],"picked":"Backflip","floor":1},{"not_picked":["Concentrate","Flechettes"],"picked":"Backstab","floor":2},{"not_picked":["Footwork","Quick Slash"],"picked":"Sucker Punch","floor":4},{"not_picked":["Outmaneuver","Tactician"],"picked":"Deadly Poison","floor":6},{"not_picked":["Quick Slash","All Out Attack"],"picked":"Backstab","floor":7},{"not_picked":["Deflect","Heel Hook"],"picked":"Flying Knee","floor":10},{"not_picked":["Caltrops","Quick Slash"],"picked":"Catalyst","floor":12},{"not_picked":["Clothesline","Sucker Punch"],"picked":"Shrug It Off","floor":14},{"not_picked":["Consume","Acrobatics","Deadly Poison"],"picked":"SKIP","floor":18},{"not_picked":["Ball Lightning","Anger+1"],"picked":"White Noise","floor":20},{"not_picked":["Cloak And Dagger","Sword Boomerang"],"picked":"Conserve Battery+1","floor":22},{"not_picked":["Conserve Battery","Panacea"],"picked":"Glass Knife","floor":24},{"not_picked":["Perfected Strike","Ghostly Armor"],"picked":"Dagger Spray+1","floor":27},{"not_picked":["All Out Attack","Dodge and Roll"],"picked":"Glacier","floor":28},{"not_picked":["Doppelganger","Multi-Cast"],"picked":"Venomology","floor":33},{"not_picked":["Cloak And Dagger","Cloak And Dagger","Coolheaded"],"picked":"SKIP","floor":35},{"not_picked":["Enlightenment","Madness"],"picked":"Trip","floor":37},{"not_picked":["Acrobatics+1","Steam"],"picked":"Auto Shields","floor":39},{"not_picked":["Headbutt","Perfected Strike"],"picked":"Discovery+1","floor":41},{"not_picked":["Steam","Sword Boomerang"],"picked":"Dodge and Roll+1","floor":42},{"not_picked":["Thunder Strike","Perfected Strike"],"picked":"Flex+1","floor":45}],"player_experience":2266434,"relics_obtained":[{"floor":7,"key":"Smiling Mask"},{"floor":9,"key":"Anchor"},{"floor":26,"key":"Bronze Scales"},{"floor":31,"key":"Bottled Flame"},{"floor":41,"key":"Regal Pillow"},{"floor":43,"key":"MawBank"}],"event_choices":[{"damage_healed":7,"gold_gain":0,"player_choice":"Full Heal","damage_taken":0,"max_hp_gain":0,"max_hp_loss":0,"event_name":"Wheel of Change","floor":3,"gold_loss":0},{"damage_healed":0,"gold_gain":0,"cards_transformed":["Strike_G"],"player_choice":"Change","damage_taken":0,"max_hp_gain":0,"max_hp_loss":0,"event_name":"Living Wall","floor":5,"gold_loss":0,"cards_obtained":["Well Laid Plans"]},{"damage_healed":0,"gold_gain":0,"player_choice":"Read","damage_taken":0,"max_hp_gain":0,"max_hp_loss":0,"event_name":"The Library","floor":29,"gold_loss":0,"cards_obtained":["Blur"]},{"damage_healed":0,"gold_gain":0,"player_choice":"Simplicity","damage_taken":0,"max_hp_gain":0,"max_hp_loss":0,"event_name":"Back to Basics","floor":30,"gold_loss":0,"cards_upgraded":["Defend_G","Defend_G","Defend_G","Defend_G","Strike_G","Strike_G","Strike_G"]},{"damage_healed":0,"gold_gain":0,"player_choice":"Paid","damage_taken":0,"relics_obtained":["Red Mask"],"max_hp_gain":0,"max_hp_loss":0,"event_name":"Tomb of Lord Red Mask","floor":36,"gold_loss":8},{"damage_healed":0,"gold_gain":0,"player_choice":"Memory 1","damage_taken":0,"max_hp_gain":0,"max_hp_loss":0,"event_name":"SensoryStone","floor":37,"gold_loss":0},{"damage_healed":54,"gold_gain":0,"player_choice":"Heal","damage_taken":0,"max_hp_gain":0,"max_hp_loss":12,"event_name":"The Moai Head","floor":38,"gold_loss":0}],"is_beta":false,"boss_relics":[{"not_picked":["Eternal Feather","WristBlade"],"picked":"Ectoplasm"},{"not_picked":["Empty Cage","Lizard Tail"],"picked":"Cursed Key"}],"items_purged_floors":[19,21],"is_endless":false,"potions_floor_spawned":[10,12,14,16,18,22,27,39,41,44],"killed_by":"Transient","ascension_level":19}