{"path_per_floor":["M","?","M","M","M","R","?","M","T","M","?","$","?","M","R","B",null,"M","$","M","?","?","R","M"],"character_chosen":"THE_SILENT","items_purchased":["Footwork","Finesse","Blur","Well Laid Plans"],"gold_per_floor":[111,111,124,134,154,154,154,164,164,184,359,46,46,64,64,165,165,181,2,16,16,16,16,36],"floor_reached":25,"campfire_rested":3,"playtime":25605,"current_hp_per_floor":[70,70,66,67,34,55,55,21,21,5,5,5,5,20,41,19,70,39,39,2,2,2,33,6],"items_purged":["Regret","Strike_G"],"gold":36,"play_id":"0131ed5b-b27a-4ad5-a376-1bd5c33bc920","is_prod":false,"is_daily":false,"is_ascension_mode":true,"campfire_upgraded":0,"path_taken":["M","?","M","?","M","R","?","M","T","M","?","$","?","?","R","BOSS","M","$","M","?","?","R","?","E"],"build_version":"2018-01-25-PROD3","purchased_purges":2,"victory":false,"master_deck":["Defend_G","Defend_G","Defend_G","Defend_G","Defend_G","Strike_G","Strike_G","Strike_G","Strike_G","Survivor","Neutralize","Acrobatics+1","Deadly Poison","Distraction","Prepared","Cloak And Dagger","Poisoned Stab","Doubt","Footwork+1","Finesse","Blur","Backflip","A Thousand Cuts","Backflip","Well Laid Plans","Writhe","Footwork"],"max_hp_per_floor":[70,70,70,70,70,70,70,70,70,70,70,70,70,70,70,70,70,70,70,70,70,70,70,70],"relics":["Ring of the Snake","Blood Vial","Calipers","Eternal Feather","Toolbox"],"card_choices":[{"not_picked":["Deflect","Dash"],"picked":"Acrobatics"},{"not_picked":["Sucker Punch","Bane"],"picked":"Deadly Poison"},{"not_picked":["Outmaneuver","Blade Dance"],"picked":"Distraction"},{"not_picked":["Deflect","Choke"],"picked":"Prepared"},{"not_picked":["Heel Hook","Bouncing Flask"],"picked":"Cloak And Dagger"},{"not_picked":["Sucker Punch","Deadly Poison"],"picked":"Poisoned Stab"},{"not_picked":["Prepared","Skewer"],"picked":"Backflip"},{"not_picked":["Night Terror","Phantasmal Killer"],"picked":"A Thousand Cuts"},{"not_picked":["Dodge and Roll","Poisoned Stab"],"picked":"Backflip"},{"not_picked":["Accuracy","Leg Sweep"],"picked":"Footwork"}],"player_experience":393565,"potions_floor_usage":[5,5,8,14,14,14,20],"damage_taken":[{"damage":0,"enemies":"Cultist","floor":1,"turns":6},{"damage":4,"enemies":"Jaw Worm","floor":3,"turns":7},{"damage":1,"enemies":"2 Louse","floor":4,"turns":3},{"damage":50,"enemies":"Gremlin Gang","floor":5,"turns":8},{"damage":36,"enemies":"3 Louse","floor":8,"turns":7},{"damage":18,"enemies":"Lots of Slimes","floor":10,"turns":7},{"damage":2,"enemies":"Large Slime","floor":14,"turns":7},{"damage":24,"enemies":"The Guardian","floor":16,"turns":16},{"damage":31,"enemies":"Chosen","floor":18,"turns":9},{"damage":39,"enemies":"3 Byrds","floor":20,"turns":13},{"damage":29,"enemies":"Sentry and Sphere","floor":24,"turns":11},{"damage":8,"enemies":"Gremlin Leader","floor":25,"turns":2}],"event_choices":[{"event_name":"Big Fish","player_choice":"Box","floor":2,"damage_taken":0},{"event_name":"Accursed Blacksmith","player_choice":"Forge","floor":7,"damage_taken":0},{"event_name":"Liars Game","player_choice":"agreed","floor":11,"damage_taken":0},{"event_name":"Upgrade Shrine","player_choice":"Upgraded","floor":13,"damage_taken":0},{"event_name":"Beggar","player_choice":"Ignored","floor":21,"damage_taken":0},{"event_name":"The Mausoleum","player_choice":"Yes","floor":22,"damage_taken":0}],"boss_relics":[{"not_picked":["Velvet Choker","Question Card"],"picked":"Eternal Feather"}],"potions_floor_spawned":[5,8,10,18],"seed_played":"-1426874117796875431","killed_by":"Gremlin Leader","ascension_level":2,"is_trial":false}