{"gold_per_floor":[210,8,86,86,136,175,175,215,215,248,248,261,261,23,23,116,116,137,191,203,215,227,239,251],"floor_reached":24,"playtime":998,"items_purged":["Strike_B"],"score":412,"play_id":"984f93b3-db4a-44e6-9df1-5ce212c0df37","local_time":"20190509100529","is_ascension_mode":true,"campfire_choices":[{"floor":7,"key":"REST"},{"floor":11,"key":"REST"},{"data":"Defragment","floor":13,"key":"SMITH"},{"data":"Conserve Battery","floor":15,"key":"SMITH"},{"data":"Ghostly","floor":23,"key":"SMITH"}],"neow_cost":"NONE","seed_source_timestamp":2558571347148148,"circlet_count":0,"master_deck":["AscendersBane","Defend_B","Defend_B","Defend_B","Defend_B","Zap","Dualcast","Compile Driver+1","Sunder+1","Chaos","Gash","Turbo","Defragment+1","Conserve Battery+1","Doom and Gloom","Machine Learning","Creative AI+1","Reprogram+1","Auto Shields+1","Gash","Ghostly+1","Ghostly","Ghostly"],"relics":["Cracked Core","Bloody Idol","Pear","Bottled Flame","Whetstone","Art of War","Bronze Scales","Astrolabe","MawBank"],"potions_floor_usage":[6,8],"damage_taken":[{"damage":8,"enemies":"2 Louse","floor":1,"turns":2},{"damage":24,"enemies":"Gremlin Nob","floor":6,"turns":4},{"damage":21,"enemies":"Lagavulin","floor":8,"turns":8},{"damage":6,"enemies":"Gremlin Nob","floor":10,"turns":3},{"damage":0,"enemies":"Small Slimes","floor":12,"turns":1},{"damage":37,"enemies":"Hexaghost","floor":16,"turns":8},{"damage":27,"enemies":"Shell Parasite","floor":18,"turns":5},{"damage":41,"enemies":"Book of Stabbing","floor":24,"turns":5}],"seed_played":"7392951176737775426","potions_obtained":[{"floor":1,"key":"Weak Potion"},{"floor":6,"key":"Poison Potion"}],"is_trial":false,"path_per_floor":["M","$","?","?","?","E","R","E","T","E","R","M","R","$","R","B",null,"M","T","?","$","?","R","E"],"character_chosen":"DEFECT","items_purchased":["Sunder","Chaos","Bronze Scales","Doom and Gloom"],"campfire_rested":2,"item_purchase_floors":[2,2,14,14],"current_hp_per_floor":[56,56,56,56,56,42,64,43,43,37,59,59,59,59,59,22,61,34,34,34,39,37,37,0],"gold":251,"neow_bonus":"HUNDRED_GOLD","is_prod":false,"is_daily":false,"chose_seed":false,"campfire_upgraded":3,"win_rate":0,"timestamp":1557410729,"path_taken":["M","$","?","?","?","E","R","E","T","E","R","M","R","$","R","BOSS","M","?","?","$","?","R","E"],"build_version":"2019-01-23","purchased_purges":1,"victory":false,"max_hp_per_floor":[71,71,71,64,64,74,74,74,74,74,74,74,74,74,74,74,74,74,74,74,74,37,37,37],"card_choices":[{"not_picked":["Static Discharge","Tempest"],"picked":"Compile Driver","floor":1},{"not_picked":["Compile Driver","Leap"],"picked":"Gash","floor":6},{"not_picked":["Steam","Undo"],"picked":"Turbo","floor":8},{"not_picked":["Go for the Eyes","Barrage"],"picked":"Defragment","floor":10},{"not_picked":["Sweeping Beam","Ball Lightning"],"picked":"Conserve Battery","floor":12},{"not_picked":["Hyperbeam","All For One"],"picked":"Machine Learning","floor":16},{"not_picked":["Sunder","Chaos"],"picked":"Gash","floor":18}],"player_experience":3639789,"relics_obtained":[{"floor":6,"key":"Pear"},{"floor":8,"key":"Bottled Flame"},{"floor":9,"key":"Whetstone"},{"floor":10,"key":"Art of War"},{"floor":19,"key":"MawBank"}],"event_choices":[{"damage_healed":0,"gold_gain":78,"player_choice":"Gained Gold","damage_taken":0,"max_hp_gain":0,"max_hp_loss":0,"event_name":"Golden Wing","floor":3,"gold_loss":0},{"damage_healed":0,"gold_gain":0,"player_choice":"Lose Max HP","damage_taken":0,"relics_obtained":["Golden Idol"],"max_hp_gain":0,"max_hp_loss":7,"event_name":"Golden Idol","floor":4,"gold_loss":0},{"damage_healed":0,"gold_gain":50,"player_choice":"Pray","damage_taken":0,"max_hp_gain":0,"max_hp_loss":0,"event_name":"Golden Shrine","floor":5,"gold_loss":0},{"damage_healed":0,"gold_gain":0,"player_choice":"Gave Idol","damage_taken":0,"relics_obtained":["Bloody Idol"],"max_hp_gain":0,"max_hp_loss":0,"event_name":"Forgotten Altar","floor":20,"relics_lost":["Golden Idol"],"gold_loss":0},{"damage_healed":0,"gold_gain":0,"player_choice":"Became a Ghost","damage_taken":0,"max_hp_gain":0,"max_hp_loss":37,"event_name":"Ghosts","floor":22,"gold_loss":0,"cards_obtained":["Ghostly","Ghostly","Ghostly"]}],"is_beta":false,"boss_relics":[{"not_picked":["Runic Dome","Black Star"],"picked":"Astrolabe"}],"items_purged_floors":[2],"is_endless":false,"potions_floor_spawned":[1,6],"killed_by":"Book of Stabbing","ascension_level":20}