{"gold_per_floor":[212,212,223,25,25,58,58,91,117,117,149,162,162,178,178,252,252,269,288,288,9,19,19,19],"floor_reached":24,"playtime":1279,"items_purged":["Strike_B"],"score":353,"play_id":"2404c998-ec46-4f6d-949e-725c0750bd98","local_time":"20190306213317","is_ascension_mode":true,"campfire_choices":[{"floor":7,"key":"REST"},{"data":"Hyperbeam","floor":10,"key":"SMITH"},{"data":"Fusion","floor":13,"key":"SMITH"},{"data":"Streamline","floor":15,"key":"SMITH"},{"data":"Creative AI","floor":23,"key":"SMITH"}],"neow_cost":"NONE","seed_source_timestamp":1911689741623364,"circlet_count":0,"master_deck":["AscendersBane","Strike_B","Strike_B","Defend_B+1","Defend_B+1","Defend_B","Defend_B","Zap","Dualcast","Darkness","Doom and Gloom","Steam","Hyperbeam+1","Genetic Algorithm","Genetic Algorithm","Steam","Fusion+1","Streamline+1","Creative AI+1","Cold Snap+1","Dark Shackles"],"relics":["Cracked Core","Centennial Puzzle","Cables","Ancient Tea Set","Pantograph","Busted Crown","OrangePellets"],"potions_floor_usage":[6,6,16,24,24],"damage_taken":[{"damage":9,"enemies":"Jaw Worm","floor":1,"turns":4},{"damage":12,"enemies":"Small Slimes","floor":3,"turns":3},{"damage":9,"enemies":"Lagavulin","floor":6,"turns":5},{"damage":16,"enemies":"3 Sentries","floor":8,"turns":4},{"damage":16,"enemies":"Gremlin Nob","floor":11,"turns":3},{"damage":1,"enemies":"Cultist","floor":12,"turns":4},{"damage":3,"enemies":"2 Fungi Beasts","floor":14,"turns":3},{"damage":32,"enemies":"Hexaghost","floor":16,"turns":11},{"damage":20,"enemies":"Spheric Guardian","floor":18,"turns":6},{"damage":4,"enemies":"Chosen","floor":19,"turns":5},{"damage":6,"enemies":"Snake Plant","floor":22,"turns":5},{"damage":64,"enemies":"Gremlin Leader","floor":24,"turns":7}],"seed_played":"6615640572183672390","potions_obtained":[{"floor":1,"key":"EssenceOfSteel"},{"floor":3,"key":"Strength Potion"},{"floor":11,"key":"Block Potion"},{"floor":14,"key":"PowerPotion"},{"floor":18,"key":"Block Potion"}],"is_trial":false,"path_per_floor":["M","?","M","$","?","E","R","E","T","R","E","M","R","M","R","B",null,"M","M","?","$","M","R","E"],"character_chosen":"DEFECT","items_purchased":["Regen Potion","Steam","OrangePellets","Dark Shackles"],"campfire_rested":1,"item_purchase_floors":[4,4,21,21],"current_hp_per_floor":[59,44,32,32,32,37,59,43,43,43,27,26,26,23,23,16,60,40,36,61,61,55,55,0],"gold":19,"neow_bonus":"HUNDRED_GOLD","is_prod":false,"is_daily":false,"chose_seed":false,"campfire_upgraded":4,"win_rate":0,"timestamp":1551925997,"path_taken":["M","?","M","$","?","E","R","E","T","R","E","?","R","M","R","BOSS","M","?","?","?","M","R","E"],"build_version":"2019-01-23","purchased_purges":1,"victory":false,"max_hp_per_floor":[75,75,75,75,75,75,75,75,75,75,75,75,75,75,75,75,75,75,75,75,75,75,75,75],"card_choices":[{"not_picked":["Steam Power","Cold Snap"],"picked":"Darkness","floor":1},{"not_picked":["Compile Driver","Lockon"],"picked":"Doom and Gloom","floor":3},{"not_picked":["Beam Cell","Sweeping Beam"],"picked":"Genetic Algorithm","floor":6},{"not_picked":["Ball Lightning","Blizzard"],"picked":"Genetic Algorithm","floor":8},{"not_picked":["Double Energy","Redo"],"picked":"Steam","floor":11},{"not_picked":["Beam Cell","Turbo"],"picked":"Fusion","floor":12},{"not_picked":["Gash","Go for the Eyes"],"picked":"Streamline","floor":14},{"not_picked":["Multi-Cast","Electrodynamics"],"picked":"Creative AI","floor":16},{"not_picked":["Barrage"],"picked":"SKIP","floor":18},{"not_picked":[],"picked":"Cold Snap+1","floor":19},{"not_picked":["Doom and Gloom"],"picked":"SKIP","floor":22}],"player_experience":3159194,"relics_obtained":[{"floor":6,"key":"Centennial Puzzle"},{"floor":8,"key":"Cables"},{"floor":9,"key":"Ancient Tea Set"},{"floor":11,"key":"Pantograph"}],"event_choices":[{"damage_healed":0,"gold_gain":0,"player_choice":"Entered Light","damage_taken":15,"max_hp_gain":0,"max_hp_loss":0,"event_name":"Shining Light","floor":2,"gold_loss":0,"cards_upgraded":["Defend_B","Defend_B"]},{"damage_healed":0,"gold_gain":0,"cards_transformed":["Strike_B"],"player_choice":"Change","damage_taken":0,"max_hp_gain":0,"max_hp_loss":0,"event_name":"Living Wall","floor":5,"gold_loss":0,"cards_obtained":["Hyperbeam"]},{"damage_healed":25,"gold_gain":0,"player_choice":"Heal","damage_taken":0,"max_hp_gain":0,"max_hp_loss":0,"event_name":"The Library","floor":20,"gold_loss":0}],"is_beta":false,"boss_relics":[{"not_picked":["Eternal Feather","Calling Bell"],"picked":"Busted Crown"}],"items_purged_floors":[4],"is_endless":false,"potions_floor_spawned":[1,3,11,14,18,19],"killed_by":"Gremlin Leader","ascension_level":13}