{"gold_per_floor":[115,115,115,132,152,185,185,196,271,284,38,53,124,140,140,243,243,259,273,188,45,45,76,76,76,76,76,91,91,91,109,109,212,212,231,331,331,341,351,37,37,84,110,110,123,134,151,161,161,161],"floor_reached":50,"playtime":9093,"items_purged":["Strike_B"],"score":516,"play_id":"a40a248e-557b-4397-8d40-5e6c7753eb8a","local_time":"20190718201627","is_ascension_mode":false,"campfire_choices":[{"data":"Doom and Gloom","floor":7,"key":"SMITH"},{"floor":15,"key":"REST"},{"data":"Apotheosis","floor":25,"key":"SMITH"},{"floor":27,"key":"REST"},{"data":"Redo","floor":32,"key":"SMITH"},{"floor":44,"key":"REST"},{"floor":49,"key":"REST"}],"neow_cost":"NONE","seed_source_timestamp":415570575175533,"circlet_count":0,"master_deck":["Defend_B","Defend_B","Zap","Dualcast","Madness+1","Coolheaded","Zap","Leap","Bandage Up","Beam Cell","Coolheaded","Doom and Gloom+1","Fusion","Ball Lightning","Conserve Battery","Compile Driver","Apotheosis+1","Glacier","Barrage","Aggregate","Doom and Gloom","Biased Cognition","Redo+1","Lockon+1","Loop+1","Hologram+1","Redo+1","Stack+1","Skim","Scrape+1","Darkness+1","BootSequence+1","RitualDagger","Bite","Bite","Bite","Bite","Bite","Coolheaded+1","Rainbow","Go for the Eyes+1","Leap+1","Streamline+1","Cold Snap+1","Double Energy+1","Reprogram+1","Force Field+1","Go for the Eyes","Redo+1"],"relics":["Cracked Core","Prayer Wheel","Pantograph","Astrolabe","Orichalcum","Juzu Bracelet","Happy Flower","Omamori","Dodecahedron","Fusion Hammer","Ice Cream","Thread and Needle","Gambling Chip","Ancient Tea Set"],"potions_floor_usage":[33,33,33,36,46,50],"damage_taken":[{"damage":0,"enemies":"Small Slimes","floor":1,"turns":2},{"damage":5,"enemies":"2 Louse","floor":4,"turns":3},{"damage":0,"enemies":"Cultist","floor":5,"turns":3},{"damage":44,"enemies":"3 Sentries","floor":6,"turns":9},{"damage":0,"enemies":"3 Louse","floor":8,"turns":1},{"damage":14,"enemies":"Large Slime","floor":10,"turns":7},{"damage":1,"enemies":"2 Fungi Beasts","floor":12,"turns":4},{"damage":0,"enemies":"Exordium Thugs","floor":14,"turns":3},{"damage":47,"enemies":"Hexaghost","floor":16,"turns":9},{"damage":5,"enemies":"Shell Parasite","floor":18,"turns":6},{"damage":10,"enemies":"Spheric Guardian","floor":19,"turns":3},{"damage":6,"enemies":"Book of Stabbing","floor":23,"turns":5},{"damage":12,"enemies":"Snecko","floor":28,"turns":4},{"damage":0,"enemies":"Cultist and Chosen","floor":31,"turns":5},{"damage":68,"enemies":"Champ","floor":33,"turns":13},{"damage":6,"enemies":"Orb Walker","floor":35,"turns":3},{"damage":10,"enemies":"Mind Bloom Boss Battle","floor":36,"turns":6},{"damage":30,"enemies":"3 Darklings","floor":38,"turns":5},{"damage":0,"enemies":"Writhing Mass","floor":39,"turns":5},{"damage":12,"enemies":"2 Orb Walkers","floor":42,"turns":5},{"damage":40,"enemies":"4 Shapes","floor":45,"turns":5},{"damage":1,"enemies":"Sphere and 2 Shapes","floor":46,"turns":5},{"damage":5,"enemies":"Transient","floor":47,"turns":5},{"damage":0,"enemies":"Maw","floor":48,"turns":7},{"damage":80,"enemies":"Donu and Deca","floor":50,"turns":8}],"seed_played":"6504486397787473236","potions_obtained":[{"floor":1,"key":"Dexterity Potion"},{"floor":5,"key":"FearPotion"},{"floor":10,"key":"Weak Potion"},{"floor":18,"key":"Energy Potion"},{"floor":28,"key":"GamblersBrew"},{"floor":33,"key":"SmokeBomb"},{"floor":35,"key":"PowerPotion"},{"floor":42,"key":"SteroidPotion"},{"floor":45,"key":"AttackPotion"},{"floor":46,"key":"GamblersBrew"},{"floor":47,"key":"SkillPotion"}],"is_trial":false,"path_per_floor":["M","?","?","M","M","E","R","M","T","M","$","M","?","M","R","B",null,"M","M","?","$","?","E","?","R","T","R","M","?","?","M","R","B",null,"M","?","?","M","M","$","?","?","T","R","M","M","M","M","R","B"],"character_chosen":"DEFECT","items_purchased":["Apotheosis","Juzu Bracelet","Thread and Needle"],"campfire_rested":4,"item_purchase_floors":[11,21,40],"current_hp_per_floor":[75,75,75,70,74,34,34,38,38,28,28,31,31,31,53,34,75,70,60,60,60,60,60,60,60,60,75,63,57,52,52,52,15,52,46,48,48,27,35,35,48,45,45,52,17,24,34,52,52,0],"gold":161,"neow_bonus":"RANDOM_COLORLESS","is_prod":false,"is_daily":false,"chose_seed":false,"campfire_upgraded":3,"win_rate":0.0,"timestamp":1563498987,"path_taken":["M","?","?","M","M","E","R","M","T","?","$","M","?","M","R","BOSS","M","M","?","$","?","E","?","R","T","R","M","?","?","M","R","BOSS","M","?","?","M","M","$","?","?","T","R","M","M","M","M","R","BOSS"],"build_version":"2019-07-05","purchased_purges":1,"victory":false,"max_hp_per_floor":[75,75,75,75,75,75,75,75,75,75,75,75,75,75,75,75,75,75,75,75,75,75,75,75,75,75,75,75,75,52,52,52,52,52,52,52,52,52,52,52,52,52,52,52,52,52,52,52,52,52],"card_choices":[{"not_picked":["Conserve Battery","Hologram"],"picked":"Coolheaded","floor":1},{"not_picked":["Steam","Blizzard"],"picked":"Beam Cell","floor":4},{"not_picked":["Gash","Streamline"],"picked":"Coolheaded","floor":5},{"not_picked":["Consume","Gash"],"picked":"Doom and Gloom","floor":6},{"not_picked":["Hello World","Coolheaded"],"picked":"Fusion","floor":8},{"not_picked":["Beam Cell","Leap"],"picked":"Ball Lightning","floor":8},{"not_picked":["Steam","Multi-Cast"],"picked":"Conserve Battery","floor":10},{"not_picked":["Leap","Darkness"],"picked":"Compile Driver","floor":10},{"not_picked":["Ball Lightning","Leap"],"picked":"Glacier","floor":12},{"not_picked":["Steam","Skim"],"picked":"Barrage","floor":12},{"not_picked":["Hologram","Chill"],"picked":"Aggregate","floor":14},{"not_picked":["Compile Driver","Genetic Algorithm"],"picked":"Doom and Gloom","floor":14},{"not_picked":["Machine Learning","Reboot"],"picked":"Biased Cognition","floor":16},{"not_picked":["Loop","Hello World"],"picked":"Hologram+1","floor":18},{"not_picked":["Sweeping Beam","Rainbow"],"picked":"Redo","floor":18},{"not_picked":["Chill","Consume"],"picked":"Stack+1","floor":19},{"not_picked":["Heatsinks","Hologram","Leap"],"picked":"SKIP","floor":19},{"not_picked":["Hologram","Barrage"],"picked":"Scrape+1","floor":23},{"not_picked":["Cold Snap","Consume+1"],"picked":"Darkness+1","floor":28},{"not_picked":["Creative AI","Consume+1"],"picked":"BootSequence+1","floor":28},{"not_picked":["Streamline","Chill"],"picked":"Coolheaded+1","floor":31},{"not_picked":["Chill","Ball Lightning","Hologram"],"picked":"SKIP","floor":31},{"not_picked":["Thunder Strike","Biased Cognition"],"picked":"Rainbow","floor":33},{"not_picked":["Redo","Ball Lightning+1"],"picked":"Go for the Eyes+1","floor":35},{"not_picked":["Coolheaded","Steam","Aggregate+1"],"picked":"SKIP","floor":35},{"not_picked":["Rip and Tear","White Noise+1"],"picked":"Leap+1","floor":38},{"not_picked":["Fusion","Ball Lightning"],"picked":"Streamline+1","floor":38},{"not_picked":["Leap","Sweeping Beam"],"picked":"Cold Snap+1","floor":39},{"not_picked":["Gash","Beam Cell+1"],"picked":"Double Energy+1","floor":39},{"not_picked":["Stack","Ball Lightning"],"picked":"Reprogram+1","floor":45},{"not_picked":["Reboot","Steam","Aggregate"],"picked":"SKIP","floor":45},{"not_picked":["Fusion","Blizzard"],"picked":"Force Field+1","floor":46},{"not_picked":["Barrage+1","Compile Driver","Redo+1"],"picked":"SKIP","floor":46},{"not_picked":["Doom and Gloom+1","White Noise"],"picked":"Go for the Eyes","floor":47},{"not_picked":["Gash","BootSequence","FTL"],"picked":"SKIP","floor":47},{"not_picked":["Conserve Battery+1","Cold Snap"],"picked":"Redo+1","floor":48},{"not_picked":["Fusion+1","Compile Driver","Beam Cell+1"],"picked":"SKIP","floor":48}],"player_experience":145987,"relics_obtained":[{"floor":6,"key":"Prayer Wheel"},{"floor":9,"key":"Pantograph"},{"floor":23,"key":"Happy Flower"},{"floor":26,"key":"Dodecahedron"},{"floor":36,"key":"Ice Cream"},{"floor":42,"key":"Gambling Chip"},{"floor":43,"key":"Ancient Tea Set"}],"event_choices":[{"damage_healed":0,"gold_gain":0,"player_choice":"Grow","damage_taken":0,"max_hp_gain":0,"max_hp_loss":0,"event_name":"Living Wall","floor":2,"gold_loss":0,"cards_upgraded":["Madness"]},{"damage_healed":0,"gold_gain":0,"player_choice":"3 cards matched","damage_taken":0,"max_hp_gain":0,"max_hp_loss":0,"event_name":"Match and Keep!","floor":3,"gold_loss":0,"cards_obtained":["Zap","Leap","Bandage Up"]},{"damage_healed":0,"gold_gain":71,"player_choice":"Gained Gold","damage_taken":0,"max_hp_gain":0,"max_hp_loss":0,"event_name":"Golden Wing","floor":13,"gold_loss":0},{"damage_healed":0,"gold_gain":0,"player_choice":"Obtained Relic","damage_taken":0,"relics_obtained":["Orichalcum"],"max_hp_gain":0,"max_hp_loss":0,"event_name":"Addict","floor":20,"gold_loss":85},{"damage_healed":0,"gold_gain":0,"player_choice":"Read","damage_taken":0,"max_hp_gain":0,"max_hp_loss":0,"event_name":"The Library","floor":22,"gold_loss":0,"cards_obtained":["Skim"]},{"damage_healed":0,"gold_gain":0,"player_choice":"Opened","damage_taken":0,"relics_obtained":["Omamori"],"max_hp_gain":0,"max_hp_loss":0,"event_name":"The Mausoleum","floor":24,"gold_loss":0},{"damage_healed":0,"gold_gain":0,"player_choice":"Joined the Cult","damage_taken":6,"max_hp_gain":0,"max_hp_loss":0,"event_name":"Nest","floor":29,"gold_loss":0,"cards_obtained":["RitualDagger"]},{"damage_healed":0,"gold_gain":0,"player_choice":"Became a vampire","damage_taken":0,"max_hp_gain":0,"max_hp_loss":23,"event_name":"Vampires","floor":30,"gold_loss":0,"cards_obtained":["Bite","Bite","Bite","Bite","Bite"]},{"damage_healed":0,"gold_gain":0,"player_choice":"Fight","damage_taken":0,"max_hp_gain":0,"max_hp_loss":0,"event_name":"MindBloom","floor":36,"gold_loss":0},{"damage_healed":0,"gold_gain":0,"player_choice":"Ignored","damage_taken":0,"max_hp_gain":0,"max_hp_loss":0,"event_name":"Tomb of Lord Red Mask","floor":37,"gold_loss":0},{"damage_healed":13,"gold_gain":0,"player_choice":"Writhe","damage_taken":0,"max_hp_gain":0,"max_hp_loss":0,"event_name":"Winding Halls","floor":41,"gold_loss":0,"cards_obtained":["Writhe"]},{"damage_healed":0,"gold_gain":0,"player_choice":"Fight","damage_taken":0,"max_hp_gain":0,"max_hp_loss":0,"event_name":"Mysterious Sphere","floor":42,"gold_loss":0}],"is_beta":false,"boss_relics":[{"not_picked":["Nuclear Battery","Ectoplasm"],"picked":"Astrolabe"},{"not_picked":["Runic Dome","Velvet Choker"],"picked":"Fusion Hammer"}],"items_purged_floors":[11],"is_endless":false,"potions_floor_spawned":[1,5,10,18,28,33,35,42,45,46,47],"killed_by":"Donu and Deca","ascension_level":0}