{"path_per_floor":["M","M","?","M","M","R","E","R","T","M","M","M","R","M","R","B",null,"M","M","$","M","M","E","R","M","T","R","?","$","R","?","R","B",null,"M","?","?","?","$","?","R","M","T","?","?","E","R","M","R","B"],"character_chosen":"THE_SILENT","items_purchased":["Vajra"],"gold_per_floor":[111,129,129,144,161,161,188,188,188,200,215,227,227,237,237,333,333,333,333,112,112,112,112,112,112,112,112,112,12,12,12,12,12,12,12,12,12,0,0,0,0,0,0,0,0,0,0,0,0,0],"floor_reached":51,"campfire_rested":1,"playtime":3868,"current_hp_per_floor":[61,61,54,54,49,49,40,40,40,37,32,32,32,31,31,33,70,67,64,64,63,59,55,55,54,54,54,54,54,54,38,59,28,70,69,60,60,60,60,60,60,62,62,70,70,70,70,69,69,44],"items_purged":["Strike_G","Writhe"],"gold":0,"score":722,"play_id":"415602c7-3157-4a9a-a2fe-a48a7a56a863","local_time":"20180409171350","is_prod":false,"is_daily":false,"is_ascension_mode":false,"campfire_upgraded":2,"timestamp":1523308430,"path_taken":["M","M","?","M","M","R","E","R","T","M","M","M","R","M","R","BOSS","M","M","$","M","M","E","R","M","T","R","?","$","R","?","R","BOSS","M","?","?","?","$","?","R","M","T","?","?","E","R","M","R","BOSS"],"build_version":"2018-04-05v2","purchased_purges":2,"victory":true,"master_deck":["Defend_G","Defend_G","Defend_G","Defend_G","Defend_G","Strike_G","Strike_G","Strike_G","Survivor","Neutralize","Deadly Poison","Sucker Punch","Quick Slash","Malaise+1","Dagger Spray+1","Acrobatics","Dash","Tools of the Trade","Escape Plan+1","Predator+1","After Image","Madness","Madness","Mind Blast","Backflip"],"max_hp_per_floor":[63,63,63,63,63,63,70,70,70,70,70,70,70,70,70,70,70,70,70,70,70,70,70,70,70,70,70,70,70,70,70,70,70,70,70,70,70,70,70,70,70,70,70,70,70,70,70,70,70,70],"relics":["Ring of the Snake","Dead Branch","Strawberry","Shovel","Tingsha","Blood Vial","Ectoplasm","Vajra","Happy Flower","Pen Nib","Juzu Bracelet","Bottled Lightning","Art of War","Matryoshka","Enchiridion","Cursed Key","Red Mask","Toolbox","Lantern","Regal Pillow","Torii","Omamori","Darkstone Periapt","Smiling Mask"],"card_choices":[{"not_picked":["Outmaneuver","Deflect"],"picked":"Deadly Poison","floor":1},{"not_picked":["Choke","Deflect"],"picked":"Sucker Punch","floor":2},{"not_picked":["Predator","Calculated Gamble"],"picked":"Quick Slash","floor":4},{"not_picked":["Flying Knee","Terror"],"picked":"Malaise","floor":5},{"not_picked":["Quick Slash","Choke"],"picked":"Dagger Spray","floor":7},{"not_picked":["Choke","Outmaneuver"],"picked":"Acrobatics","floor":11},{"not_picked":["Bane","Dodge and Roll"],"picked":"Dash","floor":12},{"not_picked":["Slice","Eviscerate"],"picked":"Tools of the Trade","floor":14},{"not_picked":["Backstab","Flying Knee"],"picked":"Escape Plan","floor":19},{"not_picked":["Dagger Throw","All Out Attack"],"picked":"Predator","floor":25},{"not_picked":["Corpse Explosion","Grand Finale"],"picked":"After Image","floor":33},{"not_picked":["Dark Shackles","Swift Strike"],"picked":"Mind Blast","floor":40},{"not_picked":["Cloak And Dagger","Glass Knife"],"picked":"Backflip","floor":48}],"player_experience":1144942,"potions_floor_usage":[14,16,19,22,23,25,33,33,44,50,50,50],"damage_taken":[{"damage":2,"enemies":"Small Slimes","floor":1,"turns":3},{"damage":0,"enemies":"2 Louse","floor":2,"turns":2},{"damage":0,"enemies":"Jaw Worm","floor":4,"turns":4},{"damage":5,"enemies":"Large Slime","floor":5,"turns":7},{"damage":16,"enemies":"Lagavulin","floor":7,"turns":8},{"damage":3,"enemies":"Blue Slaver","floor":10,"turns":3},{"damage":5,"enemies":"Looter","floor":11,"turns":4},{"damage":0,"enemies":"2 Fungi Beasts","floor":12,"turns":2},{"damage":1,"enemies":"Large Slime","floor":14,"turns":4},{"damage":0,"enemies":"The Guardian","floor":16,"turns":13},{"damage":3,"enemies":"3 Byrds","floor":18,"turns":4},{"damage":5,"enemies":"Chosen","floor":19,"turns":5},{"damage":3,"enemies":"Snake Plant","floor":21,"turns":6},{"damage":6,"enemies":"Snecko","floor":22,"turns":5},{"damage":6,"enemies":"Book of Stabbing","floor":23,"turns":6},{"damage":3,"enemies":"Centurion and Healer","floor":25,"turns":7},{"damage":33,"enemies":"Champ","floor":33,"turns":12},{"damage":1,"enemies":"Orb Walker","floor":35,"turns":3},{"damage":0,"enemies":"3 Shapes","floor":42,"turns":3},{"damage":2,"enemies":"Mysterious Sphere","floor":44,"turns":8},{"damage":0,"enemies":"Nemesis","floor":46,"turns":9},{"damage":1,"enemies":"3 Darklings","floor":48,"turns":3},{"damage":26,"enemies":"Time Eater","floor":50,"turns":10}],"event_choices":[{"event_name":"Golden Wing","player_choice":"Card Removal","floor":3,"damage_taken":0},{"event_name":"The Mausoleum","player_choice":"Yes","floor":28,"damage_taken":0},{"event_name":"Cursed Tome","player_choice":"Obtained Book","floor":31,"damage_taken":0},{"event_name":"Winding Halls","player_choice":"Embrace Madness","floor":36,"damage_taken":0},{"event_name":"The Lab","player_choice":"Got Potions","floor":37,"damage_taken":0},{"event_name":"Tomb of Lord Red Mask","player_choice":"Paid","floor":38,"damage_taken":0},{"event_name":"SensoryStone","player_choice":"Memory 1","floor":40,"damage_taken":0},{"event_name":"Mysterious Sphere","player_choice":"Fight","floor":44,"damage_taken":0},{"event_name":"Purifier","player_choice":"One Purge","floor":45,"damage_taken":0}],"boss_relics":[{"not_picked":["White Beast Statue","Snecko Eye"],"picked":"Ectoplasm"},{"not_picked":["Black Star","Runic Pyramid"],"picked":"Cursed Key"}],"potions_floor_spawned":[5,7,10,14,18,22,23,35,46,48],"seed_played":"-8893229832710750260","ascension_level":0,"is_trial":false}