{"gold_per_floor":[111,121,121,136,151,251,265,40,40,40,56,73,73,105,105,208,208,224,224],"floor_reached":19,"playtime":976,"items_purged":["Strike_R"],"score":171,"play_id":"a5ee1b3e-c9b8-49f3-a204-9823fa831df0","local_time":"20190422162753","is_ascension_mode":false,"campfire_choices":[{"data":"Bash","floor":10,"key":"SMITH"},{"data":"Evolve","floor":15,"key":"SMITH"}],"neow_cost":"NONE","seed_source_timestamp":1112733485137418,"circlet_count":0,"master_deck":["Strike_R","Strike_R","Strike_R","Strike_R","Defend_R","Defend_R","Defend_R","Defend_R","Bash+1","Pommel Strike","Dropkick","Pommel Strike","Evolve+1","Dual Wield","Power Through","Warcry","Bloodletting"],"relics":["Burning Blood","Ancient Tea Set","Pantograph","Juzu Bracelet","Orrery"],"potions_floor_usage":[1,16,16,19],"damage_taken":[{"damage":3,"enemies":"Jaw Worm","floor":1,"turns":3},{"damage":1,"enemies":"Cultist","floor":2,"turns":3},{"damage":10,"enemies":"Small Slimes","floor":4,"turns":4},{"damage":33,"enemies":"Gremlin Gang","floor":5,"turns":5},{"damage":18,"enemies":"3 Louse","floor":7,"turns":4},{"damage":5,"enemies":"Exordium Thugs","floor":11,"turns":3},{"damage":4,"enemies":"2 Fungi Beasts","floor":12,"turns":4},{"damage":14,"enemies":"Gremlin Nob","floor":14,"turns":3},{"damage":33,"enemies":"Hexaghost","floor":16,"turns":9},{"damage":37,"enemies":"3 Byrds","floor":18,"turns":8},{"damage":52,"enemies":"Masked Bandits","floor":19,"turns":4}],"seed_played":"661131693486862040","potions_obtained":[{"floor":0,"key":"SkillPotion"},{"floor":0,"key":"Weak Potion"},{"floor":0,"key":"Weak Potion"},{"floor":2,"key":"Strength Potion"},{"floor":3,"key":"LiquidBronze"},{"floor":18,"key":"Weak Potion"}],"is_trial":false,"path_per_floor":["M","M","?","M","M","?","M","$","T","R","M","M","?","E","R","B",null,"M","?"],"character_chosen":"IRONCLAD","items_purchased":["Ancient Tea Set"],"campfire_rested":0,"item_purchase_floors":[8],"current_hp_per_floor":[80,80,80,76,49,49,37,37,37,37,38,40,40,32,32,30,80,49,0],"gold":224,"neow_bonus":"THREE_SMALL_POTIONS","is_prod":false,"is_daily":false,"chose_seed":false,"campfire_upgraded":2,"win_rate":0,"timestamp":1555964873,"path_taken":["M","M","?","?","M","?","M","$","T","R","?","M","?","E","R","BOSS","M","?"],"build_version":"2019-01-23","purchased_purges":1,"victory":false,"max_hp_per_floor":[80,80,80,80,80,80,80,80,80,80,80,80,80,80,80,80,80,80,80],"card_choices":[{"not_picked":["Uppercut","Carnage"],"picked":"Pommel Strike","floor":1},{"not_picked":["Anger","Shrug It Off"],"picked":"Dropkick","floor":2},{"not_picked":["Blood for Blood","Hemokinesis","Headbutt"],"picked":"SKIP","floor":4},{"not_picked":["Wild Strike","Twin Strike"],"picked":"Pommel Strike","floor":5},{"not_picked":["Battle Trance","Headbutt","Reaper"],"picked":"SKIP","floor":7},{"not_picked":["Rupture","Twin Strike","Combust"],"picked":"SKIP","floor":11},{"not_picked":["Flex","Rage"],"picked":"Evolve","floor":12},{"not_picked":["Bloodletting","Shrug It Off","Perfected Strike"],"picked":"SKIP","floor":14},{"not_picked":["Ghostly Armor","Intimidate"],"picked":"Dual Wield","floor":17},{"not_picked":["Cleave","Infernal Blade"],"picked":"Power Through","floor":17},{"not_picked":["Headbutt","Clash"],"picked":"Warcry","floor":17},{"not_picked":["Wild Strike+1","Armaments"],"picked":"Bloodletting","floor":18}],"player_experience":3458031,"relics_obtained":[{"floor":9,"key":"Pantograph"},{"floor":14,"key":"Juzu Bracelet"}],"event_choices":[{"damage_healed":0,"gold_gain":0,"player_choice":"Got Potions","damage_taken":0,"max_hp_gain":0,"max_hp_loss":0,"event_name":"Lab","floor":3,"gold_loss":0},{"damage_healed":0,"gold_gain":100,"player_choice":"Pray","damage_taken":0,"max_hp_gain":0,"max_hp_loss":0,"event_name":"Golden Shrine","floor":6,"gold_loss":0},{"damage_healed":0,"gold_gain":0,"player_choice":"Ignored","damage_taken":0,"max_hp_gain":0,"max_hp_loss":0,"event_name":"Liars Game","floor":13,"gold_loss":0},{"damage_healed":0,"gold_gain":0,"player_choice":"Fought Bandits","damage_taken":0,"max_hp_gain":0,"max_hp_loss":0,"event_name":"Masked Bandits","floor":19,"gold_loss":0}],"is_beta":false,"boss_relics":[{"not_picked":["Philosopher\u0027s Stone","Black Blood"],"picked":"Orrery"}],"items_purged_floors":[8],"is_endless":false,"potions_floor_spawned":[2,4,5,14,18],"killed_by":"Masked Bandits","ascension_level":0}