{"gold_per_floor":[15,33,33,9,27,52,66,66,66,91,91,91,18,0,0,129,129,66,78,109,52,52,52,52],"floor_reached":24,"playtime":1332,"items_purged":[],"score":220,"play_id":"86176560-64f0-40c4-84b1-d7c3e0db533a","local_time":"20181125223344","is_ascension_mode":true,"campfire_choices":[{"floor":8,"key":"REST"},{"data":"Creative AI","floor":15,"key":"SMITH"},{"floor":23,"key":"REST"}],"neow_cost":"NO_GOLD","seed_source_timestamp":1036611468084428,"circlet_count":0,"master_deck":["Strike_B","Strike_B","Strike_B","Strike_B","Defend_B","Defend_B","Defend_B","Defend_B","Zap","Dualcast","Creative AI+1","Auto Shields","Cold Snap","Ball Lightning","Defragment","Core Surge","Cold Snap","Conserve Battery","Parasite","Defragment","Buffer","Parasite","Doubt","Regret","Blizzard+1","Stack+1","Capacitor"],"relics":["Cracked Core","NlothsMask","Lantern","Molten Egg 2","Golden Idol","Calling Bell","MawBank","Mercury Hourglass","Dead Branch","Pocketwatch"],"potions_floor_usage":[10,16,16,24],"damage_taken":[{"damage":13,"enemies":"Jaw Worm","floor":1,"turns":5},{"damage":4,"enemies":"Cultist","floor":2,"turns":5},{"damage":7,"enemies":"Small Slimes","floor":5,"turns":3},{"damage":34,"enemies":"3 Sentries","floor":6,"turns":7},{"damage":0,"enemies":"2 Fungi Beasts","floor":7,"turns":3},{"damage":15,"enemies":"Lagavulin","floor":10,"turns":7},{"damage":26,"enemies":"The Guardian","floor":16,"turns":11},{"damage":36,"enemies":"2 Thieves","floor":18,"turns":5},{"damage":6,"enemies":"Shell Parasite","floor":20,"turns":7},{"damage":50,"enemies":"Book of Stabbing","floor":24,"turns":9}],"seed_played":"-8420734125584887463","potions_obtained":[{"floor":2,"key":"FearPotion"},{"floor":6,"key":"SkillPotion"},{"floor":7,"key":"FocusPotion"},{"floor":20,"key":"Ancient Potion"}],"is_trial":false,"path_per_floor":["M","M","?","$","M","E","M","R","T","E","?","?","$","?","R","B",null,"M","?","M","$","$","R","E"],"character_chosen":"DEFECT","items_purchased":["Ball Lightning","Defragment","Capacitor"],"campfire_rested":2,"item_purchase_floors":[4,13,21],"current_hp_per_floor":[62,58,58,58,51,17,17,39,39,24,24,41,41,41,41,15,69,33,33,27,27,27,47,0],"gold":52,"neow_bonus":"THREE_RARE_CARDS","is_prod":false,"is_daily":false,"chose_seed":false,"campfire_upgraded":1,"win_rate":0,"timestamp":1543203224,"path_taken":["M","M","?","?","?","E","M","R","T","E","?","?","$","?","R","BOSS","M","?","M","?","$","R","E"],"build_version":"2018-11-15","purchased_purges":0,"victory":false,"max_hp_per_floor":[75,75,75,75,75,75,75,75,75,75,69,69,69,69,69,69,69,69,69,69,69,69,69,69],"card_choices":[{"not_picked":["All For One","Rainbow"],"picked":"Creative AI","floor":0},{"not_picked":["Ball Lightning","Cold Snap"],"picked":"Auto Shields","floor":1},{"not_picked":["Reprogram","Reboot"],"picked":"Cold Snap","floor":2},{"not_picked":["Streamline","FTL"],"picked":"Defragment","floor":5},{"not_picked":["Redo","Consume"],"picked":"Core Surge","floor":6},{"not_picked":["Chaos","Steam"],"picked":"Cold Snap","floor":7},{"not_picked":["Rebound","Sweeping Beam"],"picked":"Conserve Battery","floor":10},{"not_picked":["Echo Form","Hyperbeam+1"],"picked":"Buffer","floor":16},{"not_picked":["Sweeping Beam+1","Cold Snap+1"],"picked":"Blizzard+1","floor":18},{"not_picked":["Go for the Eyes+1","Echo Form"],"picked":"Stack+1","floor":20}],"player_experience":2504435,"relics_obtained":[{"floor":6,"key":"Lantern"},{"floor":10,"key":"Molten Egg 2"},{"floor":17,"key":"MawBank"},{"floor":17,"key":"Mercury Hourglass"},{"floor":17,"key":"Dead Branch"}],"event_choices":[{"damage_healed":0,"gold_gain":0,"player_choice":"Trade","damage_taken":0,"relics_obtained":["NlothsMask"],"max_hp_gain":0,"max_hp_loss":0,"event_name":"FaceTrader","floor":3,"gold_loss":0},{"damage_healed":0,"gold_gain":0,"player_choice":"Lose Max HP","damage_taken":0,"relics_obtained":["Golden Idol"],"max_hp_gain":0,"max_hp_loss":6,"event_name":"Golden Idol","floor":11,"gold_loss":0},{"damage_healed":17,"gold_gain":0,"player_choice":"Healed and dodged fight","damage_taken":0,"max_hp_gain":0,"max_hp_loss":0,"event_name":"Mushrooms","floor":12,"gold_loss":0,"cards_obtained":["Parasite"]},{"damage_healed":0,"gold_gain":0,"player_choice":"Left Gold","damage_taken":0,"max_hp_gain":0,"max_hp_loss":0,"event_name":"World of Goop","floor":14,"gold_loss":18},{"damage_healed":0,"gold_gain":0,"player_choice":"Opened","damage_taken":0,"relics_obtained":["Pocketwatch"],"max_hp_gain":0,"max_hp_loss":0,"event_name":"The Mausoleum","floor":19,"gold_loss":0}],"is_beta":false,"boss_relics":[{"not_picked":["Lizard Tail","Coffee Dripper"],"picked":"Calling Bell"}],"items_purged_floors":[],"is_endless":false,"potions_floor_spawned":[2,6,7,20],"killed_by":"Book of Stabbing","ascension_level":2}