{"gold_per_floor":[213,224,239,250,267,267,26,26,53,18,18,18,48,67,67,138,138,152,59,59,73,88,88,417,417,463,482,493,505,505],"floor_reached":30,"playtime":2057,"items_purged":[],"score":445,"play_id":"55cc6a4f-74e6-4358-b5f0-c6c3b2c54476","local_time":"20180927193900","is_ascension_mode":true,"campfire_choices":[{"floor":6,"key":"REST"},{"data":"Bane","floor":8,"key":"SMITH"},{"data":"Neutralize","floor":12,"key":"SMITH"},{"data":"Bouncing Flask","floor":15,"key":"SMITH"},{"floor":23,"key":"REST"},{"floor":25,"key":"REST"}],"neow_cost":"NONE","seed_source_timestamp":1263465916549869,"circlet_count":0,"master_deck":["Defend_G","Defend_G","Defend_G","Defend_G","Defend_G+1","Strike_G","Strike_G","Survivor+1","Neutralize+1","AscendersBane","Quick Slash","Quick Slash","Prepared","Blur","Flying Knee","Bane+1","Footwork","Bouncing Flask+1","Envenom","Masterful Stab+1","Prepared+1","Dagger Throw+1","Dagger Spray","Noxious Fumes","Backflip","Writhe","Well Laid Plans","Burst","Calculated Gamble+1","Blur"],"relics":["Ring of the Snake","TwistedFunnel","Lantern","Centennial Puzzle","Astrolabe","War Paint","Old Coin","Oddly Smooth Stone"],"potions_floor_usage":[4,4,5,22,27,29],"damage_taken":[{"damage":0,"enemies":"Cultist","floor":1,"turns":5},{"damage":1,"enemies":"Small Slimes","floor":2,"turns":4},{"damage":0,"enemies":"2 Louse","floor":3,"turns":3},{"damage":21,"enemies":"Exordium Wildlife","floor":4,"turns":7},{"damage":25,"enemies":"Exordium Thugs","floor":5,"turns":6},{"damage":24,"enemies":"3 Sentries","floor":13,"turns":9},{"damage":0,"enemies":"Blue Slaver","floor":14,"turns":3},{"damage":8,"enemies":"Hexaghost","floor":16,"turns":10},{"damage":6,"enemies":"Shell Parasite","floor":18,"turns":3},{"damage":3,"enemies":"3 Byrds","floor":21,"turns":4},{"damage":22,"enemies":"Sentry and Sphere","floor":22,"turns":6},{"damage":43,"enemies":"Book of Stabbing","floor":24,"turns":7},{"damage":0,"enemies":"Centurion and Healer","floor":27,"turns":6},{"damage":6,"enemies":"3 Cultists","floor":28,"turns":5},{"damage":0,"enemies":"Snake Plant","floor":29,"turns":4},{"damage":17,"enemies":"Colosseum Slavers","floor":30,"turns":4}],"seed_played":"4202564572533727380","potions_obtained":[{"floor":1,"key":"Regen Potion"},{"floor":3,"key":"Weak Potion"},{"floor":4,"key":"AttackPotion"},{"floor":16,"key":"GamblersBrew"},{"floor":18,"key":"SpeedPotion"},{"floor":24,"key":"GhostInAJar"}],"is_trial":false,"path_per_floor":["M","M","M","M","M","R","$","R","T","?","$","R","E","M","R","B",null,"M","$","?","M","M","R","E","R","T","M","M","M"],"character_chosen":"THE_SILENT","items_purchased":["TwistedFunnel","Bane","Noxious Fumes","Backflip"],"campfire_rested":3,"item_purchase_floors":[7,7,19,19],"current_hp_per_floor":[59,58,58,49,24,43,43,43,43,59,59,59,35,35,35,27,56,50,50,50,47,25,44,1,20,20,20,14,14,0],"gold":505,"neow_bonus":"HUNDRED_GOLD","is_prod":false,"is_daily":false,"chose_seed":false,"campfire_upgraded":3,"win_rate":0,"timestamp":1538091540,"path_taken":["M","M","?","M","M","R","$","R","T","?","$","R","E","M","R","BOSS","M","$","?","M","M","R","E","R","T","M","M","M","?"],"build_version":"2018-09-20","purchased_purges":0,"victory":false,"max_hp_per_floor":[66,66,66,66,66,66,66,66,66,66,66,66,66,66,66,66,66,66,66,66,66,66,66,66,66,66,66,66,66,66],"card_choices":[{"not_picked":["Leg Sweep","PiercingWail"],"picked":"Quick Slash","floor":1},{"not_picked":["Catalyst","Endless Agony"],"picked":"Quick Slash","floor":2},{"not_picked":["Expertise","Bane"],"picked":"Prepared","floor":3},{"not_picked":["Flechettes","Blade Dance"],"picked":"Blur","floor":4},{"not_picked":["Cloak And Dagger","Deadly Poison"],"picked":"Flying Knee","floor":5},{"not_picked":["Cloak And Dagger","Sucker Punch"],"picked":"Footwork","floor":13},{"not_picked":["Dash","Deadly Poison"],"picked":"Bouncing Flask","floor":14},{"not_picked":["Storm of Steel","Bullet Time"],"picked":"Envenom","floor":16},{"not_picked":["Accuracy","Bane"],"picked":"Dagger Spray","floor":18},{"not_picked":["Underhanded Strike","Poisoned Stab"],"picked":"Well Laid Plans","floor":21},{"not_picked":["Underhanded Strike","Sucker Punch","Deflect"],"picked":"SKIP","floor":22},{"not_picked":["Noxious Fumes","Blade Dance"],"picked":"Burst","floor":24},{"not_picked":["Dodge and Roll","Sucker Punch"],"picked":"Calculated Gamble+1","floor":27},{"not_picked":["Underhanded Strike","Blade Dance+1","Bane"],"picked":"SKIP","floor":28},{"not_picked":["Slice","Well Laid Plans"],"picked":"Blur","floor":29}],"player_experience":2092106,"relics_obtained":[{"floor":9,"key":"Lantern"},{"floor":13,"key":"Centennial Puzzle"},{"floor":24,"key":"Old Coin"},{"floor":26,"key":"Oddly Smooth Stone"}],"event_choices":[{"event_name":"The Cleric","player_choice":"Healed","floor":10,"damage_taken":0},{"event_name":"The Mausoleum","player_choice":"Yes","floor":20,"damage_taken":0},{"event_name":"Colosseum","player_choice":"Fight","floor":30,"damage_taken":0}],"is_beta":false,"boss_relics":[{"not_picked":["Lizard Tail","Ectoplasm"],"picked":"Astrolabe"}],"items_purged_floors":[],"is_endless":false,"potions_floor_spawned":[1,3,4,16,18,24],"killed_by":"Colosseum Slavers","ascension_level":15}