{"path_per_floor":["M","$","?","?","$","E","?","?","T","$","E","M","M","M","R","B",null,"M","$","M","M"],"character_chosen":"THE_SILENT","items_purchased":["Footwork","Calculated Gamble","Pen Nib","Noxious Fumes"],"gold_per_floor":[114,1,1,1,1,34,34,34,34,34,60,74,94,105,105,202,202,220,35,48,58],"floor_reached":22,"campfire_rested":0,"playtime":2119,"current_hp_per_floor":[70,70,67,67,67,67,60,67,67,67,67,67,67,66,66,75,77,62,62,46,26],"items_purged":[],"gold":58,"play_id":"666338ee-ca13-4082-81ec-5e85443d70c4","is_prod":false,"is_daily":false,"is_ascension_mode":true,"campfire_upgraded":1,"path_taken":["M","$","?","?","$","E","?","?","T","$","E","M","M","M","R","BOSS","M","$","M","M","M"],"build_version":"2018-02-01-PROD3","purchased_purges":0,"victory":false,"master_deck":["Defend_G","Defend_G","Defend_G","Defend_G","Defend_G","Strike_G","Strike_G","Strike_G","Strike_G","Survivor","Neutralize","Footwork+1","Calculated Gamble","Dash","PiercingWail","Footwork","Backflip","Die Die Die","Pain","Writhe","Injury","Noxious Fumes","Well Laid Plans"],"max_hp_per_floor":[70,70,70,70,70,70,70,77,77,77,77,77,77,77,77,77,77,77,77,77,77],"relics":["Ring of the Snake","NeowsBlessing","Happy Flower","Pantograph","Strawberry","Bag of Preparation","Juzu Bracelet","Calling Bell","Darkstone Periapt","Gremlin Horn","Du-Vu Doll","Pen Nib"],"card_choices":[{"not_picked":["Sucker Punch","Bane"],"picked":"Dash"},{"not_picked":["Backstab","Quick Slash"],"picked":"PiercingWail"},{"not_picked":["Dagger Spray","Dodge and Roll"],"picked":"Footwork"},{"not_picked":["Dagger Spray","Deflect"],"picked":"Backflip"},{"not_picked":["Venomology","Tools of the Trade"],"picked":"Die Die Die"},{"not_picked":["Dagger Spray","Poisoned Stab"],"picked":"Well Laid Plans"}],"player_experience":464446,"potions_floor_usage":[16,16,16,22],"damage_taken":[{"damage":0,"enemies":"Cultist","floor":1,"turns":1},{"damage":0,"enemies":"3 Sentries","floor":6,"turns":1},{"damage":0,"enemies":"Gremlin Nob","floor":11,"turns":1},{"damage":0,"enemies":"Jaw Worm","floor":12,"turns":4},{"damage":0,"enemies":"2 Louse","floor":13,"turns":3},{"damage":1,"enemies":"Looter","floor":14,"turns":4},{"damage":2,"enemies":"The Guardian","floor":16,"turns":19},{"damage":15,"enemies":"3 Byrds","floor":18,"turns":8},{"damage":16,"enemies":"Spheric Guardian","floor":20,"turns":6},{"damage":20,"enemies":"Snecko","floor":21,"turns":9},{"damage":31,"enemies":"3 Cultists","floor":22,"turns":6}],"event_choices":[{"event_name":"Scrap Ooze","player_choice":"success","floor":3,"damage_taken":3},{"event_name":"The Cleric","player_choice":"Leave","floor":4,"damage_taken":0},{"event_name":"Golden Wing","player_choice":"Card Removal","floor":7,"damage_taken":0},{"event_name":"Dead Adventurer","player_choice":"Searched \u00271\u0027 times","floor":8,"damage_taken":0}],"boss_relics":[{"not_picked":["Philosopher\u0027s Stone","Velvet Choker"],"picked":"Calling Bell"}],"potions_floor_spawned":[6,12,14,21],"seed_played":"-8874399792556655163","killed_by":"3 Cultists","ascension_level":3,"is_trial":false}