{"gold_per_floor":[99,99,99,99,99,99,99,99,99,99,69,69,69,69,69,69,69,69,69,69,69,69,69,69,69,69,69],"floor_reached":27,"playtime":14799,"items_purged":[],"score":265,"play_id":"315fcfc2-784a-4991-ad8b-e61377d6c75d","local_time":"20190714194300","is_ascension_mode":true,"campfire_choices":[{"floor":8,"key":"RECALL"},{"data":"Neutralize","floor":12,"key":"SMITH"},{"data":"Footwork","floor":15,"key":"SMITH"},{"floor":23,"key":"REST"}],"neow_cost":"NONE","seed_source_timestamp":16804685184683,"circlet_count":0,"master_deck":["Strike_G","Strike_G","Strike_G","Strike_G","Strike_G","Defend_G","Defend_G","Defend_G","Defend_G","Survivor","Neutralize+1","Blur","Footwork+1","Skewer","Footwork+1","PiercingWail","Acrobatics","Backstab","Dodge and Roll","Die Die Die","Noxious Fumes","Blur","Dodge and Roll+1","Dodge and Roll+1","Noxious Fumes"],"relics":["Ectoplasm","Ancient Tea Set","Tiny House","Ornamental Fan","Tiny Chest"],"potions_floor_usage":[18,19,21,22,24,24],"damage_taken":[{"damage":0,"enemies":"Small Slimes","floor":1,"turns":3},{"damage":0,"enemies":"Cultist","floor":3,"turns":4},{"damage":0,"enemies":"2 Louse","floor":4,"turns":4},{"damage":0,"enemies":"Large Slime","floor":5,"turns":6},{"damage":7,"enemies":"Lagavulin","floor":6,"turns":12},{"damage":0,"enemies":"Exordium Wildlife","floor":7,"turns":4},{"damage":3,"enemies":"Exordium Thugs","floor":11,"turns":5},{"damage":5,"enemies":"Large Slime","floor":14,"turns":5},{"damage":2,"enemies":"The Guardian","floor":16,"turns":20},{"damage":8,"enemies":"Chosen","floor":18,"turns":6},{"damage":15,"enemies":"Spheric Guardian","floor":19,"turns":8},{"damage":9,"enemies":"Snake Plant","floor":20,"turns":6},{"damage":14,"enemies":"3 Cultists","floor":21,"turns":7},{"damage":7,"enemies":"Centurion and Healer","floor":22,"turns":11},{"damage":31,"enemies":"Slavers","floor":24,"turns":8},{"damage":0,"enemies":"Shelled Parasite and Fungi","floor":25,"turns":11},{"damage":0,"enemies":"Snecko","floor":27,"turns":1}],"seed_played":"6027955911571451360","potions_obtained":[{"floor":3,"key":"SpeedPotion"},{"floor":6,"key":"Ancient Potion"},{"floor":7,"key":"Dexterity Potion"},{"floor":11,"key":"Explosive Potion"},{"floor":19,"key":"PowerPotion"},{"floor":20,"key":"GamblersBrew"},{"floor":22,"key":"EssenceOfSteel"}],"is_trial":false,"path_per_floor":["M","?","M","M","M","E","M","R","T","?","M","R","?","M","R","B",null,"M","M","M","M","M","R","E","M","T","M"],"character_chosen":"THE_SILENT","items_purchased":[],"campfire_rested":1,"item_purchase_floors":[],"current_hp_per_floor":[70,70,70,70,70,63,63,63,63,63,60,60,60,55,55,53,75,67,52,43,29,22,44,13,13,13,13],"gold":69,"neow_bonus":"BOSS_RELIC","is_prod":false,"is_daily":false,"chose_seed":false,"campfire_upgraded":2,"win_rate":0,"timestamp":1563126180,"path_taken":["M","?","M","M","M","E","?","R","T","?","M","R","?","M","R","BOSS","M","M","M","M","M","R","E","M","T","M"],"build_version":"2019-07-05","purchased_purges":0,"victory":false,"max_hp_per_floor":[70,70,70,70,70,70,70,70,70,70,70,70,70,70,70,70,75,75,75,75,75,75,75,75,75,75,75],"card_choices":[{"not_picked":["PiercingWail","Endless Agony"],"picked":"Blur","floor":1},{"not_picked":["Riddle With Holes","Skewer"],"picked":"Footwork","floor":3},{"not_picked":["Cloak And Dagger","Dagger Throw"],"picked":"Skewer","floor":4},{"not_picked":["Accuracy","Prepared"],"picked":"Footwork","floor":5},{"not_picked":["Sucker Punch","Bullet Time"],"picked":"PiercingWail","floor":6},{"not_picked":["Quick Slash","Dagger Spray"],"picked":"Acrobatics","floor":7},{"not_picked":["Bane","Accuracy"],"picked":"Backstab","floor":11},{"not_picked":["Poisoned Stab","Skewer"],"picked":"Dodge and Roll","floor":14},{"not_picked":["Malaise","Doppelganger"],"picked":"Die Die Die","floor":16},{"not_picked":["Calculated Gamble","Slice"],"picked":"Noxious Fumes","floor":17},{"not_picked":["Dagger Throw","Outmaneuver","Backstab"],"picked":"SKIP","floor":18},{"not_picked":["Slice","Dagger Throw"],"picked":"Blur","floor":19},{"not_picked":["Poisoned Stab","Heel Hook"],"picked":"Dodge and Roll+1","floor":20},{"not_picked":["Cloak And Dagger","Deflect"],"picked":"Dodge and Roll+1","floor":21},{"not_picked":["Distraction","Deflect"],"picked":"Noxious Fumes","floor":22},{"not_picked":["Cloak And Dagger","Outmaneuver","Dagger Throw"],"picked":"SKIP","floor":24},{"not_picked":["All Out Attack","A Thousand Cuts","Endless Agony"],"picked":"SKIP","floor":25}],"player_experience":100378,"relics_obtained":[{"floor":6,"key":"Ancient Tea Set"},{"floor":24,"key":"Ornamental Fan"},{"floor":26,"key":"Tiny Chest"}],"event_choices":[{"cards_removed":["Defend_G"],"damage_healed":0,"gold_gain":0,"player_choice":"Offered Basic","damage_taken":0,"max_hp_gain":0,"max_hp_loss":0,"event_name":"Bonfire Elementals","floor":2,"gold_loss":0},{"damage_healed":0,"gold_gain":0,"player_choice":"Ignored","damage_taken":0,"max_hp_gain":0,"max_hp_loss":0,"event_name":"Liars Game","floor":10,"gold_loss":0},{"damage_healed":0,"gold_gain":0,"player_choice":"Ignored","damage_taken":0,"max_hp_gain":0,"max_hp_loss":0,"event_name":"Golden Idol","floor":13,"gold_loss":0}],"is_beta":false,"boss_relics":[{"not_picked":["Runic Dome","Empty Cage"],"picked":"Tiny House"}],"items_purged_floors":[],"is_endless":false,"potions_floor_spawned":[3,6,7,11,19,20,22],"killed_by":"Snecko","ascension_level":2}