{"gold_per_floor":[119,19,19,35,54,79,79,79,79,79,44,72,72,84,84,84],"floor_reached":16,"playtime":667,"items_purged":["Strike_R"],"score":216,"play_id":"081ead7a-c539-419d-b62d-784aa964649f","local_time":"20190502190214","is_ascension_mode":true,"campfire_choices":[{"data":"Bash","floor":7,"key":"SMITH"},{"data":"Clothesline","floor":10,"key":"SMITH"},{"data":"Shockwave","floor":15,"key":"SMITH"}],"neow_cost":"TEN_PERCENT_HP_LOSS","seed_source_timestamp":1986306326066766,"circlet_count":0,"master_deck":["AscendersBane","Strike_R","Strike_R","Strike_R","Defend_R","Defend_R","Defend_R","Defend_R","Bash+1","Clothesline+1","Cleave","Carnage","Shockwave+1"],"relics":["Burning Blood","Gambling Chip","Happy Flower","Meat on the Bone","Gremlin Horn"],"potions_floor_usage":[6,16,16],"damage_taken":[{"damage":1,"enemies":"Cultist","floor":1,"turns":3},{"damage":9,"enemies":"Jaw Worm","floor":4,"turns":4},{"damage":12,"enemies":"2 Louse","floor":5,"turns":3},{"damage":45,"enemies":"3 Sentries","floor":6,"turns":7},{"damage":30,"enemies":"Lagavulin","floor":12,"turns":6},{"damage":1,"enemies":"2 Fungi Beasts","floor":14,"turns":3},{"damage":62,"enemies":"Hexaghost","floor":16,"turns":9}],"seed_played":"6217262207330625018","potions_obtained":[{"floor":4,"key":"BloodPotion"},{"floor":12,"key":"SteroidPotion"},{"floor":14,"key":"Regen Potion"}],"is_trial":false,"path_per_floor":["M","$","$","M","M","E","R","?","T","R","?","E","?","M","R","B"],"character_chosen":"IRONCLAD","items_purchased":["Cleave"],"campfire_rested":0,"item_purchase_floors":[2],"current_hp_per_floor":[68,68,68,65,59,26,26,31,31,31,49,37,30,47,47,0],"gold":84,"neow_bonus":"ONE_RARE_RELIC","is_prod":false,"is_daily":false,"chose_seed":false,"campfire_upgraded":3,"win_rate":0,"timestamp":1556838134,"path_taken":["M","?","$","M","M","E","R","?","T","R","?","E","?","M","R","BOSS"],"build_version":"2019-01-23","purchased_purges":1,"victory":false,"max_hp_per_floor":[68,68,68,68,68,68,68,73,73,73,73,73,73,73,73,73],"card_choices":[{"not_picked":["Battle Trance","Thunderclap"],"picked":"Clothesline","floor":1},{"not_picked":["Blood for Blood","Rage","Body Slam"],"picked":"SKIP","floor":4},{"not_picked":["Blood for Blood","Rage","Body Slam"],"picked":"SKIP","floor":4},{"not_picked":["Cleave","Sword Boomerang"],"picked":"Carnage","floor":5},{"not_picked":["Cleave","Thunderclap"],"picked":"Shockwave","floor":6},{"not_picked":["Rupture","Warcry","Reckless Charge"],"picked":"SKIP","floor":12},{"not_picked":["Sword Boomerang","Body Slam","Second Wind"],"picked":"SKIP","floor":14}],"player_experience":3571335,"relics_obtained":[{"floor":6,"key":"Happy Flower"},{"floor":9,"key":"Meat on the Bone"},{"floor":12,"key":"Gremlin Horn"}],"event_choices":[{"damage_healed":0,"gold_gain":0,"player_choice":"Donut","damage_taken":0,"max_hp_gain":5,"max_hp_loss":0,"event_name":"Big Fish","floor":8,"gold_loss":0},{"damage_healed":18,"gold_gain":0,"player_choice":"Healed","damage_taken":0,"max_hp_gain":0,"max_hp_loss":0,"event_name":"The Cleric","floor":11,"gold_loss":35},{"cards_removed":["Strike_R"],"damage_healed":0,"gold_gain":0,"player_choice":"Card Removal","damage_taken":7,"max_hp_gain":0,"max_hp_loss":0,"event_name":"Golden Wing","floor":13,"gold_loss":0}],"is_beta":false,"boss_relics":[],"items_purged_floors":[2],"is_endless":false,"potions_floor_spawned":[4,12,14],"killed_by":"Hexaghost","ascension_level":20}