{"gold_per_floor":[115,115,115,28,46,74,149,178,178,178,197,10,10,40,40,119,119,134,59,59],"floor_reached":20,"playtime":581,"items_purged":["Strike_B"],"score":406,"play_id":"20adca29-845b-4786-aff3-50504b8233ae","local_time":"20190502153545","is_ascension_mode":true,"campfire_choices":[{"floor":10,"key":"REST"},{"data":"Defragment","floor":13,"key":"SMITH"},{"data":"Streamline","floor":15,"key":"SMITH"}],"neow_cost":"NONE","seed_source_timestamp":1974002503469728,"circlet_count":0,"master_deck":["AscendersBane","Strike_B","Strike_B","Defend_B","Defend_B","Defend_B","Defend_B","Zap","Dualcast","Defragment+1","Doom and Gloom","Double Energy","Rebound","Auto Shields","Reinforced Body","Streamline+1","Static Discharge+1","Leap","Electrodynamics+1","Turbo"],"relics":["Cracked Core","NeowsBlessing","Gremlin Horn","Dream Catcher","Frozen Egg 2","Juzu Bracelet","Black Star"],"potions_floor_usage":[16,16],"damage_taken":[{"damage":0,"enemies":"Jaw Worm","floor":1,"turns":1},{"damage":0,"enemies":"Small Slimes","floor":5,"turns":1},{"damage":0,"enemies":"Lagavulin","floor":6,"turns":1},{"damage":25,"enemies":"3 Sentries","floor":8,"turns":4},{"damage":4,"enemies":"2 Louse","floor":11,"turns":2},{"damage":34,"enemies":"Slime Boss","floor":16,"turns":6},{"damage":15,"enemies":"Spheric Guardian","floor":18,"turns":4},{"damage":41,"enemies":"Chosen","floor":20,"turns":5}],"seed_played":"3573896774584521561","potions_obtained":[{"floor":1,"key":"Ancient Potion"},{"floor":6,"key":"Dexterity Potion"},{"floor":16,"key":"Fire Potion"}],"is_trial":false,"path_per_floor":["M","?","?","$","M","E","?","E","T","R","M","$","R","?","R","B",null,"M","?","M"],"character_chosen":"DEFECT","items_purchased":["Doom and Gloom","Static Discharge+1","Leap"],"campfire_rested":1,"item_purchase_floors":[4,12,12],"current_hp_per_floor":[64,38,61,61,61,61,50,25,25,46,42,42,42,42,42,8,55,40,40,0],"gold":59,"neow_bonus":"THREE_ENEMY_KILL","is_prod":false,"is_daily":false,"chose_seed":false,"campfire_upgraded":2,"win_rate":0,"timestamp":1556825745,"path_taken":["M","?","?","$","M","E","?","E","T","R","M","$","R","?","R","BOSS","M","?","M"],"build_version":"2019-01-23","purchased_purges":1,"victory":false,"max_hp_per_floor":[71,71,71,71,71,71,71,71,71,71,71,71,71,71,71,71,71,71,71,71],"card_choices":[{"not_picked":["Go for the Eyes","Hologram"],"picked":"Defragment","floor":1},{"not_picked":["Skim","Hologram"],"picked":"Double Energy","floor":5},{"not_picked":["Darkness","Recycle"],"picked":"Rebound","floor":6},{"not_picked":["Turbo","Thunder Strike"],"picked":"Auto Shields","floor":8},{"not_picked":["Beam Cell","Ball Lightning"],"picked":"Reinforced Body","floor":10},{"not_picked":["Gash","Ball Lightning"],"picked":"Streamline","floor":11},{"not_picked":["Reboot","Thunder Strike"],"picked":"Electrodynamics+1","floor":16},{"not_picked":["Streamline","Stack"],"picked":"Turbo","floor":18}],"player_experience":3559340,"relics_obtained":[{"floor":6,"key":"Dream Catcher"},{"floor":8,"key":"Frozen Egg 2"},{"floor":9,"key":"Juzu Bracelet"}],"event_choices":[{"damage_healed":0,"gold_gain":0,"player_choice":"Success","damage_taken":26,"relics_obtained":["Gremlin Horn"],"max_hp_gain":0,"max_hp_loss":0,"event_name":"Scrap Ooze","floor":2,"gold_loss":0},{"damage_healed":23,"gold_gain":0,"player_choice":"Banana","damage_taken":0,"max_hp_gain":0,"max_hp_loss":0,"event_name":"Big Fish","floor":3,"gold_loss":0},{"damage_healed":0,"gold_gain":75,"player_choice":"Gather Gold","damage_taken":11,"max_hp_gain":0,"max_hp_loss":0,"event_name":"World of Goop","floor":7,"gold_loss":0},{"damage_healed":0,"gold_gain":30,"player_choice":"Searched \u00271\u0027 times","damage_taken":0,"max_hp_gain":0,"max_hp_loss":0,"event_name":"Dead Adventurer","floor":14,"gold_loss":0},{"cards_removed":["Strike_B"],"damage_healed":0,"gold_gain":0,"player_choice":"Gave Gold","damage_taken":0,"max_hp_gain":0,"max_hp_loss":0,"event_name":"Beggar","floor":19,"gold_loss":75}],"is_beta":false,"boss_relics":[{"not_picked":["Runic Pyramid","Runic Dome"],"picked":"Black Star"}],"items_purged_floors":[12],"is_endless":false,"potions_floor_spawned":[1,6,8,16],"killed_by":"Chosen","ascension_level":20}