{"gold_per_floor":[113,126,144,163,9,9,40,115,140,151,170,190,365,420,420,420],"floor_reached":16,"playtime":714,"items_purged":["Shame"],"score":171,"play_id":"50ca1ba9-2ac4-4f9f-a46e-75f733297b46","local_time":"20190720123838","is_ascension_mode":true,"campfire_choices":[{"data":"Feed","floor":6,"key":"SMITH"},{"floor":15,"key":"REST"}],"neow_cost":"CURSE","seed_source_timestamp":6903756622405,"circlet_count":0,"master_deck":["Strike_R","Strike_R","Strike_R","Strike_R","Strike_R","Defend_R","Defend_R+1","Defend_R","Defend_R","Bash","Feed+1","Perfected Strike","Sentinel","Battle Trance","Seeing Red","Shrug It Off+1","Corruption"],"relics":["Burning Blood","Smiling Mask","Omamori","War Paint"],"potions_floor_usage":[14,16,16],"damage_taken":[{"damage":4,"enemies":"Small Slimes","floor":1,"turns":4},{"damage":11,"enemies":"Cultist","floor":2,"turns":4},{"damage":15,"enemies":"Jaw Worm","floor":3,"turns":4},{"damage":12,"enemies":"3 Louse","floor":4,"turns":4},{"damage":32,"enemies":"Gremlin Nob","floor":7,"turns":4},{"damage":14,"enemies":"Large Slime","floor":10,"turns":6},{"damage":4,"enemies":"Exordium Wildlife","floor":11,"turns":6},{"damage":5,"enemies":"Gremlin Gang","floor":12,"turns":5},{"damage":26,"enemies":"Lagavulin Event","floor":14,"turns":4},{"damage":56,"enemies":"Slime Boss","floor":16,"turns":8}],"seed_played":"-460216716311479246","potions_obtained":[{"floor":4,"key":"LiquidBronze"},{"floor":10,"key":"GamblersBrew"},{"floor":11,"key":"SpeedPotion"},{"floor":12,"key":"AttackPotion"}],"is_trial":false,"path_per_floor":["M","M","M","M","$","R","E","?","T","M","M","M","?","?","R","B"],"character_chosen":"IRONCLAD","items_purchased":["Battle Trance"],"campfire_rested":1,"item_purchase_floors":[5],"current_hp_per_floor":[77,75,69,66,66,66,40,31,31,27,33,38,38,18,49,0],"gold":420,"neow_bonus":"THREE_RARE_CARDS","is_prod":false,"is_daily":false,"chose_seed":false,"campfire_upgraded":1,"win_rate":0,"timestamp":1563619118,"path_taken":["M","M","M","M","$","R","E","?","T","M","M","?","?","?","R","BOSS"],"build_version":"2019-07-17","purchased_purges":1,"victory":false,"max_hp_per_floor":[83,86,89,92,92,92,92,92,92,96,100,104,104,104,104,104],"card_choices":[{"not_picked":["Demon Form","Fiend Fire"],"picked":"Feed","floor":0},{"not_picked":["Warcry","Hemokinesis","Rampage"],"picked":"SKIP","floor":1},{"not_picked":["Anger","Thunderclap"],"picked":"Perfected Strike","floor":2},{"not_picked":["Dropkick","Body Slam"],"picked":"Sentinel","floor":3},{"not_picked":["Second Wind","Dropkick","Body Slam"],"picked":"SKIP","floor":4},{"not_picked":["Combust","Perfected Strike"],"picked":"Seeing Red","floor":7},{"not_picked":["True Grit","Inflame","Wild Strike"],"picked":"SKIP","floor":10},{"not_picked":["Warcry","Clash"],"picked":"Shrug It Off","floor":11},{"not_picked":["Pummel","Warcry","Twin Strike"],"picked":"SKIP","floor":12},{"not_picked":["Sword Boomerang","Warcry"],"picked":"Corruption","floor":14}],"player_experience":179326,"relics_obtained":[{"floor":7,"key":"Smiling Mask"},{"floor":9,"key":"Omamori"}],"event_choices":[{"damage_healed":0,"gold_gain":75,"player_choice":"Touch","damage_taken":9,"max_hp_gain":0,"max_hp_loss":0,"event_name":"FaceTrader","floor":8,"gold_loss":0},{"damage_healed":0,"gold_gain":175,"player_choice":"AGREE","damage_taken":0,"max_hp_gain":0,"max_hp_loss":0,"event_name":"Liars Game","floor":13,"gold_loss":0,"cards_obtained":["Doubt"]},{"damage_healed":0,"gold_gain":0,"player_choice":"Searched \u00273\u0027 times","damage_taken":0,"relics_obtained":["War Paint"],"max_hp_gain":0,"max_hp_loss":0,"event_name":"Dead Adventurer","floor":14,"gold_loss":0}],"is_beta":false,"boss_relics":[],"items_purged_floors":[5],"is_endless":false,"potions_floor_spawned":[4,10,11,12],"killed_by":"Slime Boss","ascension_level":8}