{"gold_per_floor":[112,123,123,136,151,151,167,167,224,259,259,25,45,45,45,122,122,141,189,2,2,12,12,31,31,31,31,42,54,15,15],"floor_reached":31,"playtime":1285,"items_purged":["Strike_B","Strike_B"],"score":474,"play_id":"8aa5e376-6cb5-4975-b9ec-d2d7fe349080","local_time":"20190506162444","is_ascension_mode":true,"campfire_choices":[{"data":"Streamline","floor":6,"key":"SMITH"},{"floor":8,"key":"REST"},{"floor":11,"key":"REST"},{"data":"Defragment","floor":15,"key":"SMITH"},{"data":"Glacier","floor":23,"key":"SMITH"},{"floor":25,"key":"REST"}],"neow_cost":"NONE","seed_source_timestamp":2321837994365381,"circlet_count":0,"master_deck":["AscendersBane","Strike_B","Defend_B","Defend_B","Defend_B","Defend_B","Zap","Dualcast","Leap","Glacier+1","Gash","Force Field","Doom and Gloom","Streamline+1","Steam Power","Undo","Defragment+1","FTL","Echo Form","Storm","Reinforced Body","Hello World","Pain","Genetic Algorithm","Genetic Algorithm"],"relics":["Cracked Core","Tiny Chest","Bronze Scales","Nuclear Battery","Vajra","Darkstone Periapt","Orichalcum","WarpedTongs"],"potions_floor_usage":[10,16,22],"damage_taken":[{"damage":1,"enemies":"2 Louse","floor":1,"turns":3},{"damage":11,"enemies":"Cultist","floor":2,"turns":5},{"damage":7,"enemies":"Jaw Worm","floor":4,"turns":7},{"damage":8,"enemies":"Lots of Slimes","floor":5,"turns":3},{"damage":5,"enemies":"3 Louse","floor":7,"turns":2},{"damage":15,"enemies":"Lagavulin","floor":10,"turns":7},{"damage":9,"enemies":"Red Slaver","floor":13,"turns":3},{"damage":16,"enemies":"The Guardian","floor":16,"turns":10},{"damage":18,"enemies":"3 Byrds","floor":18,"turns":2},{"damage":8,"enemies":"2 Thieves","floor":22,"turns":4},{"damage":3,"enemies":"Snake Plant","floor":24,"turns":5},{"damage":14,"enemies":"Chosen and Byrds","floor":28,"turns":7},{"damage":24,"enemies":"3 Cultists","floor":29,"turns":5},{"damage":34,"enemies":"Shelled Parasite and Fungi","floor":31,"turns":2}],"seed_played":"-2814381064472296374","potions_obtained":[{"floor":1,"key":"Weak Potion"},{"floor":5,"key":"Strength Potion"},{"floor":16,"key":"Swift Potion"},{"floor":18,"key":"SkillPotion"}],"is_trial":false,"path_per_floor":["M","M","?","M","M","R","M","R","T","E","R","$","M","?","R","B",null,"M","T","$","T","M","R","M","R","T","?","M","M","$","M"],"character_chosen":"DEFECT","items_purchased":["Defragment","FTL","Storm","Genetic Algorithm"],"campfire_rested":3,"item_purchase_floors":[12,12,20,30],"current_hp_per_floor":[63,52,52,45,37,37,32,53,53,38,59,59,50,71,71,55,67,49,49,49,49,41,41,38,59,59,65,51,27,27,0],"gold":15,"neow_bonus":"THREE_CARDS","is_prod":false,"is_daily":false,"chose_seed":false,"campfire_upgraded":3,"win_rate":0,"timestamp":1557174284,"path_taken":["M","M","?","M","M","R","M","R","T","E","R","$","M","?","R","BOSS","M","?","$","?","M","R","?","R","T","?","M","?","$","M"],"build_version":"2019-01-23","purchased_purges":2,"victory":false,"max_hp_per_floor":[71,71,71,71,71,71,71,71,71,71,71,71,71,71,71,71,71,71,71,71,71,71,71,71,71,71,77,77,77,77,77],"card_choices":[{"not_picked":["Stack","Redo"],"picked":"Leap","floor":0},{"not_picked":["Recycle","Cold Snap"],"picked":"Glacier","floor":1},{"not_picked":["Redo","Steam"],"picked":"Gash","floor":2},{"not_picked":["Turbo","Redo"],"picked":"Doom and Gloom","floor":4},{"not_picked":["Hologram","Coolheaded"],"picked":"Streamline","floor":5},{"not_picked":["Cold Snap","Streamline"],"picked":"Steam Power","floor":7},{"not_picked":["FTL","Barrage"],"picked":"Undo","floor":10},{"not_picked":["Ball Lightning","Barrage","Lockon"],"picked":"SKIP","floor":13},{"not_picked":["All For One","Meteor Strike"],"picked":"Echo Form","floor":16},{"not_picked":["Redo","Doom and Gloom","Sweeping Beam"],"picked":"SKIP","floor":18},{"not_picked":["Conserve Battery","Coolheaded"],"picked":"Reinforced Body","floor":22},{"not_picked":["Leap","Streamline"],"picked":"Hello World","floor":24},{"not_picked":["Stack+1","FTL"],"picked":"Genetic Algorithm","floor":28},{"not_picked":["Rip and Tear","Turbo","Storm"],"picked":"SKIP","floor":29}],"player_experience":3599990,"relics_obtained":[{"floor":9,"key":"Tiny Chest"},{"floor":10,"key":"Bronze Scales"},{"floor":19,"key":"Vajra"},{"floor":21,"key":"Darkstone Periapt"},{"floor":26,"key":"Orichalcum"}],"event_choices":[{"damage_healed":0,"gold_gain":0,"cards_transformed":["Strike_B"],"player_choice":"Change","damage_taken":0,"max_hp_gain":0,"max_hp_loss":0,"event_name":"Living Wall","floor":3,"gold_loss":0,"cards_obtained":["Force Field"]},{"damage_healed":21,"gold_gain":0,"player_choice":"Full Heal","damage_taken":0,"max_hp_gain":0,"max_hp_loss":0,"event_name":"Wheel of Change","floor":14,"gold_loss":0},{"damage_healed":0,"gold_gain":0,"player_choice":"Rummage","damage_taken":0,"relics_obtained":["WarpedTongs"],"max_hp_gain":0,"max_hp_loss":0,"event_name":"Accursed Blacksmith","floor":27,"gold_loss":0,"cards_obtained":["Pain"]}],"is_beta":false,"boss_relics":[{"not_picked":["Lizard Tail","Calling Bell"],"picked":"Nuclear Battery"}],"items_purged_floors":[12,20],"is_endless":false,"potions_floor_spawned":[1,5,16,18],"killed_by":"Shelled Parasite and Fungi","ascension_level":20}