{"gold_per_floor":[113,124,2,17,10,10,30,60,83,111,111,111,13,26,26,105,105,121,220,34,54,54,54,86,104,104,130,130],"floor_reached":28,"playtime":1767,"items_purged":[],"score":456,"play_id":"f3073cf9-99f0-4693-b671-d66491524a3f","local_time":"20190326095504","is_ascension_mode":true,"campfire_choices":[{"data":"Genetic Algorithm","floor":6,"key":"SMITH"},{"floor":15,"key":"REST"},{"floor":23,"key":"REST"}],"neow_cost":"NONE","seed_source_timestamp":1164023691700310,"circlet_count":0,"master_deck":["AscendersBane","Strike_B","Strike_B","Strike_B","Defend_B","Defend_B","Defend_B","Defend_B","Zap","Dualcast","Glacier","Reinforced Body","Sunder","Genetic Algorithm+1","Gash","Go for the Eyes","Static Discharge","Coolheaded","Conserve Battery","Hologram","All For One","Blizzard","Defragment","BootSequence","Jack Of All Trades","Ball Lightning","Double Energy","Genetic Algorithm"],"relics":["Cracked Core","Strawberry","Centennial Puzzle","Ancient Tea Set","PreservedInsect","Art of War","Philosopher\u0027s Stone","Bag of Preparation","Potion Belt","Mercury Hourglass","Bag of Marbles"],"potions_floor_usage":[8,10,16,16,28,28],"damage_taken":[{"damage":1,"enemies":"Cultist","floor":1,"turns":3},{"damage":0,"enemies":"2 Louse","floor":2,"turns":1},{"damage":0,"enemies":"Jaw Worm","floor":4,"turns":5},{"damage":14,"enemies":"Exordium Thugs","floor":5,"turns":5},{"damage":5,"enemies":"3 Louse","floor":7,"turns":3},{"damage":36,"enemies":"Lagavulin","floor":8,"turns":6},{"damage":4,"enemies":"Gremlin Nob","floor":10,"turns":3},{"damage":5,"enemies":"Lots of Slimes","floor":14,"turns":5},{"damage":14,"enemies":"The Guardian","floor":16,"turns":11},{"damage":11,"enemies":"Chosen","floor":18,"turns":6},{"damage":33,"enemies":"3 Byrds","floor":21,"turns":4},{"damage":4,"enemies":"Slavers","floor":24,"turns":5},{"damage":12,"enemies":"Centurion and Healer","floor":25,"turns":8},{"damage":21,"enemies":"Book of Stabbing","floor":27,"turns":6},{"damage":6,"enemies":"Cultist and Chosen","floor":28,"turns":3}],"seed_played":"8467452675918393882","potions_obtained":[{"floor":4,"key":"SteroidPotion"},{"floor":5,"key":"Swift Potion"},{"floor":8,"key":"EssenceOfSteel"},{"floor":14,"key":"Block Potion"},{"floor":18,"key":"Strength Potion"},{"floor":21,"key":"Dexterity Potion"}],"is_trial":false,"path_per_floor":["M","M","?","M","M","R","M","E","T","E","?","?","$","M","R","B",null,"M","?","$","M","?","R","E","M","T","E","M"],"character_chosen":"DEFECT","items_purchased":["Conserve Battery","Poison Potion","Bag of Preparation","Defragment"],"campfire_rested":2,"item_purchase_floors":[13,13,20,20],"current_hp_per_floor":[70,70,70,70,56,56,51,15,15,11,11,11,11,6,29,15,62,51,51,51,18,18,41,37,25,25,4,0],"gold":130,"neow_bonus":"RANDOM_COMMON_RELIC","is_prod":false,"is_daily":false,"chose_seed":false,"campfire_upgraded":1,"win_rate":0,"timestamp":1553608504,"path_taken":["M","M","?","M","M","R","?","E","T","E","?","?","$","M","R","BOSS","M","?","$","M","?","R","E","M","T","E","?"],"build_version":"2019-01-23","purchased_purges":0,"victory":false,"max_hp_per_floor":[78,78,78,78,78,78,78,78,78,78,78,78,78,78,78,78,78,78,78,78,78,78,78,78,78,78,78,78],"card_choices":[{"not_picked":["Beam Cell","Redo"],"picked":"Glacier","floor":1},{"not_picked":["Aggregate","Beam Cell"],"picked":"Reinforced Body","floor":2},{"not_picked":["Auto Shields","Steam"],"picked":"Sunder","floor":4},{"not_picked":["Cold Snap","Blizzard"],"picked":"Genetic Algorithm","floor":5},{"not_picked":["Chill","Redo"],"picked":"Gash","floor":7},{"not_picked":["Fusion","Chill"],"picked":"Go for the Eyes","floor":8},{"not_picked":["Amplify","Auto Shields"],"picked":"Static Discharge","floor":10},{"not_picked":["Conserve Battery","Coolheaded"],"picked":"Hologram","floor":14},{"not_picked":["Biased Cognition","Fission"],"picked":"All For One","floor":16},{"not_picked":["Leap","Turbo"],"picked":"Blizzard","floor":18},{"not_picked":["Steam Power","Hologram"],"picked":"BootSequence","floor":21},{"not_picked":["Streamline","Leap"],"picked":"Double Energy","floor":24},{"not_picked":["Sweeping Beam+1","FTL"],"picked":"Genetic Algorithm","floor":25},{"not_picked":["Steam Power","Beam Cell","Consume"],"picked":"SKIP","floor":27}],"player_experience":3243886,"relics_obtained":[{"floor":8,"key":"Ancient Tea Set"},{"floor":9,"key":"PreservedInsect"},{"floor":10,"key":"Art of War"},{"floor":24,"key":"Potion Belt"},{"floor":26,"key":"Mercury Hourglass"},{"floor":27,"key":"Bag of Marbles"}],"event_choices":[{"damage_healed":0,"gold_gain":0,"player_choice":"Paid Gold","damage_taken":0,"relics_obtained":["Centennial Puzzle"],"max_hp_gain":0,"max_hp_loss":0,"event_name":"WeMeetAgain","floor":3,"gold_loss":122},{"damage_healed":0,"gold_gain":0,"player_choice":"Ignored","damage_taken":0,"max_hp_gain":0,"max_hp_loss":0,"event_name":"Shining Light","floor":11,"gold_loss":0},{"damage_healed":0,"gold_gain":0,"cards_transformed":["Strike_B"],"player_choice":"Change","damage_taken":0,"max_hp_gain":0,"max_hp_loss":0,"event_name":"Living Wall","floor":12,"gold_loss":0,"cards_obtained":["Coolheaded"]},{"damage_healed":0,"gold_gain":99,"player_choice":"Stole From Cult","damage_taken":0,"max_hp_gain":0,"max_hp_loss":0,"event_name":"Nest","floor":19,"gold_loss":0},{"damage_healed":0,"gold_gain":0,"player_choice":"2 cards matched","damage_taken":0,"max_hp_gain":0,"max_hp_loss":0,"event_name":"Match and Keep!","floor":22,"gold_loss":0,"cards_obtained":["Jack Of All Trades","Ball Lightning"]}],"is_beta":false,"boss_relics":[{"not_picked":["Busted Crown","Lizard Tail"],"picked":"Philosopher\u0027s Stone"}],"items_purged_floors":[],"is_endless":false,"potions_floor_spawned":[4,5,8,14,18,21],"killed_by":"Cultist and Chosen","ascension_level":14}