{"path_per_floor":["M","M","?","?","$","R","M","M","T","T","?","R","$","M","R","B",null,"M","?","?","$","M","R","M","M","T","M","M","M"],"character_chosen":"THE_SILENT","items_purchased":["Apotheosis","Footwork","Master of Strategy"],"gold_per_floor":[112,123,123,198,5,5,18,36,36,108,208,208,96,111,111,209,209,219,219,219,42,60,60,75,95,146,156,171,182],"floor_reached":30,"campfire_rested":1,"playtime":3432,"current_hp_per_floor":[70,70,70,59,59,59,59,59,59,59,59,70,70,70,70,66,70,70,70,70,70,69,69,58,45,45,44,35,35],"items_purged":["Strike_G"],"gold":182,"play_id":"0b72b3a9-796b-402d-8ece-539f41ae3716","is_prod":false,"is_daily":false,"campfire_rituals":0,"campfire_upgraded":3,"is_hardmode":false,"path_taken":["M","M","?","?","$","R","M","M","T","?","?","R","?","M","R","BOSS","M","?","?","$","M","R","M","M","T","M","M","M","?"],"build_version":"2018-01-11-PROD2","purchased_purges":1,"victory":false,"master_deck":["Defend_G","Defend_G","Defend_G","Defend_G","Defend_G","Strike_G","Strike_G","Survivor","Neutralize","Deflect","A Thousand Cuts","Apotheosis","Footwork","Poisoned Stab","A Thousand Cuts","Poisoned Stab","Footwork","Master of Strategy","Outmaneuver","Backflip"],"max_hp_per_floor":[70,70,70,70,70,70,70,70,70,70,70,70,70,70,70,70,70,70,70,70,70,70,70,70,70,70,70,70,70],"relics":["Ring of the Snake","Omamori","Ginger","Dodecahedron","Lizard Tail","Toxic Egg"],"campfire_meditates":0,"card_choices":[{"not_picked":["Underhanded Strike","Bane"],"picked":"Deflect"},{"not_picked":["Outmaneuver","Underhanded Strike"],"picked":"Poisoned Stab"},{"not_picked":["Wraith Form","Tactician"],"picked":"A Thousand Cuts"},{"not_picked":["Masterful Stab","Dagger Spray"],"picked":"Poisoned Stab"},{"not_picked":["Backstab","Choke"],"picked":"Outmaneuver"},{"not_picked":["PiercingWail","Underhanded Strike"],"picked":"Backflip"}],"player_experience":55042,"potions_floor_usage":[18,28,29,29],"damage_taken":[{"damage":0,"enemies":"Small Slimes","floor":1,"turns":4},{"damage":0,"enemies":"Blue Slaver","floor":2,"turns":10},{"damage":0,"enemies":"Cultist","floor":7,"turns":4},{"damage":0,"enemies":"2 Fungi Beasts","floor":8,"turns":3},{"damage":0,"enemies":"Gremlin Gang","floor":14,"turns":6},{"damage":4,"enemies":"Slime Boss","floor":16,"turns":10},{"damage":0,"enemies":"2 Thieves","floor":18,"turns":3},{"damage":1,"enemies":"Chosen","floor":22,"turns":6},{"damage":11,"enemies":"Snecko","floor":24,"turns":6},{"damage":13,"enemies":"Slaver and Parasite","floor":25,"turns":9},{"damage":1,"enemies":"Snake Plant","floor":27,"turns":5},{"damage":9,"enemies":"Centurion and Healer","floor":28,"turns":11},{"damage":44,"enemies":"Chosen and Byrds","floor":29,"turns":9},{"damage":37,"enemies":"3 Cultists","floor":30,"turns":8}],"event_choices":[{"event_name":"Transmorgrifier","player_choice":"Transform","floor":3,"damage_taken":0},{"event_name":"World of Goop","player_choice":"Gather Gold","floor":4,"damage_taken":0},{"event_name":"Golden Shrine","player_choice":"Pray","floor":11,"damage_taken":0},{"event_name":"The Library","player_choice":"Read","floor":19,"damage_taken":0},{"event_name":"Back to Basics","player_choice":"Elegance","floor":20,"damage_taken":0}],"boss_relics":[{"not_picked":["Runic Dome","White Beast Statue"],"picked":"Lizard Tail"}],"potions_floor_spawned":[7,8,16,24,25,28],"seed_played":"-5100856706753132224","killed_by":"3 Cultists","is_trial":false}