{"path_per_floor":["M","$","M","?","M","E","R","M","T","$","?","?","M","M","R","B",null,"M","$","M","M","M","R","M","?","T","R","M","M","R","E","R"],"character_chosen":"THE_SILENT","items_purchased":["Malaise","Noxious Fumes"],"gold_per_floor":[113,2,22,22,32,60,60,75,75,3,3,3,19,38,38,115,115,131,31,44,58,69,69,84,84,84,84,101,111,111,145,145],"floor_reached":33,"campfire_rested":6,"playtime":2840,"current_hp_per_floor":[58,58,58,58,47,2,20,20,20,20,35,35,29,26,44,32,55,46,46,41,35,16,34,22,22,22,40,39,36,54,21,39],"items_purged":["Parasite","Parasite"],"gold":145,"score":474,"play_id":"f7390a80-a1c0-4fff-8fd4-99cddf0d10fd","local_time":"20180312122511","is_prod":false,"is_daily":false,"is_ascension_mode":true,"campfire_upgraded":0,"timestamp":1520871911,"path_taken":["M","$","M","?","M","E","R","M","T","$","?","?","M","M","R","BOSS","M","$","M","M","M","R","M","?","T","R","M","M","R","E","R","BOSS"],"build_version":"2018-03-09","purchased_purges":2,"victory":false,"master_deck":["Defend_G","Defend_G","Defend_G","Defend_G","Defend_G","Strike_G","Strike_G","Strike_G","Strike_G","Strike_G","Survivor","Neutralize","Caltrops","Malaise","Dagger Spray","Predator","Sucker Punch","Blade Dance","Noxious Fumes","Escape Plan","Terror","Adrenaline","Malaise+1","Well Laid Plans+1","Slice+1","Backflip","Prepared"],"max_hp_per_floor":[66,63,63,63,63,63,63,63,63,63,63,63,63,63,63,63,63,63,60,60,60,60,60,60,60,60,60,60,60,60,62,62],"relics":["Ring of the Snake","Dead Branch","Gremlin Horn","Lantern","Sozu","Bottled Lightning","Singing Bowl"],"card_choices":[{"not_picked":["Calculated Gamble","Underhanded Strike"],"picked":"Caltrops"},{"not_picked":["Dodge and Roll","Deadly Poison"],"picked":"Dagger Spray"},{"not_picked":["Dodge and Roll","Outmaneuver"],"picked":"Predator"},{"not_picked":["Phantasmal Killer","Backflip"],"picked":"Sucker Punch"},{"not_picked":["Deflect","Skewer"],"picked":"Blade Dance"},{"not_picked":["Eviscerate","Skewer"],"picked":"Escape Plan"},{"not_picked":["Expertise","Masterful Stab"],"picked":"Terror"},{"not_picked":["Unload","Envenom"],"picked":"Adrenaline"},{"not_picked":["Deflect","Slice"],"picked":"Malaise"},{"not_picked":["Flying Knee","Cloak And Dagger"],"picked":"Well Laid Plans"},{"not_picked":["Cloak And Dagger","Flying Knee"],"picked":"Slice"},{"not_picked":["Prepared","Well Laid Plans"],"picked":"Backflip"},{"not_picked":["Endless Agony","Setup"],"picked":"Prepared"}],"player_experience":987096,"potions_floor_usage":[6,16,16,21],"damage_taken":[{"damage":1,"enemies":"2 Louse","floor":1,"turns":4},{"damage":0,"enemies":"Jaw Worm","floor":3,"turns":7},{"damage":11,"enemies":"Small Slimes","floor":5,"turns":5},{"damage":45,"enemies":"Lagavulin","floor":6,"turns":7},{"damage":0,"enemies":"2 Fungi Beasts","floor":8,"turns":2},{"damage":6,"enemies":"Looter","floor":13,"turns":3},{"damage":3,"enemies":"Blue Slaver","floor":14,"turns":4},{"damage":12,"enemies":"Slime Boss","floor":16,"turns":6},{"damage":9,"enemies":"Spheric Guardian","floor":18,"turns":5},{"damage":5,"enemies":"Shell Parasite","floor":20,"turns":4},{"damage":6,"enemies":"Centurion and Healer","floor":21,"turns":7},{"damage":19,"enemies":"Snake Plant","floor":22,"turns":4},{"damage":12,"enemies":"Snecko","floor":24,"turns":5},{"damage":1,"enemies":"Centurion and Healer","floor":28,"turns":6},{"damage":3,"enemies":"Snake Plant","floor":29,"turns":5},{"damage":35,"enemies":"Slavers","floor":31,"turns":7},{"damage":67,"enemies":"Automaton","floor":33,"turns":6}],"event_choices":[{"event_name":"Big Fish","player_choice":"Box","floor":4,"damage_taken":0},{"event_name":"Mushrooms","player_choice":"Healed and dodged fight","floor":11,"damage_taken":0},{"event_name":"Living Wall","player_choice":"Forget","floor":12,"damage_taken":0},{"event_name":"Addict","player_choice":"Ignored","floor":25,"damage_taken":0}],"boss_relics":[{"not_picked":["Runic Pyramid","Ectoplasm"],"picked":"Sozu"}],"potions_floor_spawned":[1,6,13,16,18,29],"seed_played":"5650816326313567801","killed_by":"Automaton","ascension_level":15,"is_trial":false}