{"gold_per_floor":[118,136,155,170,170,195,195,208,232,250,282,77,77,77],"floor_reached":14,"playtime":1293,"items_purged":[],"score":102,"play_id":"a21f14cb-7164-46b9-9ec0-a6ea5258c816","local_time":"20190712074737","is_ascension_mode":false,"campfire_choices":[{"floor":7,"key":"REST"}],"neow_cost":"NONE","seed_source_timestamp":4541791465523,"circlet_count":0,"master_deck":["Strike_G","Strike_G","Strike_G","Strike_G","Defend_G","Defend_G","Defend_G","Defend_G","Defend_G","Survivor","Neutralize","Corpse Explosion","Cloak And Dagger","Distraction","Catalyst","Noxious Fumes","Catalyst","Burst","Dodge and Roll","After Image","Bouncing Flask","Caltrops","Outmaneuver","Distraction","Dagger Spray"],"relics":["Ring of the Snake","Ornamental Fan","Snake Skull","Bronze Scales"],"potions_floor_usage":[],"damage_taken":[{"damage":0,"enemies":"Small Slimes","floor":1,"turns":7},{"damage":0,"enemies":"Cultist","floor":2,"turns":4},{"damage":0,"enemies":"2 Louse","floor":3,"turns":2},{"damage":19,"enemies":"Exordium Thugs","floor":4,"turns":5},{"damage":10,"enemies":"Lagavulin","floor":6,"turns":5},{"damage":10,"enemies":"Blue Slaver","floor":8,"turns":6},{"damage":4,"enemies":"Exordium Wildlife","floor":10,"turns":3},{"damage":16,"enemies":"3 Sentries","floor":11,"turns":5},{"damage":49,"enemies":"Gremlin Nob","floor":14,"turns":4}],"seed_played":"-61632293411865006","potions_obtained":[{"floor":6,"key":"Regen Potion"},{"floor":8,"key":"GamblersBrew"},{"floor":10,"key":"Fire Potion"}],"is_trial":false,"path_per_floor":["M","M","M","M","?","E","R","M","T","M","E","$","?","E"],"character_chosen":"THE_SILENT","items_purchased":["Caltrops","Outmaneuver","Distraction","Dagger Spray"],"campfire_rested":1,"item_purchase_floors":[12,12,12,12],"current_hp_per_floor":[70,70,70,51,51,41,62,52,52,48,32,32,32,0],"gold":77,"neow_bonus":"ONE_RANDOM_RARE_CARD","is_prod":false,"is_daily":false,"chose_seed":false,"campfire_upgraded":0,"win_rate":0.0,"timestamp":1562910457,"path_taken":["M","M","M","M","?","E","R","M","T","?","E","?","?","E"],"build_version":"2019-07-05","purchased_purges":0,"victory":false,"max_hp_per_floor":[70,70,70,70,70,70,70,70,70,70,70,70,70,70],"card_choices":[{"not_picked":["Prepared","Slice"],"picked":"Cloak And Dagger","floor":1},{"not_picked":["Dodge and Roll","Dagger Spray"],"picked":"Distraction","floor":2},{"not_picked":["Sucker Punch","Slice"],"picked":"Catalyst","floor":3},{"not_picked":["Deadly Poison","Riddle With Holes"],"picked":"Noxious Fumes","floor":4},{"not_picked":["Bane","Dodge and Roll"],"picked":"Burst","floor":6},{"not_picked":["Heel Hook","Slice"],"picked":"Dodge and Roll","floor":8},{"not_picked":["Cloak And Dagger","Acrobatics"],"picked":"After Image","floor":10},{"not_picked":["Deflect","Bane"],"picked":"Bouncing Flask","floor":11}],"player_experience":102456,"relics_obtained":[{"floor":6,"key":"Ornamental Fan"},{"floor":9,"key":"Snake Skull"},{"floor":11,"key":"Bronze Scales"}],"event_choices":[{"damage_healed":0,"gold_gain":0,"cards_transformed":["Strike_G"],"player_choice":"Transformed","damage_taken":0,"max_hp_gain":0,"max_hp_loss":0,"event_name":"Transmorgrifier","floor":5,"gold_loss":0,"cards_obtained":["Catalyst"]},{"damage_healed":0,"gold_gain":0,"player_choice":"Ignored","damage_taken":0,"max_hp_gain":0,"max_hp_loss":0,"event_name":"Golden Idol","floor":13,"gold_loss":0}],"is_beta":false,"boss_relics":[],"items_purged_floors":[],"is_endless":false,"potions_floor_spawned":[6,8,10,11],"killed_by":"Gremlin Nob","ascension_level":0}