{"gold_per_floor":[13,0,11,34,44,44,64,80,80,80,90,107,136,25,25,100,100,115,30,30,40,52,52,69,69,69,69,102,102,118,132,132,206,206,219,1218,1218,10,33,33,53,53,79,102,129,141,481,45,45,45],"floor_reached":51,"playtime":3698,"items_purged":["Normality","Normality"],"score":1462,"play_id":"ee0ad8a2-6a86-4f14-9784-3326dcf742ad","local_time":"20181115144509","is_ascension_mode":true,"campfire_choices":[{"data":"Sucker Punch","floor":6,"key":"SMITH"},{"floor":10,"key":"REST"},{"floor":15,"key":"REST"},{"data":"Burst","floor":23,"key":"SMITH"},{"floor":25,"key":"REST"},{"data":"Catalyst","floor":27,"key":"SMITH"},{"floor":29,"key":"REST"},{"data":"Catalyst","floor":32,"key":"SMITH"},{"floor":40,"key":"REST"},{"data":"After Image","floor":42,"key":"SMITH"},{"floor":46,"key":"REST"},{"data":"Noxious Fumes","floor":49,"key":"SMITH"}],"neow_cost":"NO_GOLD","seed_source_timestamp":142101637489362,"circlet_count":0,"master_deck":["AscendersBane","Defend_G+1","Defend_G+1","Defend_G+1","Defend_G+1","Defend_G+1","Strike_G+1","Strike_G+1","Strike_G+1","Strike_G+1","Strike_G+1","Survivor","Neutralize","Bane","Sucker Punch+1","Dodge and Roll","Crippling Poison","Riddle With Holes+1","Bouncing Flask","Noxious Fumes+1","Cloak And Dagger","Catalyst+1","Noxious Fumes","Burst+1","Dodge and Roll","Catalyst+1","Dagger Spray+1","PiercingWail","Blur","Outmaneuver+1","After Image+1","Adrenaline","Bouncing Flask+1","Secret Technique+1","Deadly Poison+1","Parasite","Prepared+1","Leg Sweep+1","Caltrops"],"relics":["Ring of the Snake","Bronze Scales","Mercury Hourglass","Lantern","Philosopher\u0027s Stone","Paper Crane","Boot","Happy Flower","Busted Crown","Bag of Preparation","TheAbacus","Toxic Egg 2","Whetstone","MawBank","Old Coin","Snake Skull"],"potions_floor_usage":[7,8,16,22,31,35,41,47,47,50],"damage_taken":[{"damage":3,"enemies":"Small Slimes","floor":1,"turns":5},{"damage":2,"enemies":"Jaw Worm","floor":3,"turns":5},{"damage":0,"enemies":"Cultist","floor":5,"turns":4},{"damage":31,"enemies":"Gremlin Gang","floor":7,"turns":5},{"damage":12,"enemies":"Lots of Slimes","floor":8,"turns":4},{"damage":13,"enemies":"Large Slime","floor":11,"turns":6},{"damage":12,"enemies":"3 Louse","floor":12,"turns":2},{"damage":17,"enemies":"Lagavulin","floor":13,"turns":7},{"damage":13,"enemies":"The Guardian","floor":16,"turns":6},{"damage":4,"enemies":"Spheric Guardian","floor":18,"turns":3},{"damage":5,"enemies":"Shell Parasite","floor":21,"turns":5},{"damage":0,"enemies":"3 Cultists","floor":22,"turns":4},{"damage":13,"enemies":"Centurion and Healer","floor":24,"turns":6},{"damage":20,"enemies":"Book of Stabbing","floor":28,"turns":5},{"damage":0,"enemies":"Snake Plant","floor":30,"turns":1},{"damage":10,"enemies":"Shelled Parasite and Fungi","floor":31,"turns":6},{"damage":30,"enemies":"Champ","floor":33,"turns":8},{"damage":20,"enemies":"3 Shapes","floor":35,"turns":5},{"damage":6,"enemies":"Orb Walker","floor":41,"turns":4},{"damage":0,"enemies":"Sphere and 2 Shapes","floor":44,"turns":4},{"damage":16,"enemies":"Writhing Mass","floor":45,"turns":5},{"damage":16,"enemies":"Reptomancer","floor":47,"turns":6},{"damage":0,"enemies":"Time Eater","floor":50,"turns":5}],"seed_played":"4623516813081601265","potions_obtained":[{"floor":3,"key":"Energy Potion"},{"floor":7,"key":"PowerPotion"},{"floor":13,"key":"Poison Potion"},{"floor":18,"key":"Swift Potion"},{"floor":30,"key":"Ancient Potion"},{"floor":31,"key":"LiquidBronze"},{"floor":35,"key":"Poison Potion"},{"floor":41,"key":"SpeedPotion"},{"floor":47,"key":"SpeedPotion"}],"is_trial":false,"path_per_floor":["M","?","M","T","M","R","M","M","T","R","M","M","E","$","R","B",null,"M","?","?","M","M","R","M","R","T","R","E","R","M","M","R","B",null,"M","?","?","$","T","R","M","R","T","M","M","R","E","$","R","B",null],"character_chosen":"THE_SILENT","items_purchased":["Catalyst","Noxious Fumes","Bag of Preparation","Adrenaline","TheAbacus","Toxic Egg 2","Bouncing Flask+1","Secret Technique+1","Fire Potion","Leg Sweep+1","Snake Skull","Weak Potion","Caltrops"],"campfire_rested":6,"item_purchase_floors":[14,14,38,38,38,38,38,38,38,48,48,48,48],"current_hp_per_floor":[68,68,66,66,66,66,35,23,23,46,33,21,4,4,27,14,62,58,58,58,53,53,53,40,63,63,63,43,66,66,56,56,26,65,45,45,45,45,45,67,61,61,61,61,45,67,51,51,51,51],"gold":45,"neow_bonus":"TWENTY_PERCENT_HP_BONUS","is_prod":false,"is_daily":false,"chose_seed":false,"campfire_upgraded":6,"win_rate":0,"timestamp":1542311109,"path_taken":["M","?","M","?","M","R","?","M","T","R","?","M","E","?","R","BOSS","M","?","?","M","M","R","M","R","T","R","E","R","M","M","R","BOSS","M","?","?","$","?","R","M","R","T","M","?","R","E","$","R","BOSS"],"build_version":"2018-11-08","purchased_purges":2,"victory":true,"max_hp_per_floor":[78,78,78,78,78,78,78,78,78,78,78,78,78,78,78,78,78,78,78,78,78,78,78,78,78,78,78,78,78,78,78,78,78,78,78,78,74,74,74,74,74,74,74,74,74,74,74,74,74,74],"card_choices":[{"not_picked":["Finisher","Dodge and Roll"],"picked":"Bane","floor":1},{"not_picked":["Expertise","PiercingWail"],"picked":"Sucker Punch","floor":3},{"not_picked":["Outmaneuver","Expertise"],"picked":"Dodge and Roll","floor":5},{"not_picked":["Backstab","Sucker Punch"],"picked":"Crippling Poison","floor":7},{"not_picked":["Cloak And Dagger","Masterful Stab"],"picked":"Riddle With Holes","floor":8},{"not_picked":["Blade Dance","Predator"],"picked":"Bouncing Flask","floor":11},{"not_picked":["Sucker Punch","Grand Finale"],"picked":"Noxious Fumes","floor":12},{"not_picked":["Underhanded Strike","Riddle With Holes"],"picked":"Cloak And Dagger","floor":13},{"not_picked":["Wraith Form v2","Tools of the Trade"],"picked":"Burst","floor":16},{"not_picked":["All Out Attack","Endless Agony"],"picked":"Dodge and Roll","floor":18},{"not_picked":["Acrobatics","Slice"],"picked":"Catalyst","floor":21},{"not_picked":["A Thousand Cuts","Tactician","All Out Attack"],"picked":"SKIP","floor":22},{"not_picked":["Poisoned Stab","Quick Slash"],"picked":"Dagger Spray","floor":24},{"not_picked":["Infinite Blades+1","Deadly Poison"],"picked":"PiercingWail","floor":28},{"not_picked":["Concentrate","Flechettes"],"picked":"Blur","floor":30},{"not_picked":["Setup","Crippling Poison+1"],"picked":"Outmaneuver+1","floor":31},{"not_picked":["Bullet Time","Tools of the Trade"],"picked":"After Image","floor":33},{"not_picked":["Dagger Spray"],"picked":"SKIP","floor":35},{"not_picked":["Quick Slash+1"],"picked":"SKIP","floor":41},{"not_picked":[],"picked":"Deadly Poison+1","floor":44},{"not_picked":["Flying Knee"],"picked":"SKIP","floor":45},{"not_picked":[],"picked":"Prepared+1","floor":47}],"player_experience":2313831,"relics_obtained":[{"floor":4,"key":"Bronze Scales"},{"floor":9,"key":"Mercury Hourglass"},{"floor":13,"key":"Lantern"},{"floor":26,"key":"Boot"},{"floor":28,"key":"Happy Flower"},{"floor":39,"key":"Whetstone"},{"floor":43,"key":"MawBank"},{"floor":47,"key":"Old Coin"}],"event_choices":[{"damage_healed":0,"gold_gain":0,"player_choice":"Left Gold","damage_taken":0,"max_hp_gain":0,"max_hp_loss":0,"event_name":"World of Goop","floor":2,"gold_loss":13},{"damage_healed":0,"gold_gain":0,"player_choice":"Obtained Relic","damage_taken":0,"relics_obtained":["Paper Crane"],"max_hp_gain":0,"max_hp_loss":0,"event_name":"Addict","floor":19,"gold_loss":85},{"damage_healed":0,"gold_gain":0,"player_choice":"Simplicity","damage_taken":0,"max_hp_gain":0,"max_hp_loss":0,"event_name":"Back to Basics","floor":20,"gold_loss":0,"cards_upgraded":["Defend_G","Defend_G","Defend_G","Defend_G","Defend_G","Strike_G","Strike_G","Strike_G","Strike_G","Strike_G"]},{"damage_healed":0,"gold_gain":999,"player_choice":"Gold","damage_taken":0,"max_hp_gain":0,"max_hp_loss":0,"event_name":"MindBloom","floor":36,"gold_loss":0,"cards_obtained":["Normality","Normality"]},{"damage_healed":0,"gold_gain":0,"player_choice":"Max HP","damage_taken":0,"max_hp_gain":0,"max_hp_loss":4,"event_name":"Winding Halls","floor":37,"gold_loss":0}],"is_beta":false,"boss_relics":[{"not_picked":["Tiny House","WristBlade"],"picked":"Philosopher\u0027s Stone"},{"not_picked":["Black Star","Ring of the Serpent"],"picked":"Busted Crown"}],"items_purged_floors":[38,48],"is_endless":false,"potions_floor_spawned":[3,7,13,18,30,31,35,41,44,47],"ascension_level":19}