{"path_per_floor":["M","M","?","$","?","R","$","?","T","M","M","R","M","$","R","B",null,"M","?","?","M","T","R","$","R","T","?","M","M","M","T","R"],"character_chosen":"THE_SILENT","items_purchased":["Juzu Bracelet","Malaise"],"gold_per_floor":[117,135,235,5,5,5,5,5,5,16,35,35,54,14,14,91,91,71,71,71,88,144,144,44,44,69,69,85,104,119,119,119],"floor_reached":33,"campfire_rested":0,"playtime":2650,"current_hp_per_floor":[61,60,60,60,60,60,60,53,53,53,52,52,52,52,52,20,55,52,36,58,67,67,67,67,67,67,67,67,53,53,53,53],"items_purged":["Parasite","Doubt"],"gold":119,"score":388,"play_id":"c7949ba9-2eeb-4941-9541-b6a0116d87d1","local_time":"20180306232823","is_prod":false,"is_daily":false,"is_ascension_mode":true,"campfire_upgraded":6,"timestamp":1520396903,"path_taken":["M","?","?","$","?","R","$","?","T","M","M","R","M","?","R","BOSS","M","?","?","M","?","R","$","R","T","?","M","M","M","?","R","BOSS"],"build_version":"2018-03-01-PROD1","purchased_purges":2,"victory":false,"master_deck":["Defend_G","Defend_G","Defend_G","Defend_G","Defend_G","Strike_G","Strike_G","Strike_G","Survivor","Neutralize+1","After Image","Dagger Spray+1","Malaise+1","Adrenaline+1","Backstab+1","Acrobatics","Decay","Backflip+1","Writhe"],"max_hp_per_floor":[70,70,70,67,67,67,67,67,67,67,67,67,67,67,67,67,67,67,67,67,67,67,67,67,67,67,67,67,67,67,67,67],"relics":["Ring of the Snake","Juzu Bracelet","Gambling Chip","Cursed Key","Enchiridion","Tiny Chest","Orichalcum","Torii"],"card_choices":[{"not_picked":["Dagger Throw","Flying Knee"],"picked":"Dagger Spray"},{"not_picked":["Venomology","Bullet Time"],"picked":"Adrenaline"},{"not_picked":["Dagger Throw","Quick Slash"],"picked":"Backstab"},{"not_picked":["Endless Agony","Leg Sweep"],"picked":"Acrobatics"},{"not_picked":["Deflect","Dagger Throw"],"picked":"Backflip"}],"player_experience":935211,"potions_floor_usage":[2,21,29],"damage_taken":[{"damage":2,"enemies":"Cultist","floor":1,"turns":4},{"damage":1,"enemies":"Jaw Worm","floor":2,"turns":6},{"damage":0,"enemies":"2 Louse","floor":10,"turns":5},{"damage":1,"enemies":"Exordium Wildlife","floor":11,"turns":4},{"damage":0,"enemies":"Exordium Thugs","floor":13,"turns":6},{"damage":32,"enemies":"The Guardian","floor":16,"turns":25},{"damage":3,"enemies":"2 Thieves","floor":18,"turns":4},{"damage":1,"enemies":"Shell Parasite","floor":21,"turns":7},{"damage":0,"enemies":"Snake Plant","floor":28,"turns":10},{"damage":14,"enemies":"Sentry and Sphere","floor":29,"turns":8},{"damage":0,"enemies":"3 Cultists","floor":30,"turns":5},{"damage":65,"enemies":"Collector","floor":33,"turns":14}],"event_choices":[{"event_name":"Golden Shrine","player_choice":"Pray","floor":3,"damage_taken":0},{"event_name":"Living Wall","player_choice":"Change","floor":5,"damage_taken":0},{"event_name":"Golden Wing","player_choice":"Card Removal","floor":8,"damage_taken":0},{"event_name":"Cursed Tome","player_choice":"Obtained Book","floor":19,"damage_taken":0},{"event_name":"The Library","player_choice":"Heal","floor":20,"damage_taken":0},{"event_name":"Drug Dealer","player_choice":"Ignored","floor":27,"damage_taken":0}],"boss_relics":[{"not_picked":["Velvet Choker","Tiny House"],"picked":"Cursed Key"}],"potions_floor_spawned":[1,16,18],"seed_played":"5016264831707510976","killed_by":"Collector","ascension_level":13,"is_trial":false}