{"gold_per_floor":[117,117,117,128,141,141,168,168,198,223,240,6,40,51,51,51],"floor_reached":16,"playtime":820,"items_purged":[],"score":199,"play_id":"7ba0ed58-1630-4785-8675-57e975b09094","local_time":"20190721103504","is_ascension_mode":true,"campfire_choices":[{"data":"Shockwave","floor":6,"key":"SMITH"},{"floor":15,"key":"REST"}],"neow_cost":"NONE","seed_source_timestamp":3985687874067,"circlet_count":0,"master_deck":["Strike_R","Strike_R","Strike_R","Strike_R","Strike_R","Defend_R","Defend_R","Defend_R","Defend_R","Bash","Battle Trance","Shockwave+1","Cleave","Feed","Reaper","Corruption","Metallicize"],"relics":["Burning Blood","Singing Bowl","Matryoshka","Bird Faced Urn","Tiny Chest","Blood Vial","Strawberry","Dodecahedron"],"potions_floor_usage":[7,16,16],"damage_taken":[{"damage":9,"enemies":"2 Louse","floor":1,"turns":3},{"damage":15,"enemies":"Small Slimes","floor":4,"turns":4},{"damage":6,"enemies":"Cultist","floor":5,"turns":3},{"damage":31,"enemies":"Lagavulin","floor":7,"turns":7},{"damage":45,"enemies":"3 Sentries","floor":10,"turns":11},{"damage":14,"enemies":"Looter","floor":11,"turns":4},{"damage":26,"enemies":"Gremlin Nob","floor":13,"turns":5},{"damage":8,"enemies":"3 Louse","floor":14,"turns":2},{"damage":57,"enemies":"Slime Boss","floor":16,"turns":9}],"seed_played":"-595212917314410696","potions_obtained":[{"floor":5,"key":"SteroidPotion"},{"floor":13,"key":"Poison Potion"},{"floor":14,"key":"Dexterity Potion"}],"is_trial":false,"path_per_floor":["M","?","?","M","M","R","E","?","T","E","M","$","E","M","R","B"],"character_chosen":"IRONCLAD","items_purchased":["Feed","Reaper"],"campfire_rested":1,"item_purchase_floors":[12,12],"current_hp_per_floor":[69,57,57,48,50,50,27,55,55,27,21,21,9,15,43,0],"gold":51,"neow_bonus":"THREE_CARDS","is_prod":false,"is_daily":false,"chose_seed":false,"campfire_upgraded":1,"win_rate":0,"timestamp":1563698104,"path_taken":["M","?","?","M","?","R","E","?","T","E","M","$","E","M","R","BOSS"],"build_version":"2019-07-17","purchased_purges":0,"victory":false,"max_hp_per_floor":[80,80,80,80,82,82,84,84,84,93,93,93,93,96,96,96],"card_choices":[{"not_picked":["Havoc","Shockwave"],"picked":"Battle Trance","floor":0},{"not_picked":["True Grit","Pummel"],"picked":"Iron Wave","floor":1},{"not_picked":["Sword Boomerang","Rage"],"picked":"Shockwave","floor":4},{"not_picked":["Thunderclap","Shockwave","Heavy Blade"],"picked":"Singing Bowl","floor":5},{"not_picked":["Rampage","Twin Strike","True Grit"],"picked":"Singing Bowl","floor":7},{"not_picked":["Body Slam","Cleave","Wild Strike"],"picked":"Singing Bowl","floor":10},{"not_picked":["Dual Wield","Heavy Blade"],"picked":"Cleave","floor":11},{"not_picked":["Twin Strike","Uppercut"],"picked":"Corruption","floor":13},{"not_picked":["Clothesline","Reckless Charge"],"picked":"Metallicize","floor":14}],"player_experience":201144,"relics_obtained":[{"floor":7,"key":"Bird Faced Urn"},{"floor":9,"key":"Tiny Chest"},{"floor":9,"key":"Blood Vial"},{"floor":10,"key":"Strawberry"},{"floor":13,"key":"Dodecahedron"}],"event_choices":[{"damage_healed":0,"gold_gain":0,"player_choice":"Success","damage_taken":12,"relics_obtained":["Singing Bowl"],"max_hp_gain":0,"max_hp_loss":0,"event_name":"Scrap Ooze","floor":2,"gold_loss":0},{"cards_removed":["Iron Wave"],"damage_healed":0,"gold_gain":0,"player_choice":"Gave Card","damage_taken":0,"relics_obtained":["Matryoshka"],"max_hp_gain":0,"max_hp_loss":0,"event_name":"WeMeetAgain","floor":3,"gold_loss":0},{"damage_healed":28,"gold_gain":0,"player_choice":"Banana","damage_taken":0,"max_hp_gain":0,"max_hp_loss":0,"event_name":"Big Fish","floor":8,"gold_loss":0}],"is_beta":false,"boss_relics":[],"items_purged_floors":[],"is_endless":false,"potions_floor_spawned":[5,13,14],"killed_by":"Slime Boss","ascension_level":9}