{"gold_per_floor":[14,89,89,101,101,113,143,174,231,243,288,317,329,360,372,384],"floor_reached":16,"playtime":836,"items_purged":[],"score":204,"play_id":"6e4cf844-cc3b-4c4a-9b01-e3c8d4061af5","local_time":"20190424191251","is_ascension_mode":true,"campfire_choices":[{"floor":6,"key":"REST"},{"floor":10,"key":"REST"},{"data":"Rampage","floor":15,"key":"SMITH"}],"neow_cost":"NO_GOLD","seed_source_timestamp":1295574029397273,"circlet_count":0,"master_deck":["AscendersBane","Strike_R","Strike_R","Strike_R","Strike_R","Defend_R","Defend_R","Defend_R","Defend_R","Bash","Headbutt","Rampage+1","Iron Wave","Burning Pact","Sentinel"],"relics":["Burning Blood","Turnip","MawBank","PreservedInsect","Mango"],"potions_floor_usage":[11,16,16],"damage_taken":[{"damage":7,"enemies":"Jaw Worm","floor":1,"turns":4},{"damage":6,"enemies":"2 Louse","floor":4,"turns":3},{"damage":6,"enemies":"Cultist","floor":7,"turns":4},{"damage":10,"enemies":"Large Slime","floor":8,"turns":6},{"damage":50,"enemies":"3 Sentries","floor":11,"turns":8},{"damage":2,"enemies":"Looter","floor":12,"turns":3},{"damage":5,"enemies":"2 Fungi Beasts","floor":14,"turns":4},{"damage":33,"enemies":"Hexaghost","floor":16,"turns":9}],"seed_played":"-3770973495719350766","potions_obtained":[{"floor":4,"key":"LiquidBronze"},{"floor":8,"key":"SkillPotion"},{"floor":11,"key":"AttackPotion"},{"floor":12,"key":"Block Potion"}],"is_trial":false,"path_per_floor":["M","?","?","M","?","R","M","M","T","R","E","M","$","M","R","B"],"character_chosen":"IRONCLAD","items_purchased":[],"campfire_rested":2,"item_purchase_floors":[],"current_hp_per_floor":[67,56,49,49,14,36,36,32,32,54,24,28,28,29,29,0],"gold":384,"neow_bonus":"ONE_RARE_RELIC","is_prod":false,"is_daily":false,"chose_seed":false,"campfire_upgraded":1,"win_rate":0,"timestamp":1556147571,"path_taken":["M","?","?","M","?","R","M","M","T","R","E","M","?","M","R","BOSS"],"build_version":"2019-01-23","purchased_purges":0,"victory":false,"max_hp_per_floor":[75,75,75,75,75,75,75,75,75,75,89,89,89,89,89,89],"card_choices":[{"not_picked":["Cleave","Shrug It Off"],"picked":"Headbutt","floor":1},{"not_picked":["Whirlwind","Anger"],"picked":"Rampage","floor":4},{"not_picked":["Heavy Blade","Flex"],"picked":"Iron Wave","floor":7},{"not_picked":["Clash","Blood for Blood"],"picked":"Burning Pact","floor":8},{"not_picked":["Thunderclap","Juggernaut"],"picked":"Sentinel","floor":11},{"not_picked":["Burning Pact","Flex","Warcry"],"picked":"SKIP","floor":12},{"not_picked":["Body Slam","Rage","True Grit"],"picked":"SKIP","floor":14}],"player_experience":3491479,"relics_obtained":[{"floor":9,"key":"PreservedInsect"},{"floor":11,"key":"Mango"}],"event_choices":[{"damage_healed":0,"gold_gain":75,"player_choice":"Gather Gold","damage_taken":11,"max_hp_gain":0,"max_hp_loss":0,"event_name":"World of Goop","floor":2,"gold_loss":0},{"cards_removed":["Strike_R"],"damage_healed":0,"gold_gain":0,"player_choice":"Card Removal","damage_taken":7,"max_hp_gain":0,"max_hp_loss":0,"event_name":"Golden Wing","floor":3,"gold_loss":0},{"damage_healed":0,"gold_gain":0,"player_choice":"Success","damage_taken":35,"relics_obtained":["MawBank"],"max_hp_gain":0,"max_hp_loss":0,"event_name":"Scrap Ooze","floor":5,"gold_loss":0}],"is_beta":false,"boss_relics":[],"items_purged_floors":[],"is_endless":false,"potions_floor_spawned":[4,8,11,12],"killed_by":"Hexaghost","ascension_level":20}