{"gold_per_floor":[112,163,163,175,193,227,227,260,260,289,289,289,302,359,359,457,457,475,352,382,402,402,402,414,441,468,567,583,616,541,587,587,692,692,708,389,389,401,411,438,489,237,263,263,263,298,21,54,54,54,54,54,28,55,55],"floor_reached":56,"playtime":3832,"items_purged":["Strike_R"],"score":1706,"play_id":"3ab40dd4-c425-4cec-a9a6-006597746497","local_time":"20190719230448","is_ascension_mode":true,"campfire_choices":[{"data":"Armaments","floor":7,"key":"SMITH"},{"floor":12,"key":"REST"},{"floor":15,"key":"RECALL"},{"floor":23,"key":"REST"},{"floor":32,"key":"REST"},{"floor":45,"key":"REST"},{"floor":49,"key":"REST"},{"floor":52,"key":"REST"}],"neow_cost":"PERCENT_DAMAGE","seed_source_timestamp":13861711910950,"circlet_count":0,"master_deck":["Strike_R","Strike_R","Defend_R","Defend_R","Defend_R","Feed","Armaments+1","Pommel Strike+1","Entrench","Impervious","Clothesline","Seeing Red","Juggernaut","Entrench","Demon Form","Barricade","Armaments+1","Power Through+1","True Grit","Perfected Strike+1","Battle Trance+1","Metallicize+1","Feel No Pain+1","Reaper","Sentinel+1","Battle Trance","Shrug It Off+1","Sentinel+1","Armaments+1","Dual Wield+1","Seeing Red+1","Shrug It Off"],"relics":["Burning Blood","Anchor","Mercury Hourglass","Bronze Scales","Ginger","FossilizedHelix","Pear","Fusion Hammer","Red Mask","Turnip","Potion Belt","Bag of Marbles","Mark of Pain","Bottled Lightning","Smiling Mask","Whetstone","DollysMirror","Dream Catcher","Omamori","Membership Card","War Paint","Sundial","Blue Candle"],"potions_floor_usage":[8,18,20,24,29,50,55,55,55],"damage_taken":[{"damage":8,"enemies":"Small Slimes","floor":1,"turns":5},{"damage":1,"enemies":"Jaw Worm","floor":4,"turns":5},{"damage":0,"enemies":"2 Louse","floor":5,"turns":2},{"damage":21,"enemies":"Gremlin Nob","floor":6,"turns":4},{"damage":9,"enemies":"Lagavulin","floor":8,"turns":10},{"damage":25,"enemies":"Gremlin Nob","floor":10,"turns":4},{"damage":0,"enemies":"Exordium Wildlife","floor":13,"turns":2},{"damage":5,"enemies":"3 Sentries","floor":14,"turns":6},{"damage":29,"enemies":"The Guardian","floor":16,"turns":12},{"damage":0,"enemies":"Chosen","floor":18,"turns":4},{"damage":0,"enemies":"Masked Bandits","floor":20,"turns":3},{"damage":19,"enemies":"Spheric Guardian","floor":21,"turns":4},{"damage":19,"enemies":"Snake Plant","floor":24,"turns":5},{"damage":18,"enemies":"Slavers","floor":25,"turns":7},{"damage":0,"enemies":"Centurion and Healer","floor":28,"turns":7},{"damage":40,"enemies":"Gremlin Leader","floor":29,"turns":7},{"damage":0,"enemies":"Automaton","floor":33,"turns":15},{"damage":0,"enemies":"Orb Walker","floor":35,"turns":4},{"damage":34,"enemies":"3 Darklings","floor":38,"turns":5},{"damage":0,"enemies":"Writhing Mass","floor":39,"turns":5},{"damage":11,"enemies":"Nemesis","floor":40,"turns":9},{"damage":0,"enemies":"Giant Head","floor":46,"turns":12},{"damage":0,"enemies":"Nemesis","floor":48,"turns":12},{"damage":45,"enemies":"Time Eater","floor":50,"turns":15},{"damage":87,"enemies":"Shield and Spear","floor":54,"turns":15},{"damage":36,"enemies":"The Heart","floor":55,"turns":11}],"seed_played":"-6635090155794526463","potions_obtained":[{"floor":4,"key":"Dexterity Potion"},{"floor":6,"key":"AttackPotion"},{"floor":13,"key":"Explosive Potion"},{"floor":16,"key":"Fire Potion"},{"floor":18,"key":"PowerPotion"},{"floor":20,"key":"FearPotion"},{"floor":25,"key":"Fire Potion"},{"floor":35,"key":"PowerPotion"},{"floor":40,"key":"Explosive Potion"},{"floor":48,"key":"FearPotion"}],"is_trial":false,"path_per_floor":["M","?","?","M","M","E","R","E","T","E","T","R","M","?","R","B",null,"M","$","?","M","?","R","M","E","T","?","M","E","?","T","R","B",null,"M","$","?","M","M","E","T","$","T","?","R","E","$","E","R","B",null,"R","$","E","B",null],"character_chosen":"IRONCLAD","items_purchased":["Barricade","Armaments","Bottled Lightning","Battle Trance","DollysMirror","Membership Card","War Paint","Shrug It Off"],"campfire_rested":6,"item_purchase_floors":[19,19,36,36,42,47,47,53],"current_hp_per_floor":[52,52,57,66,75,60,60,57,57,38,38,66,72,86,86,63,97,106,106,114,101,101,114,104,95,95,95,101,67,67,67,103,109,117,120,120,120,92,98,93,93,93,93,93,120,120,120,120,120,124,124,124,124,43,17],"gold":55,"neow_bonus":"THREE_RARE_CARDS","is_prod":false,"is_daily":false,"chose_seed":false,"campfire_upgraded":1,"win_rate":0,"timestamp":1563570288,"path_taken":["M","?","?","M","M","E","R","E","T","E","?","R","M","?","R","BOSS","M","$","?","M","?","R","M","E","T","?","M","E","?","?","R","BOSS","M","$","?","?","M","E","?","$","T","?","R","E","$","E","R","BOSS","R","$","E","BOSS"],"build_version":"2019-07-17","purchased_purges":1,"victory":true,"max_hp_per_floor":[83,83,88,92,95,95,95,95,95,95,95,95,95,108,108,108,108,111,111,114,114,114,114,117,120,120,120,120,120,120,120,120,120,120,120,120,120,120,120,120,120,120,120,120,120,120,120,120,120,124,124,124,124,124,124],"card_choices":[{"not_picked":["Double Tap","Fiend Fire"],"picked":"Feed","floor":0},{"not_picked":["Rupture","Wild Strike"],"picked":"Armaments","floor":1},{"not_picked":["Clash","Rage"],"picked":"Pommel Strike","floor":4},{"not_picked":["True Grit","Wild Strike"],"picked":"Entrench","floor":5},{"not_picked":["Intimidate","Burning Pact"],"picked":"Impervious","floor":6},{"not_picked":["Reckless Charge","Sever Soul"],"picked":"Clothesline","floor":8},{"not_picked":["Inflame","Cleave"],"picked":"Seeing Red","floor":10},{"not_picked":["Heavy Blade","Wild Strike"],"picked":"Juggernaut","floor":13},{"not_picked":["Sword Boomerang","Headbutt"],"picked":"Entrench","floor":14},{"not_picked":["Offering","Brutality"],"picked":"Demon Form","floor":16},{"not_picked":["Body Slam","Cleave"],"picked":"Perfected Strike","floor":18},{"not_picked":["Wild Strike","Whirlwind"],"picked":"Power Through+1","floor":20},{"not_picked":["Reckless Charge","Heavy Blade","Warcry"],"picked":"SKIP","floor":21},{"not_picked":["Clothesline","Immolate"],"picked":"Battle Trance+1","floor":24},{"not_picked":["Clash","Uppercut+1"],"picked":"Metallicize+1","floor":25},{"not_picked":["Fire Breathing","Twin Strike","Disarm"],"picked":"SKIP","floor":28},{"not_picked":["Heavy Blade","Havoc"],"picked":"Feel No Pain+1","floor":29},{"not_picked":["Fiend Fire","Brutality"],"picked":"Reaper","floor":33},{"not_picked":["Warcry+1","Rage+1"],"picked":"Sentinel+1","floor":35},{"not_picked":["Wild Strike+1","Combust","Perfected Strike"],"picked":"SKIP","floor":38},{"not_picked":["Rage","Pommel Strike"],"picked":"Sentinel+1","floor":39},{"not_picked":["Thunderclap+1","Inflame+1","Flex"],"picked":"SKIP","floor":40},{"not_picked":["Body Slam+1","Sword Boomerang+1"],"picked":"Dual Wield+1","floor":45},{"not_picked":["Havoc","Sword Boomerang+1"],"picked":"Seeing Red+1","floor":46},{"not_picked":["Fire Breathing+1","Sword Boomerang+1","Body Slam"],"picked":"SKIP","floor":48},{"not_picked":["Shockwave","Anger","Rage+1"],"picked":"SKIP","floor":54}],"player_experience":165990,"relics_obtained":[{"floor":6,"key":"Anchor"},{"floor":8,"key":"Mercury Hourglass"},{"floor":9,"key":"Bronze Scales"},{"floor":10,"key":"Ginger"},{"floor":11,"key":"FossilizedHelix"},{"floor":14,"key":"Pear"},{"floor":20,"key":"Red Mask"},{"floor":25,"key":"Turnip"},{"floor":29,"key":"Potion Belt"},{"floor":31,"key":"Bag of Marbles"},{"floor":40,"key":"Smiling Mask"},{"floor":41,"key":"Whetstone"},{"floor":43,"key":"Dream Catcher"},{"floor":46,"key":"Omamori"},{"floor":48,"key":"Sundial"},{"floor":54,"key":"Blue Candle"}],"event_choices":[{"damage_healed":0,"gold_gain":51,"player_choice":"Gained Gold","damage_taken":0,"max_hp_gain":0,"max_hp_loss":0,"event_name":"Golden Wing","floor":2,"gold_loss":0},{"damage_healed":0,"gold_gain":0,"player_choice":"Donut","damage_taken":0,"max_hp_gain":5,"max_hp_loss":0,"event_name":"Big Fish","floor":3,"gold_loss":0},{"damage_healed":0,"gold_gain":0,"player_choice":"Searched \u00271\u0027 times","damage_taken":0,"max_hp_gain":0,"max_hp_loss":0,"event_name":"Dead Adventurer","floor":14,"gold_loss":0},{"damage_healed":0,"gold_gain":0,"player_choice":"Fought Bandits","damage_taken":0,"max_hp_gain":0,"max_hp_loss":0,"event_name":"Masked Bandits","floor":20,"gold_loss":0},{"damage_healed":0,"gold_gain":0,"cards_transformed":["Bash","Strike_R"],"player_choice":"Became Test Subject","damage_taken":0,"max_hp_gain":0,"max_hp_loss":0,"event_name":"Drug Dealer","floor":22,"gold_loss":0,"cards_obtained":["True Grit","Perfected Strike"]},{"damage_healed":0,"gold_gain":99,"player_choice":"Stole From Cult","damage_taken":0,"max_hp_gain":0,"max_hp_loss":0,"event_name":"Nest","floor":27,"gold_loss":0},{"cards_removed":["Strike_R"],"damage_healed":0,"gold_gain":0,"player_choice":"Gave Gold","damage_taken":0,"max_hp_gain":0,"max_hp_loss":0,"event_name":"Beggar","floor":30,"gold_loss":75},{"damage_healed":0,"gold_gain":0,"cards_transformed":["Perfected Strike"],"player_choice":"Transformed","damage_taken":0,"max_hp_gain":0,"max_hp_loss":0,"event_name":"Transmorgrifier","floor":37,"gold_loss":0,"cards_obtained":["Shrug It Off"]},{"cards_removed":["Defend_R"],"damage_healed":0,"gold_gain":0,"player_choice":"Removed Skill","damage_taken":0,"max_hp_gain":0,"max_hp_loss":0,"event_name":"Falling","floor":44,"gold_loss":0}],"is_beta":false,"boss_relics":[{"not_picked":["Ectoplasm","White Beast Statue"],"picked":"Fusion Hammer"},{"not_picked":["Empty Cage","Snecko Eye"],"picked":"Mark of Pain"}],"items_purged_floors":[42],"is_endless":false,"potions_floor_spawned":[4,6,13,16,18,20,25,35,40,48],"ascension_level":6}