{"gold_per_floor":[110,110,36,36,48,48,68,68,68,82,96,96,129,147,147,250,250,262,279,17,17,37,37,54,82,108,126,225,242,242,89,89,186,186,206,15,115,115,129,129,159,159,184,184,84,98,109,32,32,32],"floor_reached":51,"playtime":3224,"items_purged":["Strike_G","Defend_G"],"score":697,"play_id":"f7304cec-f2e5-413b-b3bf-f67b4bd032f0","local_time":"20190628111435","is_ascension_mode":false,"campfire_choices":[{"floor":6,"key":"REST"},{"data":"Neutralize","floor":8,"key":"SMITH"},{"data":"Dagger Spray","floor":12,"key":"SMITH"},{"floor":15,"key":"REST"},{"floor":23,"key":"REST"},{"floor":30,"key":"REST"},{"floor":32,"key":"REST"},{"data":"Deadly Poison","floor":40,"key":"SMITH"},{"data":"Backflip","floor":42,"key":"SMITH"},{"data":"Blade Dance","floor":44,"key":"SMITH"},{"data":"Leg Sweep","floor":49,"key":"SMITH"}],"neow_cost":"NONE","seed_source_timestamp":1332907208883678,"circlet_count":0,"master_deck":["Defend_G","Defend_G","Defend_G","Defend_G","Survivor","Neutralize+1","Deadly Poison+1","Backstab","Backstab","Dagger Spray+1","Die Die Die","Sucker Punch+1","Predator+1","Wraith Form v2+1","Dodge and Roll+1","Backstab+1","Deadly Poison+1","Bullet Time","Backflip+1","Blade Dance+1","Blur+1","Corpse Explosion","Leg Sweep+1"],"relics":["Ring of the Snake","Bag of Preparation","Unceasing Top","NlothsMask","Letter Opener","Astrolabe","Singing Bowl","Enchiridion","Dead Branch","Orichalcum","Sozu","Vajra","FossilizedHelix","Bag of Marbles","Bronze Scales"],"potions_floor_usage":[16,18,19,33,41,50,50],"damage_taken":[{"damage":0,"enemies":"Jaw Worm","floor":1,"turns":4},{"damage":0,"enemies":"Cultist","floor":5,"turns":3},{"damage":0,"enemies":"Small Slimes","floor":7,"turns":2},{"damage":0,"enemies":"Red Slaver","floor":10,"turns":4},{"damage":15,"enemies":"Large Slime","floor":11,"turns":9},{"damage":18,"enemies":"Lagavulin","floor":13,"turns":7},{"damage":1,"enemies":"2 Fungi Beasts","floor":14,"turns":2},{"damage":27,"enemies":"The Guardian","floor":16,"turns":15},{"damage":7,"enemies":"3 Byrds","floor":18,"turns":4},{"damage":4,"enemies":"Shell Parasite","floor":19,"turns":9},{"damage":6,"enemies":"Centurion and Healer","floor":22,"turns":8},{"damage":9,"enemies":"Snake Plant","floor":24,"turns":4},{"damage":35,"enemies":"Gremlin Leader","floor":25,"turns":8},{"damage":0,"enemies":"Cultist and Chosen","floor":27,"turns":6},{"damage":0,"enemies":"Centurion and Healer","floor":29,"turns":4},{"damage":44,"enemies":"Automaton","floor":33,"turns":13},{"damage":0,"enemies":"Orb Walker","floor":35,"turns":2},{"damage":0,"enemies":"Mind Bloom Boss Battle","floor":37,"turns":6},{"damage":0,"enemies":"3 Darklings","floor":39,"turns":4},{"damage":0,"enemies":"Nemesis","floor":41,"turns":5},{"damage":0,"enemies":"Transient","floor":46,"turns":5},{"damage":0,"enemies":"Spire Growth","floor":47,"turns":3},{"damage":13,"enemies":"Awakened One","floor":50,"turns":16}],"seed_played":"-7506408538428494479","potions_obtained":[{"floor":7,"key":"Energy Potion"},{"floor":10,"key":"LiquidBronze"},{"floor":13,"key":"Block Potion"},{"floor":25,"key":"Fire Potion"},{"floor":27,"key":"Weak Potion"},{"floor":33,"key":"FearPotion"}],"is_trial":false,"path_per_floor":["M","?","$","?","M","R","M","R","T","M","M","R","E","M","R","B",null,"M","M","$","?","M","R","M","E","T","M","?","M","R","$","R","B",null,"M","$","?","?","M","R","E","R","T","R","$","M","M","$","R","B",null],"character_chosen":"THE_SILENT","items_purchased":["Backstab","Singing Bowl","Regen Potion","Vajra","Backflip","Leg Sweep"],"campfire_rested":5,"item_purchase_floors":[3,20,31,36,36,48],"current_hp_per_floor":[70,28,28,28,28,49,49,49,49,49,34,34,16,15,36,9,70,63,59,59,43,37,58,51,16,16,18,18,18,40,40,62,33,74,76,76,78,78,78,78,80,80,80,80,80,82,82,82,82,69],"gold":32,"neow_bonus":"RANDOM_COMMON_RELIC","is_prod":false,"is_daily":false,"chose_seed":false,"campfire_upgraded":6,"win_rate":0,"timestamp":1561734875,"path_taken":["M","?","$","?","M","R","M","R","T","M","?","R","E","M","R","BOSS","M","M","$","?","M","R","M","E","T","M","?","M","R","?","R","BOSS","M","$","?","?","M","R","E","R","T","R","$","?","M","$","R","BOSS"],"build_version":"2019-01-23","purchased_purges":2,"victory":true,"max_hp_per_floor":[70,70,70,70,70,70,70,70,70,70,70,70,70,70,70,70,70,70,70,70,70,70,70,72,72,72,74,74,74,74,74,74,74,74,76,76,78,78,78,78,80,80,80,80,80,82,82,82,82,82],"card_choices":[{"not_picked":["Acrobatics","Slice"],"picked":"Deadly Poison","floor":1},{"not_picked":["Deadly Poison","Accuracy"],"picked":"Backstab","floor":5},{"not_picked":["Poisoned Stab","Distraction"],"picked":"Dagger Spray","floor":7},{"not_picked":["Slice","Unload","Cloak And Dagger"],"picked":"SKIP","floor":10},{"not_picked":["Bane","Prepared","Eviscerate"],"picked":"SKIP","floor":11},{"not_picked":["Poisoned Stab","Blade Dance","Dagger Spray"],"picked":"SKIP","floor":13},{"not_picked":["Distraction","Bane","Poisoned Stab"],"picked":"SKIP","floor":14},{"not_picked":["Grand Finale","Phantasmal Killer"],"picked":"Die Die Die","floor":16},{"not_picked":["Dagger Spray","Poisoned Stab","Cloak And Dagger"],"picked":"SKIP","floor":18},{"not_picked":["Choke","Underhanded Strike","Prepared"],"picked":"SKIP","floor":19},{"not_picked":["Skewer","Cloak And Dagger"],"picked":"Dodge and Roll+1","floor":22},{"not_picked":["Deflect","Flying Knee","Bane"],"picked":"Singing Bowl","floor":24},{"not_picked":["Underhanded Strike","Predator"],"picked":"Backstab+1","floor":25},{"not_picked":["Accuracy+1","Tactician","Dagger Spray+1"],"picked":"Singing Bowl","floor":27},{"not_picked":["Poisoned Stab","Dodge and Roll"],"picked":"Deadly Poison+1","floor":29},{"not_picked":["Malaise","Burst"],"picked":"Bullet Time","floor":33},{"not_picked":["Underhanded Strike+1","Choke","Skewer+1"],"picked":"Singing Bowl","floor":35},{"not_picked":["Outmaneuver+1","Dagger Spray","Dagger Throw+1"],"picked":"Singing Bowl","floor":37},{"not_picked":["Sucker Punch","Slice+1"],"picked":"Blur+1","floor":39},{"not_picked":["Acrobatics","Slice","Bane"],"picked":"Singing Bowl","floor":41},{"not_picked":["Caltrops","Deadly Poison","Tactician"],"picked":"Singing Bowl","floor":46},{"not_picked":["Acrobatics+1","Bouncing Flask"],"picked":"Corpse Explosion","floor":47}],"player_experience":3850243,"relics_obtained":[{"floor":13,"key":"Letter Opener"},{"floor":21,"key":"Enchiridion"},{"floor":25,"key":"Dead Branch"},{"floor":26,"key":"Orichalcum"},{"floor":37,"key":"FossilizedHelix"},{"floor":41,"key":"Bag of Marbles"},{"floor":43,"key":"Bronze Scales"}],"event_choices":[{"damage_healed":0,"gold_gain":0,"player_choice":"Success","damage_taken":42,"relics_obtained":["Unceasing Top"],"max_hp_gain":0,"max_hp_loss":0,"event_name":"Scrap Ooze","floor":2,"gold_loss":0},{"damage_healed":0,"gold_gain":0,"player_choice":"Trade","damage_taken":0,"relics_obtained":["NlothsMask"],"max_hp_gain":0,"max_hp_loss":0,"event_name":"FaceTrader","floor":4,"gold_loss":0},{"damage_healed":0,"gold_gain":0,"player_choice":"Obtained Book","damage_taken":16,"max_hp_gain":0,"max_hp_loss":0,"event_name":"Cursed Tome","floor":21,"gold_loss":0},{"damage_healed":0,"gold_gain":99,"player_choice":"Stole From Cult","damage_taken":0,"max_hp_gain":0,"max_hp_loss":0,"event_name":"Nest","floor":28,"gold_loss":0},{"damage_healed":0,"gold_gain":0,"player_choice":"Fight","damage_taken":0,"max_hp_gain":0,"max_hp_loss":0,"event_name":"MindBloom","floor":37,"gold_loss":0},{"damage_healed":0,"gold_gain":0,"cards_transformed":["Strike_G"],"player_choice":"Transformed","damage_taken":0,"max_hp_gain":0,"max_hp_loss":0,"event_name":"Transmorgrifier","floor":38,"gold_loss":0,"cards_obtained":["Blade Dance"]}],"is_beta":false,"boss_relics":[{"not_picked":["HoveringKite","Empty Cage"],"picked":"Astrolabe"},{"not_picked":["Coffee Dripper","Black Star"],"picked":"Sozu"}],"items_purged_floors":[31,45],"is_endless":false,"potions_floor_spawned":[7,10,13,14,25,27,33,39,47],"ascension_level":0}