{"gold_per_floor":[212,226,226,241,258,258,272,288,311,311,321,339,339,365,365,365],"floor_reached":16,"playtime":867,"items_purged":[],"score":212,"play_id":"3dad2cd8-a952-436d-8fda-bbbf374c726e","local_time":"20190424100510","is_ascension_mode":true,"campfire_choices":[{"floor":6,"key":"REST"},{"floor":10,"key":"REST"},{"data":"Spot Weakness","floor":15,"key":"SMITH"}],"neow_cost":"NONE","seed_source_timestamp":1262682354885118,"circlet_count":0,"master_deck":["AscendersBane","Strike_R","Strike_R","Strike_R","Strike_R","Defend_R","Defend_R","Defend_R","Defend_R","Bash","Sword Boomerang","Headbutt","Power Through","Feel No Pain","Intimidate","Battle Trance","Spot Weakness+1","Flame Barrier","Shrug It Off"],"relics":["Burning Blood","Boot","Unceasing Top"],"potions_floor_usage":[7,14,16],"damage_taken":[{"damage":16,"enemies":"Jaw Worm","floor":1,"turns":6},{"damage":6,"enemies":"Cultist","floor":2,"turns":3},{"damage":12,"enemies":"2 Louse","floor":4,"turns":3},{"damage":19,"enemies":"Blue Slaver","floor":5,"turns":5},{"damage":42,"enemies":"Exordium Wildlife","floor":7,"turns":7},{"damage":13,"enemies":"Gremlin Gang","floor":8,"turns":5},{"damage":13,"enemies":"Blue Slaver","floor":11,"turns":4},{"damage":30,"enemies":"Large Slime","floor":12,"turns":6},{"damage":46,"enemies":"Lagavulin","floor":14,"turns":10},{"damage":42,"enemies":"Hexaghost","floor":16,"turns":11}],"seed_played":"-3820596467199962402","potions_obtained":[{"floor":2,"key":"SpeedPotion"},{"floor":7,"key":"SkillPotion"},{"floor":12,"key":"FearPotion"}],"is_trial":false,"path_per_floor":["M","M","?","M","M","R","M","M","T","R","M","M","?","E","R","B"],"character_chosen":"IRONCLAD","items_purchased":[],"campfire_rested":2,"item_purchase_floors":[],"current_hp_per_floor":[58,58,58,52,39,61,25,18,18,40,33,9,75,35,35,0],"gold":365,"neow_bonus":"HUNDRED_GOLD","is_prod":false,"is_daily":false,"chose_seed":false,"campfire_upgraded":1,"win_rate":0,"timestamp":1556114710,"path_taken":["M","M","?","M","?","R","?","M","T","R","M","M","?","E","R","BOSS"],"build_version":"2019-01-23","purchased_purges":0,"victory":false,"max_hp_per_floor":[75,75,75,75,75,75,75,75,75,75,75,75,75,75,75,75],"card_choices":[{"not_picked":["Iron Wave","Armaments"],"picked":"Sword Boomerang","floor":1},{"not_picked":["Havoc","Sword Boomerang"],"picked":"Corruption","floor":2},{"not_picked":["Clash","Cleave"],"picked":"Power Through","floor":4},{"not_picked":["Havoc","Shockwave"],"picked":"Feel No Pain","floor":5},{"not_picked":["Havoc","Armaments"],"picked":"Intimidate","floor":7},{"not_picked":["Flame Barrier","Twin Strike"],"picked":"Battle Trance","floor":8},{"not_picked":["Cleave","Twin Strike"],"picked":"Spot Weakness","floor":11},{"not_picked":["Iron Wave","Twin Strike"],"picked":"Flame Barrier","floor":12},{"not_picked":["Clothesline","Pommel Strike"],"picked":"Shrug It Off","floor":14}],"player_experience":3484190,"relics_obtained":[{"floor":9,"key":"Boot"},{"floor":14,"key":"Unceasing Top"}],"event_choices":[{"damage_healed":0,"gold_gain":0,"cards_transformed":["Strike_R"],"player_choice":"Transformed","damage_taken":0,"max_hp_gain":0,"max_hp_loss":0,"event_name":"Transmorgrifier","floor":3,"gold_loss":0,"cards_obtained":["Headbutt"]},{"cards_removed":["Corruption"],"damage_healed":66,"gold_gain":0,"player_choice":"Offered Uncommon","damage_taken":0,"max_hp_gain":0,"max_hp_loss":0,"event_name":"Bonfire Elementals","floor":13,"gold_loss":0}],"is_beta":false,"boss_relics":[],"items_purged_floors":[],"is_endless":false,"potions_floor_spawned":[2,7,12],"killed_by":"Hexaghost","ascension_level":20}