{"gold_per_floor":[116,132,148,164,177,207,207,236,260,292,307,307,307,333,333,464,464,482,500,523,155,155,191,191,231,231,256,280,316,316,331,331,450,450,470,490,823,842,942,971,503,528,567,606,663,397,429,261,261,261,261,261,92,121,121],"floor_reached":56,"playtime":14996,"items_purged":["Strike_B","Strike_B","Shame","Strike_B","Defend_B"],"score":2130,"play_id":"8b300864-4ebd-4c71-b8f8-92e7224b60d3","local_time":"20190720115616","is_ascension_mode":true,"campfire_choices":[{"data":"Defragment","floor":12.0,"key":"SMITH"},{"data":"Go for the Eyes","floor":15.0,"key":"SMITH"},{"floor":24.0,"key":"REST"},{"floor":32.0,"key":"REST"},{"floor":49.0,"key":"RECALL"},{"floor":52.0,"key":"REST"}],"neow_cost":"NONE","seed_source_timestamp":0,"circlet_count":0,"master_deck":["Defend_B","Defend_B","Defend_B+1","Zap","Dualcast+1","Defragment+1","Ball Lightning","BootSequence","Glacier","Barrage","Go for the Eyes+1","Doom and Gloom","Biased Cognition","Conserve Battery+1","Capacitor","FTL+1","Bandage Up","Echo Form","Consume+1","Conserve Battery+1","Double Energy+1","Machine Learning","Hologram+1","Self Repair+1","Chill+1","Panacea+1","Defragment","Echo Form","Reinforced Body+1"],"special_seed":0,"relics":["Runic Pyramid","Ornamental Fan","Nunchaku","Bag of Preparation","Potion Belt","Happy Flower","Fusion Hammer","Runic Capacitor","Singing Bowl","Smiling Mask","Pantograph","Toxic Egg 2","Incense Burner","Cursed Key","WingedGreaves","War Paint","Medical Kit","MawBank","Bronze Scales","Mango","Ancient Tea Set","The Courier","Gambling Chip"],"potions_floor_usage":[55,55,55,55,55],"damage_taken":[{"damage":0.0,"enemies":"Small Slimes","floor":1.0,"turns":3.0},{"damage":1.0,"enemies":"Cultist","floor":2.0,"turns":4.0},{"damage":4.0,"enemies":"Jaw Worm","floor":3.0,"turns":4.0},{"damage":26.0,"enemies":"Lots of Slimes","floor":4.0,"turns":6.0},{"damage":1.0,"enemies":"Looter","floor":5.0,"turns":4.0},{"damage":16.0,"enemies":"Gremlin Nob","floor":6.0,"turns":5.0},{"damage":0.0,"enemies":"3 Sentries","floor":8.0,"turns":10.0},{"damage":0.0,"enemies":"Lagavulin","floor":10.0,"turns":7.0},{"damage":0.0,"enemies":"Red Slaver","floor":11.0,"turns":3.0},{"damage":0.0,"enemies":"The Guardian","floor":16.0,"turns":9.0},{"damage":9.0,"enemies":"2 Thieves","floor":18.0,"turns":4.0},{"damage":0.0,"enemies":"Chosen","floor":19.0,"turns":4.0},{"damage":8.0,"enemies":"Snake Plant","floor":20.0,"turns":4.0},{"damage":12.0,"enemies":"Gremlin Leader","floor":23.0,"turns":7.0},{"damage":16.0,"enemies":"Slavers","floor":25.0,"turns":6.0},{"damage":0.0,"enemies":"Centurion and Healer","floor":27.0,"turns":6.0},{"damage":10.0,"enemies":"3 Cultists","floor":28.0,"turns":6.0},{"damage":22.0,"enemies":"Book of Stabbing","floor":29.0,"turns":7.0},{"damage":5.0,"enemies":"Snake Plant","floor":31.0,"turns":5.0},{"damage":10.0,"enemies":"Collector","floor":33.0,"turns":8.0},{"damage":0.0,"enemies":"Orb Walker","floor":35.0,"turns":4.0},{"damage":1.0,"enemies":"3 Darklings","floor":36.0,"turns":5.0},{"damage":0.0,"enemies":"Jaw Worm Horde","floor":38.0,"turns":5.0},{"damage":1.0,"enemies":"Mind Bloom Boss Battle","floor":39.0,"turns":7.0},{"damage":0.0,"enemies":"Reptomancer","floor":40.0,"turns":8.0},{"damage":0.0,"enemies":"Nemesis","floor":42.0,"turns":9.0},{"damage":0.0,"enemies":"Giant Head","floor":44.0,"turns":9.0},{"damage":0.0,"enemies":"2 Orb Walkers","floor":45.0,"turns":6.0},{"damage":0.0,"enemies":"Nemesis","floor":47.0,"turns":7.0},{"damage":25.0,"enemies":"Time Eater","floor":50.0,"turns":7.0},{"damage":4.0,"enemies":"Shield and Spear","floor":54.0,"turns":8.0},{"damage":14,"enemies":"The Heart","floor":55,"turns":8}],"seed_played":"6600748947283941856","potions_obtained":[{"floor":1.0,"key":"Regen Potion"},{"floor":5.0,"key":"Dexterity Potion"},{"floor":8.0,"key":"Strength Potion"},{"floor":11.0,"key":"Ancient Potion"},{"floor":23.0,"key":"Energy Potion"},{"floor":25.0,"key":"SkillPotion"},{"floor":27.0,"key":"SpeedPotion"},{"floor":29.0,"key":"AttackPotion"},{"floor":33.0,"key":"Energy Potion"},{"floor":36.0,"key":"LiquidBronze"},{"floor":44.0,"key":"GamblersBrew"},{"floor":45.0,"key":"SpeedPotion"},{"floor":54.0,"key":"GamblersBrew"}],"is_trial":false,"path_per_floor":["M","M","M","M","M","E","?","E","T","E","M","R","?","T","R","B",null,"M","M","M","$","T","E","R","E","T","M","M","E","?","M","R","B",null,"M","M","?","M","?","E","$","E","T","E","?","$","E","$","R","B",null,"R","$","E","B",null],"character_chosen":"DEFECT","items_purchased":["Runic Capacitor","Bandage Up","Chill+1","Panacea+1","Medical Kit","SpeedPotion","Ancient Tea Set","GamblersBrew","Echo Form","Reinforced Body+1","Ancient Potion"],"campfire_rested":3,"item_purchase_floors":[21,21,41,41,41,41,46,46,48,53,53],"current_hp_per_floor":[68,67,63,52,51,35,75,75,75,75,75,75,57,57,57,57,71,62,62,54,54,54,46,68,62,62,68,58,40,40,39,62,77,79,81,81,81,83,85,85,85,87,87,89,105,105,105,105,105,105,105,105,105,107,107],"gold":121,"neow_bonus":"BOSS_RELIC","is_prod":false,"is_daily":false,"chose_seed":false,"campfire_upgraded":2,"win_rate":0,"timestamp":1563648976,"path_taken":["M","M","M","M","M","E","?","E","T","E","?","R","?","?","R","BOSS","M","M","M","$","?","E","R","E","T","M","M","E","?","?","R","BOSS","M","M","?","M","?","E","?","E","T","E","?","$","E","$","R","BOSS","R","$","E","BOSS"],"build_version":"2019-07-17","purchased_purges":5,"victory":true,"max_hp_per_floor":[75,75,75,75,75,75,75,75,75,75,75,75,75,75,75,75,75,75,75,75,75,75,75,75,77,77,79,79,79,79,79,79,79,79,81,81,81,83,85,85,85,87,87,89,105,105,105,105,105,105,105,105,105,107,107],"card_choices":[{"not_picked":["Undo","Sweeping Beam"],"picked":"Defragment","floor":1.0},{"not_picked":["White Noise","Streamline"],"picked":"Ball Lightning","floor":2.0},{"not_picked":["Sweeping Beam","Capacitor"],"picked":"BootSequence","floor":3.0},{"not_picked":["Coolheaded","Loop"],"picked":"Glacier","floor":4.0},{"not_picked":["Leap","Glacier"],"picked":"Barrage","floor":5.0},{"not_picked":["Ball Lightning","Storm","Cold Snap"],"picked":"SKIP","floor":6.0},{"not_picked":["Hello World","Rebound"],"picked":"Go for the Eyes","floor":8.0},{"not_picked":["Stack","Force Field"],"picked":"Doom and Gloom","floor":10.0},{"not_picked":["Cold Snap","Barrage","Doom and Gloom"],"picked":"SKIP","floor":11.0},{"not_picked":["Reboot","Buffer"],"picked":"Biased Cognition","floor":16.0},{"not_picked":["Steam+1","Skim"],"picked":"Conserve Battery+1","floor":18.0},{"not_picked":["Consume","Coolheaded"],"picked":"Capacitor","floor":19.0},{"not_picked":["BootSequence","Leap"],"picked":"FTL+1","floor":20.0},{"not_picked":["Streamline+1","Compile Driver+1"],"picked":"Echo Form","floor":23.0},{"not_picked":["Compile Driver","Echo Form","Sweeping Beam"],"picked":"Singing Bowl","floor":25.0},{"not_picked":["Beam Cell","Cold Snap","Rebound"],"picked":"Singing Bowl","floor":27.0},{"not_picked":["Streamline+1","Capacitor"],"picked":"Consume+1","floor":28.0},{"not_picked":["Stack+1","Barrage"],"picked":"Conserve Battery+1","floor":29.0},{"not_picked":["Melter","Rip and Tear+1"],"picked":"Double Energy+1","floor":31.0},{"not_picked":["Amplify+1","Rainbow+1"],"picked":"Machine Learning","floor":33.0},{"not_picked":["Stack+1","Streamline","Redo+1"],"picked":"Singing Bowl","floor":35.0},{"not_picked":["Streamline+1","Auto Shields+1"],"picked":"Hologram+1","floor":36.0},{"not_picked":["Hologram+1","Leap+1","Rip and Tear+1"],"picked":"Singing Bowl","floor":38.0},{"not_picked":["Ball Lightning+1","Go for the Eyes+1","Stack+1"],"picked":"Singing Bowl","floor":39.0},{"not_picked":["Aggregate+1","Auto Shields+1"],"picked":"Self Repair+1","floor":40.0},{"not_picked":["Genetic Algorithm+1","Static Discharge","Gash+1"],"picked":"Singing Bowl","floor":42.0},{"not_picked":["Barrage","Gash+1","Hologram+1"],"picked":"Singing Bowl","floor":44.0},{"not_picked":["Streamline+1","Sweeping Beam","Stack+1"],"picked":"Singing Bowl","floor":45.0},{"not_picked":["Conserve Battery+1","Coolheaded+1"],"picked":"Defragment","floor":47.0},{"not_picked":["Conserve Battery+1","All For One","Blizzard+1"],"picked":"Singing Bowl","floor":54.0}],"player_experience":339813,"relics_obtained":[{"floor":6.0,"key":"Ornamental Fan"},{"floor":8.0,"key":"Nunchaku"},{"floor":9.0,"key":"Bag of Preparation"},{"floor":10.0,"key":"Potion Belt"},{"floor":14.0,"key":"Happy Flower"},{"floor":22.0,"key":"Singing Bowl"},{"floor":23.0,"key":"Smiling Mask"},{"floor":25.0,"key":"Pantograph"},{"floor":26.0,"key":"Toxic Egg 2"},{"floor":29.0,"key":"Incense Burner"},{"floor":39.0,"key":"WingedGreaves"},{"floor":40.0,"key":"War Paint"},{"floor":42.0,"key":"MawBank"},{"floor":44.0,"key":"Bronze Scales"},{"floor":45.0,"key":"Mango"},{"floor":47.0,"key":"The Courier"},{"floor":54.0,"key":"Gambling Chip"}],"event_choices":[{"damage_healed":40.0,"max_hp_gain":0.0,"max_hp_loss":0.0,"gold_gain":0.0,"event_name":"Wheel of Change","player_choice":"Full Heal","floor":7.0,"gold_loss":0.0,"damage_taken":0.0},{"damage_healed":0.0,"max_hp_gain":0.0,"max_hp_loss":0.0,"gold_gain":0.0,"event_name":"Golden Idol","player_choice":"Take Damage","floor":13.0,"gold_loss":0.0,"damage_taken":18.0,"relics_obtained":["Golden Idol"]},{"cards_removed":["Strike_B"],"damage_healed":0.0,"max_hp_gain":0.0,"max_hp_loss":0.0,"gold_gain":0.0,"event_name":"Purifier","player_choice":"Purged","floor":30.0,"gold_loss":0.0,"damage_taken":0.0},{"damage_healed":0.0,"max_hp_gain":0.0,"max_hp_loss":0.0,"gold_gain":333.0,"event_name":"The Moai Head","player_choice":"Gave Idol","floor":37.0,"relics_lost":["Golden Idol"],"gold_loss":0.0,"damage_taken":0.0},{"damage_healed":0.0,"max_hp_gain":0.0,"max_hp_loss":0.0,"gold_gain":0.0,"event_name":"MindBloom","player_choice":"Fight","floor":39.0,"gold_loss":0.0,"damage_taken":0.0},{"damage_healed":0.0,"max_hp_gain":0.0,"max_hp_loss":0.0,"gold_gain":0.0,"event_name":"Mysterious Sphere","player_choice":"Fight","floor":45.0,"gold_loss":0.0,"damage_taken":0.0}],"is_beta":false,"boss_relics":[{"not_picked":["Snecko Eye","Calling Bell"],"picked":"Fusion Hammer"},{"not_picked":["Runic Dome","Sozu"],"picked":"Cursed Key"}],"items_purged_floors":[21,41,46,48,53],"is_endless":false,"potions_floor_spawned":[1,5,8,11,23,25,27,29,33,36,44,45,54],"ascension_level":9}