{"gold_per_floor":[118,128,128,78,98,98,130,4,56,56,56,117,117,135,135,135],"floor_reached":16,"playtime":1579,"items_purged":[],"score":98,"play_id":"1015a49c-622c-4ccd-81ec-a2f115ebff22","local_time":"20190715212001","is_ascension_mode":false,"campfire_choices":[{"data":"Bloodletting","floor":6,"key":"SMITH"},{"floor":11,"key":"REST"},{"floor":13,"key":"REST"},{"floor":15,"key":"REST"}],"neow_cost":"CURSE","seed_source_timestamp":167723540033050,"circlet_count":0,"master_deck":["Strike_R","Strike_R","Strike_R","Strike_R","Strike_R","Defend_R","Defend_R","Defend_R","Bash","Injury","Double Tap","Clothesline","Bloodletting+1","Battle Trance","Dual Wield","Pommel Strike","Shrug It Off","Sword Boomerang"],"relics":["Burning Blood","Red Skull","Bronze Scales"],"potions_floor_usage":[],"damage_taken":[{"damage":20,"enemies":"Jaw Worm","floor":1,"turns":4},{"damage":0,"enemies":"2 Louse","floor":2,"turns":2},{"damage":15,"enemies":"Small Slimes","floor":5,"turns":2},{"damage":58,"enemies":"Gremlin Nob","floor":7,"turns":6},{"damage":3,"enemies":"2 Fungi Beasts","floor":14,"turns":3},{"damage":84,"enemies":"Slime Boss","floor":16,"turns":11}],"seed_played":"-8913853892077281097","potions_obtained":[{"floor":7,"key":"Weak Potion"},{"floor":14,"key":"Swift Potion"}],"is_trial":false,"path_per_floor":["M","M","?","?","M","R","E","$","T","?","R","?","R","M","R","B"],"character_chosen":"IRONCLAD","items_purchased":["Pommel Strike","Shrug It Off","Block Potion"],"campfire_rested":3,"item_purchase_floors":[8,8,8],"current_hp_per_floor":[66,72,72,72,63,63,11,11,11,11,35,35,59,62,80,0],"gold":135,"neow_bonus":"THREE_RARE_CARDS","is_prod":false,"is_daily":false,"chose_seed":false,"campfire_upgraded":1,"win_rate":0.0,"timestamp":1563243601,"path_taken":["M","M","?","?","M","R","E","$","T","?","R","?","R","M","R","BOSS"],"build_version":"2019-07-05","purchased_purges":0,"victory":false,"max_hp_per_floor":[80,80,80,80,80,80,80,80,80,80,80,80,80,80,80,80],"card_choices":[{"not_picked":["Demon Form","Brutality"],"picked":"Double Tap","floor":0},{"not_picked":["Clash","Pummel"],"picked":"Clothesline","floor":1},{"not_picked":["Fire Breathing","Clash"],"picked":"Bloodletting","floor":2},{"not_picked":["Thunderclap","True Grit"],"picked":"Battle Trance","floor":5},{"not_picked":["Perfected Strike","Disarm"],"picked":"Dual Wield","floor":7},{"not_picked":["Body Slam","Dual Wield"],"picked":"Sword Boomerang","floor":14}],"player_experience":3744,"relics_obtained":[{"floor":7,"key":"Red Skull"},{"floor":9,"key":"Bronze Scales"}],"event_choices":[{"damage_healed":0,"gold_gain":0,"player_choice":"Ignored","damage_taken":0,"max_hp_gain":0,"max_hp_loss":0,"event_name":"Liars Game","floor":3,"gold_loss":0},{"cards_removed":["Defend_R"],"damage_healed":0,"gold_gain":0,"player_choice":"Card Removal","damage_taken":0,"max_hp_gain":0,"max_hp_loss":0,"event_name":"The Cleric","floor":4,"gold_loss":50},{"damage_healed":0,"gold_gain":0,"player_choice":"Ignored","damage_taken":0,"max_hp_gain":0,"max_hp_loss":0,"event_name":"Shining Light","floor":10,"gold_loss":0},{"damage_healed":0,"gold_gain":61,"player_choice":"Gained Gold","damage_taken":0,"max_hp_gain":0,"max_hp_loss":0,"event_name":"Golden Wing","floor":12,"gold_loss":0}],"is_beta":false,"boss_relics":[],"items_purged_floors":[],"is_endless":false,"potions_floor_spawned":[7,14],"killed_by":"Slime Boss","ascension_level":0}