{"gold_per_floor":[116,38,38,57,132,132,132,57,57,57,57,89,100,110,110,212,212,195,120,20,20],"floor_reached":21,"playtime":934,"items_purged":["Strike_G","Regret"],"score":200,"play_id":"4652153e-832a-4b64-a0ba-f4570508d7db","local_time":"20181110163058","is_ascension_mode":false,"campfire_choices":[{"data":"Noxious Fumes","floor":6,"key":"SMITH"},{"data":"Neutralize","floor":15,"key":"SMITH"}],"neow_cost":"NONE","seed_source_timestamp":512683863942787,"circlet_count":0,"master_deck":["Defend_G","Defend_G","Defend_G","Defend_G","Defend_G","Strike_G","Strike_G","Strike_G","Survivor","Neutralize+1","Deflect","Noxious Fumes+1","Dagger Spray","Poisoned Stab","Sucker Punch","Bullet Time","Regret","Poisoned Stab"],"relics":["Ring of the Snake","NeowsBlessing","Thread and Needle","Snake Skull","Calling Bell","Juzu Bracelet","Ornamental Fan","Pocketwatch"],"potions_floor_usage":[14,18,18],"damage_taken":[{"damage":0,"enemies":"Jaw Worm","floor":1,"turns":1},{"damage":0,"enemies":"Small Slimes","floor":4,"turns":1},{"damage":0,"enemies":"Lagavulin","floor":12,"turns":1},{"damage":0,"enemies":"2 Louse","floor":13,"turns":3},{"damage":0,"enemies":"Large Slime","floor":14,"turns":4},{"damage":7,"enemies":"The Guardian","floor":16,"turns":9},{"damage":19,"enemies":"2 Thieves","floor":18,"turns":4},{"damage":8,"enemies":"Colosseum Slavers","floor":21,"turns":4},{"damage":50,"enemies":"Colosseum Nobs","floor":21,"turns":4}],"seed_played":"1856824429675374208","potions_obtained":[{"floor":1,"key":"Weak Potion"},{"floor":4,"key":"FearPotion"},{"floor":16,"key":"SneckoOil"}],"is_trial":false,"path_per_floor":["M","$","?","M","?","R","?","$","T","?","$","E","M","M","R","B",null,"M","?","$","?"],"character_chosen":"THE_SILENT","items_purchased":["Noxious Fumes"],"campfire_rested":0,"item_purchase_floors":[2],"current_hp_per_floor":[70,70,70,70,59,59,64,64,64,57,57,57,57,57,57,50,75,56,56,56,0],"gold":20,"neow_bonus":"THREE_ENEMY_KILL","is_prod":false,"is_daily":false,"chose_seed":false,"campfire_upgraded":2,"win_rate":0,"timestamp":1541885458,"path_taken":["M","$","?","M","?","R","?","?","T","?","$","E","M","M","R","BOSS","M","?","$","?"],"build_version":"2018-11-08","purchased_purges":2,"victory":false,"max_hp_per_floor":[70,70,70,70,70,70,75,75,75,75,75,75,75,75,75,75,75,75,75,75,75],"card_choices":[{"not_picked":["Reflex","Leg Sweep"],"picked":"Deflect","floor":1},{"not_picked":["Blade Dance","Dagger Throw"],"picked":"Dagger Spray","floor":4},{"not_picked":["PiercingWail","Escape Plan"],"picked":"Poisoned Stab","floor":12},{"not_picked":["Dagger Spray","Grand Finale","Dodge and Roll"],"picked":"SKIP","floor":13},{"not_picked":["Quick Slash","Dagger Spray"],"picked":"Sucker Punch","floor":14},{"not_picked":["Storm of Steel","Unload"],"picked":"Bullet Time","floor":16},{"not_picked":["Concentrate","Outmaneuver"],"picked":"Poisoned Stab","floor":18}],"player_experience":2189463,"relics_obtained":[{"floor":9,"key":"Thread and Needle"},{"floor":12,"key":"Snake Skull"},{"floor":17,"key":"Juzu Bracelet"},{"floor":17,"key":"Ornamental Fan"},{"floor":17,"key":"Pocketwatch"}],"event_choices":[{"damage_healed":0,"gold_gain":0,"player_choice":"Leave","damage_taken":0,"max_hp_gain":0,"max_hp_loss":0,"event_name":"The Cleric","floor":3,"gold_loss":0},{"damage_healed":0,"gold_gain":75,"player_choice":"Gather Gold","damage_taken":11,"max_hp_gain":0,"max_hp_loss":0,"event_name":"World of Goop","floor":5,"gold_loss":0},{"damage_healed":0,"gold_gain":0,"player_choice":"Donut","damage_taken":0,"max_hp_gain":5,"max_hp_loss":0,"event_name":"Big Fish","floor":7,"gold_loss":0},{"cards_removed":["Strike_G"],"damage_healed":0,"gold_gain":0,"player_choice":"Card Removal","damage_taken":7,"max_hp_gain":0,"max_hp_loss":0,"event_name":"Golden Wing","floor":10,"gold_loss":0},{"cards_removed":["Normality"],"damage_healed":0,"gold_gain":0,"player_choice":"Gave Gold","damage_taken":0,"max_hp_gain":0,"max_hp_loss":0,"event_name":"Beggar","floor":19,"gold_loss":75},{"damage_healed":0,"gold_gain":0,"player_choice":"Fight","damage_taken":0,"max_hp_gain":0,"max_hp_loss":0,"event_name":"Colosseum","floor":21,"gold_loss":0},{"damage_healed":0,"gold_gain":0,"player_choice":"Fought Nobs","damage_taken":0,"max_hp_gain":0,"max_hp_loss":0,"event_name":"Colosseum","floor":21,"gold_loss":0}],"is_beta":false,"boss_relics":[{"not_picked":["Runic Dome","Pandora\u0027s Box"],"picked":"Calling Bell"}],"items_purged_floors":[8,20],"is_endless":false,"potions_floor_spawned":[1,4,16,21],"killed_by":"Colosseum Nobs","ascension_level":0}