{"gold_per_floor":[112,127,147,147,167,167,179,179,234,234,11,26,26,43,43,122,122,138,155,166,166,166,166,195,205,259,259],"floor_reached":27,"playtime":1396,"items_purged":[],"score":431,"play_id":"7105b59f-8a53-4c69-8079-2d109992a77a","local_time":"20181111124731","is_ascension_mode":true,"campfire_choices":[{"data":"Crippling Poison","floor":6,"key":"SMITH"},{"floor":13,"key":"REST"},{"data":"Neutralize","floor":15,"key":"SMITH"},{"floor":23,"key":"REST"}],"neow_cost":"NONE","seed_source_timestamp":585214237190389,"circlet_count":0,"master_deck":["AscendersBane","Defend_G","Defend_G","Defend_G","Defend_G","Defend_G","Strike_G","Strike_G","Strike_G","Strike_G","Survivor","Neutralize+1","Backflip","Backflip","Dagger Throw","Crippling Poison+1","Prepared","A Thousand Cuts","Poisoned Stab","Bullet Time","After Image","Deadly Poison+1","PiercingWail","Well Laid Plans","Decay","Bouncing Flask","Catalyst","Normality"],"relics":["Ring of the Snake","NeowsBlessing","Paper Crane","Lantern","Boot","Cursed Key","Bag of Marbles","Blood Vial"],"potions_floor_usage":[7,7,12,16,18,24],"damage_taken":[{"damage":0,"enemies":"Cultist","floor":1,"turns":1},{"damage":0,"enemies":"Small Slimes","floor":2,"turns":1},{"damage":0,"enemies":"2 Louse","floor":3,"turns":1},{"damage":1,"enemies":"Looter","floor":5,"turns":5},{"damage":15,"enemies":"Exordium Thugs","floor":7,"turns":5},{"damage":19,"enemies":"Large Slime","floor":12,"turns":8},{"damage":0,"enemies":"2 Fungi Beasts","floor":14,"turns":2},{"damage":11,"enemies":"Hexaghost","floor":16,"turns":9},{"damage":15,"enemies":"Spheric Guardian","floor":18,"turns":8},{"damage":3,"enemies":"Shell Parasite","floor":19,"turns":4},{"damage":20,"enemies":"Sentry and Sphere","floor":20,"turns":6},{"damage":29,"enemies":"Gremlin Leader","floor":24,"turns":8},{"damage":11,"enemies":"Snake Plant","floor":25,"turns":3},{"damage":14,"enemies":"Snecko","floor":27,"turns":3}],"seed_played":"5907442488095699116","potions_obtained":[{"floor":2,"key":"LiquidBronze"},{"floor":5,"key":"Strength Potion"},{"floor":12,"key":"LiquidBronze"},{"floor":16,"key":"Regen Potion"},{"floor":20,"key":"Weak Potion"},{"floor":25,"key":"SkillPotion"}],"is_trial":false,"path_per_floor":["M","M","M","?","M","R","M","?","T","?","$","M","R","M","R","B",null,"M","M","M","?","?","R","E","M","T","M"],"character_chosen":"THE_SILENT","items_purchased":["Boot","Fire Potion"],"campfire_rested":2,"item_purchase_floors":[11,11],"current_hp_per_floor":[59,59,59,59,58,58,43,43,43,43,43,24,43,43,43,32,58,55,52,32,32,32,51,22,11,11,0],"gold":259,"neow_bonus":"THREE_ENEMY_KILL","is_prod":false,"is_daily":false,"chose_seed":false,"campfire_upgraded":2,"win_rate":0,"timestamp":1541958451,"path_taken":["M","?","M","?","M","R","?","?","T","?","$","M","R","?","R","BOSS","M","M","M","?","?","R","E","?","T","M"],"build_version":"2018-11-08","purchased_purges":0,"victory":false,"max_hp_per_floor":[66,66,66,66,66,66,66,66,66,66,66,66,66,66,66,66,66,66,66,66,66,66,66,66,66,66,66],"card_choices":[{"not_picked":["Bane","Blade Dance"],"picked":"Backflip","floor":1},{"not_picked":["Underhanded Strike","Slice"],"picked":"Backflip","floor":2},{"not_picked":["Dodge and Roll","Well Laid Plans"],"picked":"Dagger Throw","floor":3},{"not_picked":["Deadly Poison","Slice"],"picked":"Crippling Poison","floor":5},{"not_picked":["Terror","A Thousand Cuts"],"picked":"Prepared","floor":7},{"not_picked":["Cloak And Dagger","Slice"],"picked":"Poisoned Stab","floor":12},{"not_picked":["Deadly Poison","Concentrate"],"picked":"Bullet Time","floor":14},{"not_picked":["Venomology","Doppelganger"],"picked":"After Image","floor":16},{"not_picked":["Quick Slash","Endless Agony"],"picked":"Deadly Poison+1","floor":18},{"not_picked":["Underhanded Strike","Flechettes+1"],"picked":"PiercingWail","floor":19},{"not_picked":["Poisoned Stab","Quick Slash+1"],"picked":"Well Laid Plans","floor":20},{"not_picked":["Tactician","Bouncing Flask"],"picked":"Catalyst","floor":24},{"not_picked":["Heel Hook","Distraction","Outmaneuver"],"picked":"SKIP","floor":25}],"player_experience":2203488,"relics_obtained":[{"floor":9,"key":"Lantern"},{"floor":24,"key":"Bag of Marbles"},{"floor":26,"key":"Blood Vial"}],"event_choices":[{"cards_removed":["Strike_G"],"damage_healed":0,"gold_gain":0,"player_choice":"Purged","damage_taken":0,"max_hp_gain":0,"max_hp_loss":0,"event_name":"Purifier","floor":4,"gold_loss":0},{"damage_healed":0,"gold_gain":0,"player_choice":"Searched \u00271\u0027 times","damage_taken":0,"relics_obtained":["Paper Crane"],"max_hp_gain":0,"max_hp_loss":0,"event_name":"Dead Adventurer","floor":8,"gold_loss":0},{"damage_healed":0,"gold_gain":0,"player_choice":"1 cards matched","damage_taken":0,"max_hp_gain":0,"max_hp_loss":0,"event_name":"Match and Keep!","floor":10,"gold_loss":0,"cards_obtained":["A Thousand Cuts"]},{"damage_healed":0,"gold_gain":0,"player_choice":"1 cards matched","damage_taken":0,"max_hp_gain":0,"max_hp_loss":0,"event_name":"Match and Keep!","floor":10,"gold_loss":0,"cards_obtained":["A Thousand Cuts"]},{"damage_healed":0,"gold_gain":0,"player_choice":"Smashed Altar","damage_taken":0,"max_hp_gain":0,"max_hp_loss":0,"event_name":"Forgotten Altar","floor":21,"gold_loss":0,"cards_obtained":["Decay"]},{"damage_healed":0,"gold_gain":0,"player_choice":"Read","damage_taken":0,"max_hp_gain":0,"max_hp_loss":0,"event_name":"The Library","floor":22,"gold_loss":0,"cards_obtained":["Bouncing Flask"]}],"is_beta":false,"boss_relics":[{"not_picked":["Runic Pyramid","Coffee Dripper"],"picked":"Cursed Key"}],"items_purged_floors":[],"is_endless":false,"potions_floor_spawned":[2,5,12,16,20,25],"killed_by":"Snecko","ascension_level":18}