{"gold_per_floor":[119,138,23,41,41,68,68,101,155,155,170,170,245,19,19,19],"floor_reached":16,"playtime":1332,"items_purged":[],"score":211,"play_id":"435496c2-89d4-481b-a042-9b44a0e115cf","local_time":"20181113095758","is_ascension_mode":true,"campfire_choices":[{"data":"Neutralize","floor":7,"key":"SMITH"},{"floor":10,"key":"REST"},{"data":"Choke","floor":12,"key":"SMITH"},{"data":"Dagger Throw","floor":15,"key":"SMITH"}],"neow_cost":"NONE","seed_source_timestamp":747906844806837,"circlet_count":0,"master_deck":["AscendersBane","Defend_G","Defend_G","Defend_G","Defend_G","Defend_G","Strike_G","Strike_G","Strike_G","Strike_G","Survivor","Neutralize+1","Dagger Throw+1","Blur","Dagger Spray","Slice","Die Die Die","Masterful Stab","Well Laid Plans","Choke+1","Dodge and Roll","Acrobatics"],"relics":["Ring of the Snake","Dream Catcher","Smiling Mask","Tiny Chest","Lantern"],"potions_floor_usage":[6,16],"damage_taken":[{"damage":4,"enemies":"Small Slimes","floor":1,"turns":5},{"damage":0,"enemies":"2 Louse","floor":2,"turns":2},{"damage":1,"enemies":"Cultist","floor":4,"turns":4},{"damage":9,"enemies":"Gremlin Nob","floor":6,"turns":4},{"damage":15,"enemies":"3 Sentries","floor":8,"turns":8},{"damage":0,"enemies":"2 Fungi Beasts","floor":11,"turns":3},{"damage":65,"enemies":"Hexaghost","floor":16,"turns":15}],"seed_played":"1566081320533211336","potions_obtained":[{"floor":2,"key":"GhostInAJar"},{"floor":4,"key":"FairyPotion"}],"is_trial":false,"path_per_floor":["M","M","$","M","?","E","R","E","T","R","M","R","?","$","R","B"],"character_chosen":"THE_SILENT","items_purchased":["Dagger Spray","Slice","Lantern","Dexterity Potion"],"campfire_rested":1,"item_purchase_floors":[3,3,14,14],"current_hp_per_floor":[61,61,61,60,60,51,51,36,36,57,57,57,46,46,46,0],"gold":19,"neow_bonus":"TEN_PERCENT_HP_BONUS","is_prod":false,"is_daily":false,"chose_seed":false,"campfire_upgraded":3,"win_rate":0,"timestamp":1542121078,"path_taken":["M","M","$","M","?","E","R","E","T","R","M","R","?","$","R","BOSS"],"build_version":"2018-11-08","purchased_purges":0,"victory":false,"max_hp_per_floor":[72,72,72,72,72,72,72,72,72,72,72,72,72,72,72,72],"card_choices":[{"not_picked":["Blade Dance","Dagger Spray"],"picked":"Dagger Throw","floor":1},{"not_picked":["Deflect","Dodge and Roll"],"picked":"Blur","floor":2},{"not_picked":["Blade Dance","Dagger Throw"],"picked":"Die Die Die","floor":4},{"not_picked":["Calculated Gamble","Acrobatics"],"picked":"Well Laid Plans","floor":6},{"not_picked":["Poisoned Stab","Sucker Punch"],"picked":"Choke","floor":8},{"not_picked":["Flying Knee","Prepared"],"picked":"Dodge and Roll","floor":10},{"not_picked":["Skewer","Deflect"],"picked":"Acrobatics","floor":11}],"player_experience":2253060,"relics_obtained":[{"floor":6,"key":"Dream Catcher"},{"floor":8,"key":"Smiling Mask"},{"floor":9,"key":"Tiny Chest"}],"event_choices":[{"damage_healed":0,"gold_gain":0,"cards_transformed":["Strike_G"],"player_choice":"Change","damage_taken":0,"max_hp_gain":0,"max_hp_loss":0,"event_name":"Living Wall","floor":5,"gold_loss":0,"cards_obtained":["Masterful Stab"]},{"damage_healed":0,"gold_gain":75,"player_choice":"Gather Gold","damage_taken":11,"max_hp_gain":0,"max_hp_loss":0,"event_name":"World of Goop","floor":13,"gold_loss":0}],"is_beta":false,"boss_relics":[],"items_purged_floors":[],"is_endless":false,"potions_floor_spawned":[2,4],"killed_by":"Hexaghost","ascension_level":19}