{"gold_per_floor":[113,113,126,4,4,4,17,33,33,33,33,48,48,65,65,162,162,174,186,200,210,228,228,245,245,245,277,277,292,68,68,68,171,171,182,162,182,201,213,213,90,110,110,110,122,140,140,140],"floor_reached":48,"playtime":2631,"items_purged":["Strike_G"],"score":430,"play_id":"a404280e-58c0-4b01-b3d9-8ef79d37d69f","local_time":"20190417133607","is_ascension_mode":false,"campfire_choices":[{"data":"Noxious Fumes","floor":6,"key":"SMITH"},{"data":"Bane","floor":11,"key":"SMITH"},{"data":"Footwork","floor":13,"key":"SMITH"},{"data":"Poisoned Stab","floor":15,"key":"SMITH"},{"data":"Crippling Poison","floor":23,"key":"SMITH"},{"data":"Footwork","floor":28,"key":"SMITH"},{"floor":32,"key":"REST"},{"floor":40,"key":"REST"},{"floor":44,"key":"REST"}],"neow_cost":"NONE","seed_source_timestamp":668773039802073,"circlet_count":0,"master_deck":["Defend_G","Defend_G","Defend_G","Defend_G","Defend_G","Strike_G","Strike_G","Survivor","Neutralize","PiercingWail","Noxious Fumes+1","PiercingWail","Blur","Bane+1","Footwork+1","Poisoned Stab+1","Calculated Gamble","Deflect","Crippling Poison+1","Bouncing Flask","Footwork+1","Acrobatics+1","Outmaneuver+1","Catalyst","Bandage Up","Night Terror","Dash+1","Poisoned Stab+1","PiercingWail+1","Calculated Gamble+1","Well Laid Plans+1","Parasite"],"relics":["Cursed Key","Red Mask"],"potions_floor_usage":[16,19,33,33,38,38,39,45],"damage_taken":[{"damage":0,"enemies":"Cultist","floor":1,"turns":4},{"damage":5,"enemies":"Jaw Worm","floor":3,"turns":6},{"damage":2,"enemies":"Small Slimes","floor":7,"turns":4},{"damage":3,"enemies":"Red Slaver","floor":8,"turns":6},{"damage":3,"enemies":"Exordium Wildlife","floor":12,"turns":4},{"damage":1,"enemies":"3 Louse","floor":14,"turns":3},{"damage":1,"enemies":"The Guardian","floor":16,"turns":11},{"damage":0,"enemies":"Chosen","floor":18,"turns":5},{"damage":0,"enemies":"3 Byrds","floor":19,"turns":6},{"damage":0,"enemies":"Shelled Parasite and Fungi","floor":20,"turns":6},{"damage":6,"enemies":"Snake Plant","floor":21,"turns":5},{"damage":1,"enemies":"Centurion and Healer","floor":22,"turns":8},{"damage":3,"enemies":"3 Cultists","floor":24,"turns":6},{"damage":4,"enemies":"Masked Bandits","floor":27,"turns":4},{"damage":11,"enemies":"Shelled Parasite and Fungi","floor":29,"turns":7},{"damage":8,"enemies":"Automaton","floor":33,"turns":11},{"damage":11,"enemies":"Orb Walker","floor":35,"turns":4},{"damage":18,"enemies":"3 Darklings","floor":37,"turns":5},{"damage":25,"enemies":"Spire Growth","floor":38,"turns":8},{"damage":36,"enemies":"Sphere and 2 Shapes","floor":39,"turns":7},{"damage":2,"enemies":"Maw","floor":42,"turns":6},{"damage":28,"enemies":"Jaw Worm Horde","floor":45,"turns":7},{"damage":30,"enemies":"Transient","floor":46,"turns":5},{"damage":7,"enemies":"Writhing Mass","floor":48,"turns":2}],"seed_played":"-850229335739183671","potions_obtained":[{"floor":12,"key":"Dexterity Potion"},{"floor":14,"key":"Regen Potion"},{"floor":16,"key":"Weak Potion"},{"floor":18,"key":"EssenceOfSteel"},{"floor":20,"key":"FearPotion"},{"floor":29,"key":"Block Potion"},{"floor":33,"key":"Strength Potion"},{"floor":36,"key":"Regen Potion"},{"floor":38,"key":"Swift Potion"},{"floor":39,"key":"AttackPotion"},{"floor":46,"key":"GamblersBrew"}],"is_trial":false,"path_per_floor":["M","?","M","$","?","R","M","M","T","?","R","M","R","M","R","B",null,"M","M","M","M","M","R","M","?","T","?","R","M","$","?","R","B",null,"M","?","M","M","M","R","$","M","T","R","M","M","?","M"],"character_chosen":"THE_SILENT","items_purchased":["Noxious Fumes","PiercingWail","Catalyst","Well Laid Plans","Bandage Up","Dexterity Potion"],"campfire_rested":3,"item_purchase_floors":[4,4,30,30,30,41],"current_hp_per_floor":[70,70,65,65,58,58,56,53,53,53,53,50,50,49,49,63,70,70,70,70,64,63,63,60,60,60,56,56,45,45,45,66,62,70,59,59,45,39,7,28,28,30,30,51,27,1,1,0],"gold":140,"neow_bonus":"BOSS_RELIC","is_prod":false,"is_daily":false,"chose_seed":false,"campfire_upgraded":6,"win_rate":0,"timestamp":1555522567,"path_taken":["M","?","?","$","?","R","M","M","T","?","R","M","R","?","R","BOSS","M","M","M","M","M","R","M","?","T","?","R","M","$","?","R","BOSS","M","?","M","M","M","R","?","?","T","R","M","M","?","M"],"build_version":"2019-01-23","purchased_purges":1,"victory":false,"max_hp_per_floor":[70,70,70,70,70,70,70,70,70,70,70,70,70,70,70,70,70,70,70,70,70,70,70,70,70,70,70,70,70,70,70,70,70,70,70,70,70,70,70,70,70,70,70,70,70,70,70,70],"card_choices":[{"not_picked":["Sucker Punch","Deflect"],"picked":"PiercingWail","floor":1},{"not_picked":["Storm of Steel","Blade Dance","Distraction"],"picked":"SKIP","floor":3},{"not_picked":["Skewer","Dagger Spray"],"picked":"Blur","floor":7},{"not_picked":["Dagger Spray","Dagger Throw"],"picked":"Bane","floor":8},{"not_picked":["Crippling Poison","Cloak And Dagger"],"picked":"Footwork","floor":12},{"not_picked":["Deflect","Endless Agony"],"picked":"Poisoned Stab","floor":14},{"not_picked":["PiercingWail","Prepared+1"],"picked":"Calculated Gamble","floor":18},{"not_picked":["Bane","Setup"],"picked":"Deflect","floor":19},{"not_picked":["Blade Dance","Dagger Throw","Underhanded Strike"],"picked":"SKIP","floor":20},{"not_picked":["Dash","Calculated Gamble+1"],"picked":"Crippling Poison","floor":21},{"not_picked":["Deadly Poison","All Out Attack"],"picked":"Bouncing Flask","floor":22},{"not_picked":["Bane","Blade Dance","Infinite Blades+1"],"picked":"SKIP","floor":24},{"not_picked":["Deadly Poison","Quick Slash"],"picked":"Acrobatics+1","floor":27},{"not_picked":["Infinite Blades","Slice+1"],"picked":"Outmaneuver+1","floor":29},{"not_picked":["Burst","Die Die Die"],"picked":"Night Terror","floor":33},{"not_picked":["Poisoned Stab","Reflex"],"picked":"Dash+1","floor":35},{"not_picked":["Acrobatics","Dash"],"picked":"Poisoned Stab+1","floor":37},{"not_picked":["Prepared","Blade Dance+1"],"picked":"PiercingWail+1","floor":38},{"not_picked":["Blade Dance","Masterful Stab+1","Slice+1"],"picked":"SKIP","floor":39},{"not_picked":["Dodge and Roll","Infinite Blades","Calculated Gamble"],"picked":"SKIP","floor":42},{"not_picked":["Concentrate+1","Acrobatics+1"],"picked":"Calculated Gamble+1","floor":45},{"not_picked":["Dagger Throw+1","Eviscerate"],"picked":"Well Laid Plans+1","floor":46}],"player_experience":3382040,"relics_obtained":[{"floor":27,"key":"Red Mask"}],"event_choices":[{"cards_removed":["Strike_G"],"damage_healed":0,"gold_gain":0,"player_choice":"Offered Basic","damage_taken":0,"max_hp_gain":0,"max_hp_loss":0,"event_name":"Bonfire Elementals","floor":2,"gold_loss":0},{"cards_removed":["Strike_G"],"damage_healed":0,"gold_gain":0,"player_choice":"Card Removal","damage_taken":7,"max_hp_gain":0,"max_hp_loss":0,"event_name":"Golden Wing","floor":5,"gold_loss":0},{"damage_healed":0,"gold_gain":0,"player_choice":"Ignored","damage_taken":0,"max_hp_gain":0,"max_hp_loss":0,"event_name":"NoteForYourself","floor":10,"gold_loss":0},{"damage_healed":0,"gold_gain":0,"player_choice":"Read","damage_taken":0,"max_hp_gain":0,"max_hp_loss":0,"event_name":"The Library","floor":25,"gold_loss":0,"cards_obtained":["Footwork"]},{"damage_healed":0,"gold_gain":0,"player_choice":"Fought Bandits","damage_taken":0,"max_hp_gain":0,"max_hp_loss":0,"event_name":"Masked Bandits","floor":27,"gold_loss":0},{"damage_healed":0,"gold_gain":0,"player_choice":"Ignored","damage_taken":0,"max_hp_gain":0,"max_hp_loss":0,"event_name":"Beggar","floor":31,"gold_loss":0},{"damage_healed":0,"gold_gain":0,"player_choice":"Bought 1 Potion","damage_taken":0,"max_hp_gain":0,"max_hp_loss":0,"event_name":"The Woman in Blue","floor":36,"gold_loss":0},{"cards_removed":["Well Laid Plans"],"damage_healed":0,"gold_gain":0,"player_choice":"Removed Power","damage_taken":0,"max_hp_gain":0,"max_hp_loss":0,"event_name":"Falling","floor":47,"gold_loss":0}],"is_beta":false,"boss_relics":[{"not_picked":["Tiny House","Black Star","Runic Dome"]},{"not_picked":["Tiny House","Black Star","Runic Dome"]}],"items_purged_floors":[41],"is_endless":false,"potions_floor_spawned":[12,14,16,18,20,27,29,33,38,39,46],"killed_by":"Writhing Mass","ascension_level":0}