{"path_per_floor":["M","M","?","?","M","R","M","$","T","R","E","?","R","M","R","B",null,"M","?","M"],"character_chosen":"THE_SILENT","items_purchased":["Regal Pillow"],"gold_per_floor":[110,124,124,124,142,142,152,7,7,7,39,39,39,52,52,154,154,124,39,59],"floor_reached":21,"campfire_rested":1,"playtime":2195,"current_hp_per_floor":[61,57,50,36,36,57,55,55,55,55,48,48,48,47,47,47,64,56,56,34],"items_purged":[],"gold":59,"play_id":"ee49bd9c-e84a-46ff-99cd-541d2a812c24","is_prod":false,"is_daily":false,"is_ascension_mode":true,"campfire_upgraded":3,"path_taken":["M","M","?","?","?","R","M","?","T","R","E","?","R","M","R","BOSS","M","?","M","?"],"build_version":"2018-02-01-PROD3","purchased_purges":0,"victory":false,"master_deck":["Defend_G","Defend_G","Defend_G+1","Defend_G","Defend_G+1","Strike_G","Strike_G","Strike_G","Survivor+1","Neutralize+1","Poisoned Stab+1","After Image","Backflip+1","Night Terror","PiercingWail+1","Dash"],"max_hp_per_floor":[70,70,70,70,70,70,70,70,70,70,70,70,70,70,70,70,70,70,70,70],"relics":["Ring of the Snake","Regal Pillow","Bird Faced Urn","Anchor","Eternal Feather","Ninja Scroll"],"card_choices":[{"not_picked":["Cloak And Dagger","Deflect"],"picked":"Poisoned Stab"},{"not_picked":["PiercingWail","Poisoned Stab"],"picked":"After Image"},{"not_picked":["Calculated Gamble","Deflect"],"picked":"Backflip"},{"not_picked":["Die Die Die","Phantasmal Killer"],"picked":"Night Terror"},{"not_picked":["Prepared","Bane"],"picked":"PiercingWail"},{"not_picked":["Blade Dance","Deadly Poison"],"picked":"Dash"}],"player_experience":563367,"potions_floor_usage":[11,21,21],"damage_taken":[{"damage":2,"enemies":"2 Louse","floor":1,"turns":3},{"damage":4,"enemies":"Blue Slaver","floor":2,"turns":4},{"damage":0,"enemies":"Cultist","floor":5,"turns":3},{"damage":2,"enemies":"Red Slaver","floor":7,"turns":6},{"damage":9,"enemies":"3 Sentries","floor":11,"turns":7},{"damage":3,"enemies":"3 Louse","floor":14,"turns":4},{"damage":2,"enemies":"The Guardian","floor":16,"turns":15},{"damage":10,"enemies":"2 Thieves","floor":18,"turns":5},{"damage":24,"enemies":"Spheric Guardian","floor":20,"turns":9},{"damage":38,"enemies":"3 Cultists","floor":21,"turns":7}],"event_choices":[{"event_name":"Golden Wing","player_choice":"Card Removal","floor":3,"damage_taken":0},{"event_name":"Shining Light","player_choice":"Entered Light","floor":4,"damage_taken":0},{"event_name":"Bonfire Elementals","player_choice":"BASIC","floor":12,"damage_taken":0},{"event_name":"Addict","player_choice":"Obtained Relic","floor":19,"damage_taken":0}],"boss_relics":[{"not_picked":["Runic Dome","Velvet Choker"],"picked":"Eternal Feather"}],"potions_floor_spawned":[5,11,16],"seed_played":"-6551120485616039647","killed_by":"3 Cultists","ascension_level":6,"is_trial":false}