{"gold_per_floor":[119,119,131,131,52,52,78,93,93,103,103,121,121,147,147,221,221,241,61,72,85,97,97,97,97,97,116,116,131,166,23,23,97,97,115,115,133,150,150,212,228,228,252,252,42,42,42,62,62,62,62],"floor_reached":51,"playtime":3296,"items_purged":["Strike_R","Strike_R+1"],"score":1424,"play_id":"c8380ea7-ef9f-450c-b90a-bee2705c033b","local_time":"20190502163053","is_ascension_mode":true,"campfire_choices":[{"data":"Demon Form","floor":6,"key":"SMITH"},{"floor":13,"key":"REST"},{"floor":15,"key":"REST"},{"data":"Bash","floor":23,"key":"SMITH"},{"data":"Feed","floor":25,"key":"SMITH"},{"data":"Battle Trance","floor":28,"key":"SMITH"},{"data":"Burning Pact","floor":32,"key":"SMITH"},{"floor":42,"key":"REST"},{"floor":44,"key":"REST"},{"data":"True Grit","floor":46,"key":"SMITH"},{"floor":49,"key":"REST"}],"neow_cost":"NONE","seed_source_timestamp":1974595564893529,"circlet_count":0,"master_deck":["AscendersBane","Strike_R+1","Strike_R+1","Defend_R+1","Defend_R+1","Defend_R+1","Defend_R+1","Bash+1","Shrug It Off+1","Demon Form+1","Heavy Blade+1","Burning Pact+1","Battle Trance+1","Cleave","Rampage","Sword Boomerang","Feed+1","Panacea","Pummel","Feel No Pain","Dark Shackles","Dark Embrace","Bandage Up","True Grit+1"],"relics":["Burning Blood","NeowsBlessing","Kunai","Bottled Tornado","Red Skull","Snecko Eye","Paper Frog","Red Mask","Busted Crown","Tiny Chest","Juzu Bracelet"],"potions_floor_usage":[10,16,20,33,33,35,40,48,51,51],"damage_taken":[{"damage":0,"enemies":"Small Slimes","floor":1,"turns":1},{"damage":0,"enemies":"2 Louse","floor":3,"turns":1},{"damage":0,"enemies":"Gremlin Nob","floor":7,"turns":1},{"damage":2,"enemies":"Jaw Worm","floor":8,"turns":5},{"damage":44,"enemies":"Gremlin Gang","floor":10,"turns":5},{"damage":6,"enemies":"3 Louse","floor":12,"turns":5},{"damage":40,"enemies":"3 Sentries","floor":14,"turns":7},{"damage":15,"enemies":"Slime Boss","floor":16,"turns":5},{"damage":20,"enemies":"Spheric Guardian","floor":18,"turns":5},{"damage":26,"enemies":"2 Thieves","floor":20,"turns":4},{"damage":11,"enemies":"Cultist and Chosen","floor":21,"turns":5},{"damage":0,"enemies":"Sentry and Sphere","floor":22,"turns":3},{"damage":0,"enemies":"Snecko","floor":27,"turns":4},{"damage":2,"enemies":"3 Cultists","floor":29,"turns":4},{"damage":26,"enemies":"Masked Bandits","floor":30,"turns":3},{"damage":32,"enemies":"Collector","floor":33,"turns":6},{"damage":47,"enemies":"3 Darklings","floor":35,"turns":7},{"damage":0,"enemies":"3 Shapes","floor":37,"turns":3},{"damage":4,"enemies":"3 Darklings","floor":38,"turns":4},{"damage":40,"enemies":"Nemesis","floor":40,"turns":5},{"damage":0,"enemies":"Sphere and 2 Shapes","floor":41,"turns":3},{"damage":35,"enemies":"Jaw Worm Horde","floor":48,"turns":5},{"damage":69,"enemies":"Time Eater","floor":50,"turns":7},{"damage":60,"enemies":"Donu and Deca","floor":51,"turns":3}],"seed_played":"2144697545074884291","potions_obtained":[{"floor":3,"key":"Weak Potion"},{"floor":14,"key":"Block Potion"},{"floor":18,"key":"BloodPotion"},{"floor":27,"key":"Strength Potion"},{"floor":30,"key":"Energy Potion"},{"floor":33,"key":"Weak Potion"},{"floor":37,"key":"FearPotion"},{"floor":41,"key":"Dexterity Potion"},{"floor":48,"key":"SteroidPotion"}],"is_trial":false,"path_per_floor":["M","?","M","?","$","R","E","M","T","M","?","M","R","E","R","B",null,"M","$","M","M","M","R","?","R","T","M","R","M","?","$","R","B",null,"M","?","M","M","?","E","M","R","T","R","$","R","?","M","R","B","B"],"character_chosen":"IRONCLAD","items_purchased":["Burning Pact","Panacea","Feel No Pain","Dark Shackles","True Grit","Energy Potion"],"campfire_rested":5,"item_purchase_floors":[5,19,31,31,45,45],"current_hp_per_floor":[74,74,75,52,52,52,58,62,62,24,24,24,46,12,34,25,63,52,52,42,40,49,49,49,49,49,59,59,67,51,51,51,25,81,40,40,50,56,46,16,30,63,63,96,96,96,96,71,105,42,0],"gold":62,"neow_bonus":"THREE_ENEMY_KILL","is_prod":false,"is_daily":false,"chose_seed":false,"campfire_upgraded":6,"win_rate":0,"timestamp":1556829053,"path_taken":["M","?","M","?","?","R","E","?","T","M","?","M","R","E","R","BOSS","M","$","?","M","M","R","?","R","T","M","R","M","?","?","R","BOSS","M","?","?","M","?","E","M","R","T","R","?","R","?","M","R","BOSS","BOSS"],"build_version":"2019-01-23","purchased_purges":2,"victory":false,"max_hp_per_floor":[75,75,75,75,75,75,75,75,75,75,75,75,75,75,75,75,75,78,78,81,84,87,87,87,87,87,91,91,95,99,99,99,99,99,99,99,103,107,107,107,111,111,111,111,111,111,111,115,115,115,115],"card_choices":[{"not_picked":["Second Wind","Headbutt"],"picked":"Shrug It Off","floor":1},{"not_picked":["Dual Wield","Wild Strike"],"picked":"Heavy Blade","floor":3},{"not_picked":["Headbutt","Armaments"],"picked":"Battle Trance","floor":7},{"not_picked":["Body Slam","Blood for Blood"],"picked":"Cleave","floor":8},{"not_picked":["Armaments","Fire Breathing","Headbutt"],"picked":"SKIP","floor":10},{"not_picked":["Headbutt","Double Tap"],"picked":"Rampage","floor":12},{"not_picked":["Combust","Rupture"],"picked":"Sword Boomerang","floor":14},{"not_picked":["Impervious","Fiend Fire"],"picked":"Feed","floor":16},{"not_picked":["Sword Boomerang+1","Armaments","Combust"],"picked":"SKIP","floor":18},{"not_picked":["Thunderclap","Armaments","Battle Trance"],"picked":"SKIP","floor":20},{"not_picked":["Clash","Seeing Red","Sword Boomerang"],"picked":"SKIP","floor":21},{"not_picked":["Flex","True Grit","Warcry"],"picked":"SKIP","floor":22},{"not_picked":["Warcry","Sword Boomerang","Perfected Strike"],"picked":"SKIP","floor":27},{"not_picked":["Warcry","Sword Boomerang","Perfected Strike"],"picked":"SKIP","floor":27},{"not_picked":["Armaments","Cleave+1"],"picked":"Pummel","floor":29},{"not_picked":["Immolate","Bludgeon"],"picked":"Dark Embrace","floor":33},{"not_picked":["Rampage"],"picked":"SKIP","floor":35},{"not_picked":["Flex"],"picked":"SKIP","floor":37},{"not_picked":["Iron Wave"],"picked":"SKIP","floor":38},{"not_picked":[],"picked":"Bandage Up","floor":39},{"not_picked":["Entrench"],"picked":"SKIP","floor":40},{"not_picked":["Wild Strike"],"picked":"SKIP","floor":41},{"not_picked":["Body Slam"],"picked":"SKIP","floor":48}],"player_experience":3559921,"relics_obtained":[{"floor":7,"key":"Kunai"},{"floor":9,"key":"Bottled Tornado"},{"floor":14,"key":"Red Skull"},{"floor":26,"key":"Paper Frog"},{"floor":30,"key":"Red Mask"},{"floor":40,"key":"Tiny Chest"},{"floor":43,"key":"Juzu Bracelet"}],"event_choices":[{"damage_healed":0,"gold_gain":0,"cards_transformed":["Strike_R"],"player_choice":"Change","damage_taken":0,"max_hp_gain":0,"max_hp_loss":0,"event_name":"Living Wall","floor":2,"gold_loss":0,"cards_obtained":["Demon Form"]},{"damage_healed":0,"gold_gain":0,"player_choice":"Entered Light","damage_taken":23,"max_hp_gain":0,"max_hp_loss":0,"event_name":"Shining Light","floor":4,"gold_loss":0,"cards_upgraded":["Shrug It Off","Heavy Blade"]},{"damage_healed":0,"gold_gain":0,"player_choice":"0 cards matched","damage_taken":0,"max_hp_gain":0,"max_hp_loss":0,"event_name":"Match and Keep!","floor":11,"gold_loss":0,"cards_obtained":[]},{"damage_healed":0,"gold_gain":0,"player_choice":"Simplicity","damage_taken":0,"max_hp_gain":0,"max_hp_loss":0,"event_name":"Back to Basics","floor":24,"gold_loss":0,"cards_upgraded":["Strike_R","Strike_R","Strike_R","Defend_R","Defend_R","Defend_R","Defend_R"]},{"damage_healed":0,"gold_gain":0,"player_choice":"Fought Bandits","damage_taken":0,"max_hp_gain":0,"max_hp_loss":0,"event_name":"Masked Bandits","floor":30,"gold_loss":0},{"damage_healed":0,"gold_gain":0,"player_choice":"Ignored","damage_taken":0,"max_hp_gain":0,"max_hp_loss":0,"event_name":"SecretPortal","floor":36,"gold_loss":0},{"damage_healed":0,"gold_gain":0,"player_choice":"Memory 3","damage_taken":10,"max_hp_gain":0,"max_hp_loss":0,"event_name":"SensoryStone","floor":39,"gold_loss":0},{"damage_healed":0,"gold_gain":0,"player_choice":"0 cards matched","damage_taken":0,"max_hp_gain":0,"max_hp_loss":0,"event_name":"Match and Keep!","floor":47,"gold_loss":0,"cards_obtained":[]}],"is_beta":false,"boss_relics":[{"not_picked":["Astrolabe","Philosopher\u0027s Stone"],"picked":"Snecko Eye"},{"not_picked":["Coffee Dripper","Fusion Hammer"],"picked":"Busted Crown"}],"items_purged_floors":[19,45],"is_endless":false,"potions_floor_spawned":[3,14,18,27,30,33,37,41,48],"killed_by":"Donu and Deca","ascension_level":20}