{"gold_per_floor":[118,45,120,70,86,114,114,129,153,172,21,40,40,40,40,135,135,151,151,11,29,29,29,29,29,52,52],"floor_reached":27,"playtime":1415,"items_purged":["Strike_B","Strike_B"],"score":240,"play_id":"fe168b1d-514e-4ba9-a012-b065f5e95be1","local_time":"20181128145044","is_ascension_mode":true,"campfire_choices":[{"floor":15,"key":"REST"},{"floor":23,"key":"REST"}],"neow_cost":"NONE","seed_source_timestamp":1267947599650717,"circlet_count":0,"master_deck":["Strike_B+1","Defend_B+1","Defend_B+1","Defend_B+1","Defend_B+1","Zap","Dualcast","Reboot","Doom and Gloom","Static Discharge","BootSequence","White Noise","Capacitor","Buffer","Auto Shields","Capacitor","Blizzard+1"],"relics":["FrozenCore","Potion Belt","Singing Bowl","Nloth\u0027s Gift","Anchor"],"potions_floor_usage":[6,16,16,24],"damage_taken":[{"damage":0,"enemies":"Small Slimes","floor":1,"turns":2},{"damage":7,"enemies":"Jaw Worm","floor":5,"turns":3},{"damage":26,"enemies":"3 Sentries","floor":6,"turns":4},{"damage":1,"enemies":"Cultist","floor":8,"turns":3},{"damage":1,"enemies":"Looter","floor":10,"turns":3},{"damage":22,"enemies":"Large Slime","floor":12,"turns":6},{"damage":13,"enemies":"Hexaghost","floor":16,"turns":10},{"damage":17,"enemies":"3 Byrds","floor":18,"turns":2},{"damage":23,"enemies":"2 Thieves","floor":21,"turns":5},{"damage":36,"enemies":"Colosseum Slavers","floor":24,"turns":8},{"damage":26,"enemies":"Cultist and Chosen","floor":27,"turns":5}],"seed_played":"7672552528045652412","potions_obtained":[{"floor":1,"key":"PowerPotion"},{"floor":12,"key":"Block Potion"},{"floor":21,"key":"AttackPotion"}],"is_trial":false,"path_per_floor":["M","$","?","?","M","E","?","M","T","M","$","M","?","?","R","B",null,"M","?","$","M","$","R","?","?","T","M"],"character_chosen":"DEFECT","items_purchased":["Static Discharge","FocusPotion","Capacitor"],"campfire_rested":2,"item_purchase_floors":[2,11,20],"current_hp_per_floor":[75,75,75,75,68,42,24,25,25,24,24,2,2,2,25,12,77,60,60,60,37,37,60,24,24,24,0],"gold":52,"neow_bonus":"ONE_RANDOM_RARE_CARD","is_prod":false,"is_daily":false,"chose_seed":false,"campfire_upgraded":0,"win_rate":0,"timestamp":1543434644,"path_taken":["M","$","?","?","M","E","?","M","T","M","$","M","?","?","R","BOSS","M","?","$","M","?","R","?","?","T","M"],"build_version":"2018-11-15","purchased_purges":2,"victory":false,"max_hp_per_floor":[75,75,75,75,75,75,75,77,77,77,77,77,77,77,77,77,77,77,77,77,77,77,77,77,77,77,77],"card_choices":[{"not_picked":["Glacier","Rebound"],"picked":"Doom and Gloom","floor":1},{"not_picked":["Steam","Reprogram","Beam Cell"],"picked":"SKIP","floor":5},{"not_picked":["Steam Power","Sweeping Beam"],"picked":"BootSequence","floor":6},{"not_picked":["Tempest","BootSequence","Doom and Gloom"],"picked":"Singing Bowl","floor":8},{"not_picked":["Streamline","Compile Driver"],"picked":"White Noise","floor":10},{"not_picked":["Coolheaded","Rebound"],"picked":"Capacitor","floor":12},{"not_picked":["Meteor Strike","Core Surge"],"picked":"Buffer","floor":16},{"not_picked":["Rebound+1","Streamline"],"picked":"Auto Shields","floor":18},{"not_picked":["Glacier","BootSequence"],"picked":"Blizzard+1","floor":21}],"player_experience":2551602,"relics_obtained":[{"floor":6,"key":"Potion Belt"},{"floor":9,"key":"Juzu Bracelet"},{"floor":26,"key":"Anchor"}],"event_choices":[{"damage_healed":0,"gold_gain":75,"player_choice":"Gained Gold","damage_taken":0,"max_hp_gain":0,"max_hp_loss":0,"event_name":"Golden Wing","floor":3,"gold_loss":0},{"cards_removed":["Strike_B"],"damage_healed":0,"gold_gain":0,"player_choice":"Card Removal","damage_taken":0,"max_hp_gain":0,"max_hp_loss":0,"event_name":"The Cleric","floor":4,"gold_loss":50},{"damage_healed":0,"gold_gain":0,"player_choice":"Success","damage_taken":18,"relics_obtained":["Singing Bowl"],"max_hp_gain":0,"max_hp_loss":0,"event_name":"Scrap Ooze","floor":7,"gold_loss":0},{"damage_healed":0,"gold_gain":0,"player_choice":"Ignored","damage_taken":0,"max_hp_gain":0,"max_hp_loss":0,"event_name":"Shining Light","floor":13,"gold_loss":0},{"damage_healed":0,"gold_gain":0,"player_choice":"Searched \u00270\u0027 times","damage_taken":0,"max_hp_gain":0,"max_hp_loss":0,"event_name":"Dead Adventurer","floor":14,"gold_loss":0},{"damage_healed":0,"gold_gain":0,"player_choice":"Traded Relic","damage_taken":0,"relics_obtained":["Nloth\u0027s Gift"],"max_hp_gain":0,"max_hp_loss":0,"event_name":"N\u0027loth","floor":19,"relics_lost":["Juzu Bracelet"],"gold_loss":0},{"damage_healed":0,"gold_gain":0,"player_choice":"Fight","damage_taken":0,"max_hp_gain":0,"max_hp_loss":0,"event_name":"Colosseum","floor":24,"gold_loss":0},{"damage_healed":0,"gold_gain":0,"player_choice":"Fled From Nobs","damage_taken":0,"max_hp_gain":0,"max_hp_loss":0,"event_name":"Colosseum","floor":24,"gold_loss":0},{"damage_healed":0,"gold_gain":0,"player_choice":"Simplicity","damage_taken":0,"max_hp_gain":0,"max_hp_loss":0,"event_name":"Back to Basics","floor":25,"gold_loss":0,"cards_upgraded":["Strike_B","Defend_B","Defend_B","Defend_B","Defend_B"]}],"is_beta":false,"boss_relics":[{"not_picked":["Cursed Key","Philosopher\u0027s Stone"],"picked":"FrozenCore"}],"items_purged_floors":[11,20],"is_endless":false,"potions_floor_spawned":[1,12,21],"killed_by":"Cultist and Chosen","ascension_level":3}