{"gold_per_floor":[17,17,17,27,37,72,72,86,86,98,125,125,50,79,79,176,176,196,226,241,259,274,305,305,330,330,343,343,343,117,131,131,226,226,238,0,0,14,14,14,43,55,119,163,187,216,261,273,285,297],"floor_reached":50,"playtime":3104,"items_purged":["Regret"],"score":881,"play_id":"13e68a15-2cb5-4a6d-906e-9aee9001ca55","local_time":"20190721101147","is_ascension_mode":true,"campfire_choices":[{"floor":15,"key":"REST"},{"floor":24,"key":"REST"},{"floor":28,"key":"RECALL"},{"floor":32,"key":"REST"},{"floor":40,"key":"REST"},{"floor":42,"key":"REST"},{"floor":49,"key":"REST"}],"neow_cost":"NO_GOLD","seed_source_timestamp":305174081457,"circlet_count":0,"master_deck":["Strike_R","Strike_R","Strike_R","Strike_R","Strike_R","Defend_R","Defend_R","Defend_R","Bash","Thunderclap","Uppercut+1","Perfected Strike","Pommel Strike","Offering","Clothesline","Inflame","Shrug It Off","Armaments+1","Burning Pact","J.A.X.","Spot Weakness","Flame Barrier+1","Armaments+1","Havoc+1","Infernal Blade","Warcry+1","Shrug It Off+1"],"relics":["Burning Blood","Blood Vial","Thread and Needle","Gremlin Horn","Paper Frog","Darkstone Periapt","Fusion Hammer","Tiny Chest","Gambling Chip","Red Skull","Bottled Flame","Lantern","Sozu","Red Mask","Matryoshka","MawBank","Smiling Mask","Vajra","Shuriken","Juzu Bracelet","Bottled Tornado"],"potions_floor_usage":[16,16,23,33,41,50],"damage_taken":[{"damage":0,"enemies":"Small Slimes","floor":1,"turns":3},{"damage":5,"enemies":"2 Louse","floor":4,"turns":3},{"damage":14,"enemies":"Jaw Worm","floor":5,"turns":4},{"damage":53,"enemies":"3 Sentries","floor":6,"turns":8},{"damage":10,"enemies":"Blue Slaver","floor":8,"turns":3},{"damage":3,"enemies":"Gremlin Gang","floor":10,"turns":3},{"damage":17,"enemies":"Gremlin Nob","floor":11,"turns":3},{"damage":19,"enemies":"Lagavulin","floor":14,"turns":5},{"damage":32,"enemies":"Hexaghost","floor":16,"turns":6},{"damage":12,"enemies":"Shell Parasite","floor":18,"turns":3},{"damage":10,"enemies":"3 Byrds","floor":20,"turns":4},{"damage":10,"enemies":"Snake Plant","floor":21,"turns":3},{"damage":6,"enemies":"Shelled Parasite and Fungi","floor":22,"turns":2},{"damage":22,"enemies":"Slavers","floor":23,"turns":3},{"damage":29,"enemies":"Book of Stabbing","floor":25,"turns":4},{"damage":13,"enemies":"Centurion and Healer","floor":27,"turns":5},{"damage":9,"enemies":"Snake Plant","floor":31,"turns":2},{"damage":55,"enemies":"Collector","floor":33,"turns":7},{"damage":0,"enemies":"Orb Walker","floor":35,"turns":3},{"damage":0,"enemies":"3 Shapes","floor":38,"turns":5},{"damage":44,"enemies":"Nemesis","floor":41,"turns":7},{"damage":33,"enemies":"Giant Head","floor":44,"turns":6},{"damage":9,"enemies":"3 Darklings","floor":45,"turns":3},{"damage":23,"enemies":"Spire Growth","floor":46,"turns":4},{"damage":27,"enemies":"Reptomancer","floor":47,"turns":4},{"damage":63,"enemies":"Awakened One","floor":50,"turns":10}],"seed_played":"6768672678560165983","potions_obtained":[{"floor":5,"key":"Strength Potion"},{"floor":11,"key":"SmokeBomb"},{"floor":14,"key":"Poison Potion"},{"floor":16,"key":"GamblersBrew"},{"floor":18,"key":"SteroidPotion"},{"floor":25,"key":"Strength Potion"},{"floor":27,"key":"SteroidPotion"}],"is_trial":false,"path_per_floor":["M","?","?","M","M","E","?","M","T","M","E","$","$","E","R","B",null,"M","?","M","M","M","E","R","E","T","M","R","?","$","M","R","B",null,"M","?","T","M","$","R","E","R","T","E","M","M","E","T","R","B"],"character_chosen":"IRONCLAD","items_purchased":["Lantern","Spot Weakness"],"campfire_rested":6,"item_purchase_floors":[30,30],"current_hp_per_floor":[94,94,94,96,88,43,43,41,41,46,37,37,37,26,54,30,80,76,76,74,72,74,60,88,67,67,62,62,62,62,61,89,42,83,91,91,91,96,96,96,58,86,86,61,60,45,26,26,54,0],"gold":297,"neow_bonus":"TWENTY_PERCENT_HP_BONUS","is_prod":false,"is_daily":false,"chose_seed":false,"campfire_upgraded":0,"win_rate":0,"timestamp":1563696707,"path_taken":["M","?","?","M","?","E","?","?","T","M","E","?","$","E","R","BOSS","M","?","M","M","M","E","R","E","T","?","R","?","$","M","R","BOSS","M","?","?","M","?","R","E","R","T","E","M","M","E","?","R","BOSS"],"build_version":"2019-07-17","purchased_purges":1,"victory":false,"max_hp_per_floor":[96,96,96,96,96,96,96,96,96,96,96,96,96,96,96,96,96,96,96,96,96,96,96,96,96,96,96,96,96,96,96,96,96,96,96,96,96,96,96,96,96,96,96,96,96,96,96,96,96,96],"card_choices":[{"not_picked":["Anger","Twin Strike","Clash"],"picked":"SKIP","floor":1},{"not_picked":["Metallicize","Power Through"],"picked":"Uppercut","floor":4},{"not_picked":["Twin Strike","Flex"],"picked":"Perfected Strike","floor":5},{"not_picked":["Intimidate","Shockwave"],"picked":"Pommel Strike","floor":6},{"not_picked":["Hemokinesis","Twin Strike"],"picked":"Offering","floor":8},{"not_picked":["Hemokinesis","Anger","Power Through"],"picked":"SKIP","floor":10},{"not_picked":["Berserk","Body Slam"],"picked":"Clothesline","floor":11},{"not_picked":["Sever Soul","Pummel"],"picked":"Inflame","floor":14},{"not_picked":["Iron Wave","Power Through"],"picked":"Shrug It Off","floor":18},{"not_picked":["Searing Blow","Pommel Strike","Headbutt"],"picked":"SKIP","floor":20},{"not_picked":["Pommel Strike","Fire Breathing+1","Wild Strike"],"picked":"SKIP","floor":21},{"not_picked":["Heavy Blade","Uppercut","Fire Breathing"],"picked":"SKIP","floor":22},{"not_picked":["Anger","Fire Breathing","Clothesline"],"picked":"SKIP","floor":23},{"not_picked":["Brutality","Immolate"],"picked":"Armaments+1","floor":25},{"not_picked":["Fire Breathing+1","Cleave"],"picked":"Burning Pact","floor":27},{"not_picked":["Burning Pact+1","Iron Wave+1"],"picked":"Flame Barrier+1","floor":31},{"not_picked":["Cleave","Anger+1"],"picked":"Armaments+1","floor":35},{"not_picked":["Perfected Strike+1","Power Through+1"],"picked":"Havoc+1","floor":38},{"not_picked":["Barricade","Disarm"],"picked":"Infernal Blade","floor":41},{"not_picked":["Sword Boomerang","Perfected Strike+1"],"picked":"Warcry+1","floor":44},{"not_picked":["Feel No Pain","Sword Boomerang"],"picked":"Shrug It Off+1","floor":45},{"not_picked":["Hemokinesis+1","Carnage+1","Burning Pact+1"],"picked":"SKIP","floor":46},{"not_picked":["Bloodletting","Power Through","Clash+1"],"picked":"SKIP","floor":47}],"player_experience":197496,"relics_obtained":[{"floor":6,"key":"Thread and Needle"},{"floor":9,"key":"Gremlin Horn"},{"floor":11,"key":"Paper Frog"},{"floor":14,"key":"Darkstone Periapt"},{"floor":19,"key":"Tiny Chest"},{"floor":23,"key":"Gambling Chip"},{"floor":25,"key":"Red Skull"},{"floor":26,"key":"Bottled Flame"},{"floor":37,"key":"Matryoshka"},{"floor":41,"key":"MawBank"},{"floor":43,"key":"Smiling Mask"},{"floor":44,"key":"Vajra"},{"floor":47,"key":"Shuriken"},{"floor":48,"key":"Juzu Bracelet"},{"floor":48,"key":"Bottled Tornado"}],"event_choices":[{"damage_healed":0,"gold_gain":0,"cards_transformed":["Defend_R"],"player_choice":"Change","damage_taken":0,"max_hp_gain":0,"max_hp_loss":0,"event_name":"Living Wall","floor":2,"gold_loss":0,"cards_obtained":["Thunderclap"]},{"damage_healed":0,"gold_gain":0,"player_choice":"Box","damage_taken":0,"relics_obtained":["Blood Vial"],"max_hp_gain":0,"max_hp_loss":0,"event_name":"Big Fish","floor":3,"gold_loss":0,"cards_obtained":["Regret"]},{"damage_healed":0,"gold_gain":0,"player_choice":"Forge","damage_taken":0,"max_hp_gain":0,"max_hp_loss":0,"event_name":"Accursed Blacksmith","floor":7,"gold_loss":0,"cards_upgraded":["Uppercut"]},{"damage_healed":0,"gold_gain":0,"player_choice":"Relic","damage_taken":0,"max_hp_gain":0,"max_hp_loss":0,"event_name":"Wheel of Change","floor":19,"gold_loss":0},{"damage_healed":0,"gold_gain":0,"player_choice":"Obtain J.A.X.","damage_taken":0,"max_hp_gain":0,"max_hp_loss":0,"event_name":"Drug Dealer","floor":29,"gold_loss":0,"cards_obtained":["J.A.X."]},{"damage_healed":0,"gold_gain":0,"player_choice":"Paid","damage_taken":0,"relics_obtained":["Red Mask"],"max_hp_gain":0,"max_hp_loss":0,"event_name":"Tomb of Lord Red Mask","floor":36,"gold_loss":238}],"is_beta":false,"boss_relics":[{"not_picked":["Coffee Dripper","Runic Cube"],"picked":"Fusion Hammer"},{"not_picked":["Runic Dome","Busted Crown"],"picked":"Sozu"}],"items_purged_floors":[13],"is_endless":false,"potions_floor_spawned":[5,11,14,16,18,22,25,27,31,35,41,45],"killed_by":"Awakened One","ascension_level":9}