{"gold_per_floor":[111,111,121,2,16,16,16,32,32,57,57,85,85,103,103,103],"floor_reached":16,"playtime":840,"items_purged":[],"score":138,"play_id":"ec29a325-a7b9-4f38-bf1b-3f921fcaa35d","local_time":"20181201184244","is_ascension_mode":true,"campfire_choices":[{"data":"True Grit","floor":6,"key":"SMITH"},{"floor":11,"key":"REST"},{"data":"Feel No Pain","floor":13,"key":"SMITH"},{"data":"Bash","floor":15,"key":"SMITH"}],"neow_cost":"NONE","seed_source_timestamp":1541645524405062,"circlet_count":0,"master_deck":["Strike_R","Strike_R","Strike_R","Strike_R","Defend_R","Defend_R","Defend_R","Defend_R","Bash+1","Flex","Havoc","Feed","True Grit+1","Intimidate","Shrug It Off","Feel No Pain+1","Sword Boomerang+1","Power Through"],"relics":["Burning Blood","NeowsBlessing","Vajra","Matryoshka","Molten Egg 2"],"potions_floor_usage":[8,10,16],"damage_taken":[{"damage":0,"enemies":"Jaw Worm","floor":1,"turns":1},{"damage":0,"enemies":"Cultist","floor":3,"turns":1},{"damage":0,"enemies":"2 Louse","floor":5,"turns":2},{"damage":12,"enemies":"Large Slime","floor":8,"turns":7},{"damage":40,"enemies":"Gremlin Nob","floor":10,"turns":5},{"damage":35,"enemies":"3 Sentries","floor":12,"turns":17},{"damage":11,"enemies":"Exordium Thugs","floor":14,"turns":5},{"damage":48,"enemies":"The Guardian","floor":16,"turns":15}],"seed_played":"-546184381568638794","potions_obtained":[{"floor":5,"key":"Poison Potion"},{"floor":8,"key":"GamblersBrew"},{"floor":14,"key":"AttackPotion"}],"is_trial":false,"path_per_floor":["M","?","M","$","M","R","$","M","T","E","R","E","R","M","R","B"],"character_chosen":"IRONCLAD","items_purchased":["Feed","True Grit"],"campfire_rested":1,"item_purchase_floors":[4,4],"current_hp_per_floor":[80,80,80,80,83,83,83,80,80,46,71,42,42,40,40,0],"gold":103,"neow_bonus":"THREE_ENEMY_KILL","is_prod":false,"is_daily":false,"chose_seed":false,"campfire_upgraded":3,"win_rate":0,"timestamp":1543707764,"path_taken":["M","?","M","$","?","R","$","?","T","E","R","E","R","?","R","BOSS"],"build_version":"2018-11-15","purchased_purges":0,"victory":false,"max_hp_per_floor":[80,80,80,80,83,83,83,86,86,86,86,86,86,89,89,89],"card_choices":[{"not_picked":["Entrench","Rage"],"picked":"Flex","floor":1},{"not_picked":["Clash","Rupture"],"picked":"Havoc","floor":3},{"not_picked":["Havoc","Iron Wave"],"picked":"Intimidate","floor":5},{"not_picked":["Clothesline","Headbutt"],"picked":"Shrug It Off","floor":8},{"not_picked":["Metallicize","Sentinel"],"picked":"Feel No Pain","floor":10},{"not_picked":["Heavy Blade","Carnage"],"picked":"Sword Boomerang","floor":12},{"not_picked":["Searing Blow+1","Double Tap"],"picked":"Power Through","floor":14}],"player_experience":2606707,"relics_obtained":[{"floor":9,"key":"Vajra"},{"floor":10,"key":"Matryoshka"},{"floor":12,"key":"Molten Egg 2"}],"event_choices":[{"cards_removed":["Strike_R"],"damage_healed":0,"gold_gain":0,"player_choice":"Offered Basic","damage_taken":0,"max_hp_gain":0,"max_hp_loss":0,"event_name":"Bonfire Elementals","floor":2,"gold_loss":0}],"is_beta":false,"boss_relics":[],"items_purged_floors":[],"is_endless":false,"potions_floor_spawned":[5,8,14],"killed_by":"The Guardian","ascension_level":5}