{"gold_per_floor":[215,60,79,92,109,109,109,122,174,174,19,19,19,55,55,183,183,207,197,210,224,248,248,264,264],"floor_reached":25,"playtime":2111,"items_purged":["Strike_R"],"score":207,"play_id":"be41ecf6-ca24-46ed-bc3c-01706a9595ff","local_time":"20190630221558","is_ascension_mode":false,"campfire_choices":[{"data":"Bash","floor":6,"key":"SMITH"},{"data":"Rampage","floor":10,"key":"SMITH"},{"data":"Anger","floor":12,"key":"SMITH"},{"data":"Shrug It Off","floor":15,"key":"SMITH"},{"data":"True Grit","floor":23,"key":"SMITH"}],"neow_cost":"NONE","seed_source_timestamp":1546521592873898,"circlet_count":0,"master_deck":["Bash+1","Hemokinesis","Shrug It Off+1","Anger+1","Entrench","Intimidate","Rampage+1","Sword Boomerang","Reaper","Entrench","True Grit+1","Fire Breathing","Power Through","Rupture","Bludgeon","Headbutt","Shrug It Off+1","Flex+1","Exhume","Seeing Red","Barricade"],"relics":["Burning Blood","Golden Idol","Vajra","Potion Belt","Dodecahedron","Pandora\u0027s Box"],"potions_floor_usage":[16,16,20,24],"damage_taken":[{"damage":7,"enemies":"Small Slimes","floor":1,"turns":4},{"damage":3,"enemies":"2 Louse","floor":3,"turns":2},{"damage":3,"enemies":"Cultist","floor":4,"turns":3},{"damage":10,"enemies":"3 Louse","floor":5,"turns":3},{"damage":37,"enemies":"Exordium Thugs","floor":8,"turns":6},{"damage":20,"enemies":"Gremlin Nob","floor":14,"turns":3},{"damage":22,"enemies":"Hexaghost","floor":16,"turns":7},{"damage":0,"enemies":"Shell Parasite","floor":18,"turns":3},{"damage":23,"enemies":"2 Thieves","floor":19,"turns":4},{"damage":18,"enemies":"Centurion and Healer","floor":20,"turns":8},{"damage":4,"enemies":"Snake Plant","floor":21,"turns":3},{"damage":19,"enemies":"Snecko","floor":22,"turns":4},{"damage":25,"enemies":"Shelled Parasite and Fungi","floor":24,"turns":6},{"damage":42,"enemies":"Cultist and Chosen","floor":25,"turns":6}],"seed_played":"2388220746921948560","potions_obtained":[{"floor":1,"key":"Strength Potion"},{"floor":3,"key":"GamblersBrew"},{"floor":8,"key":"Ancient Potion"},{"floor":18,"key":"Regen Potion"},{"floor":20,"key":"AttackPotion"},{"floor":22,"key":"Poison Potion"}],"is_trial":false,"path_per_floor":["M","$","M","M","M","R","?","M","T","R","$","R","?","E","R","B",null,"M","M","M","M","M","R","M","M"],"character_chosen":"IRONCLAD","items_purchased":["Shrug It Off","Anger","Potion Belt"],"campfire_rested":0,"item_purchase_floors":[2,2,11],"current_hp_per_floor":[79,79,80,80,76,76,74,43,43,43,43,43,43,29,29,13,74,74,66,74,74,61,61,42,0],"gold":264,"neow_bonus":"HUNDRED_GOLD","is_prod":false,"is_daily":false,"chose_seed":false,"campfire_upgraded":5,"win_rate":0,"timestamp":1561947358,"path_taken":["M","$","M","M","M","R","?","M","T","R","$","R","?","E","R","BOSS","M","M","M","M","M","R","M","M"],"build_version":"2019-01-23","purchased_purges":1,"victory":false,"max_hp_per_floor":[80,80,80,80,80,80,74,74,74,74,74,74,74,74,74,74,74,74,74,74,74,74,74,74,74],"card_choices":[{"not_picked":["Bloodletting","Shrug It Off"],"picked":"Hemokinesis","floor":1},{"not_picked":["Fire Breathing","Blood for Blood","Clash"],"picked":"SKIP","floor":3},{"not_picked":["Bloodletting","Uppercut"],"picked":"Entrench","floor":4},{"not_picked":["Warcry","Blood for Blood"],"picked":"Intimidate","floor":5},{"not_picked":["Corruption","Rage"],"picked":"Rampage","floor":8},{"not_picked":["Heavy Blade","Intimidate"],"picked":"Sword Boomerang","floor":14},{"not_picked":["Dark Embrace","Brutality"],"picked":"Reaper","floor":16},{"not_picked":["Twin Strike+1","Body Slam+1"],"picked":"Shrug It Off+1","floor":18},{"not_picked":["Anger+1","Pommel Strike"],"picked":"Flex+1","floor":19},{"not_picked":["Clothesline","Iron Wave"],"picked":"Exhume","floor":20},{"not_picked":["Havoc","Thunderclap"],"picked":"Seeing Red","floor":21},{"not_picked":["Armaments","Twin Strike+1","Heavy Blade"],"picked":"SKIP","floor":22},{"not_picked":["Iron Wave","Warcry"],"picked":"Barricade","floor":24}],"player_experience":3869770,"relics_obtained":[{"floor":9,"key":"Vajra"},{"floor":14,"key":"Dodecahedron"}],"event_choices":[{"damage_healed":0,"gold_gain":0,"player_choice":"Lose Max HP","damage_taken":0,"relics_obtained":["Golden Idol"],"max_hp_gain":0,"max_hp_loss":6,"event_name":"Golden Idol","floor":7,"gold_loss":0},{"cards_removed":["Strike_R"],"damage_healed":0,"gold_gain":0,"player_choice":"Card Removal","damage_taken":0,"max_hp_gain":0,"max_hp_loss":0,"event_name":"Wheel of Change","floor":13,"gold_loss":0}],"is_beta":false,"boss_relics":[{"not_picked":["Black Blood","Empty Cage"],"picked":"Pandora\u0027s Box"}],"items_purged_floors":[2],"is_endless":false,"potions_floor_spawned":[1,3,8,18,20,22],"killed_by":"Cultist and Chosen","ascension_level":0}