{"gold_per_floor":[119,119,119,119,40,40,16,16,16,33,33,33,49,59,59,157,157,169,169,181,74,74,74,26,26,26,36,36,52,52,68,68,170,170,188,198,4,16,33,33,33,33,33,49,49,49,49,49,49,49],"floor_reached":51,"playtime":1535,"items_purged":[],"score":633,"play_id":"9190da96-edf6-4f04-b77d-377347a5c187","local_time":"20190417155523","is_ascension_mode":false,"campfire_choices":[{"data":"Crippling Poison","floor":6,"key":"SMITH"},{"data":"Neutralize","floor":8,"key":"SMITH"},{"data":"Deadly Poison","floor":11,"key":"SMITH"},{"data":"Noxious Fumes","floor":15,"key":"SMITH"},{"data":"Footwork","floor":23,"key":"SMITH"},{"data":"Footwork","floor":25,"key":"SMITH"},{"floor":30,"key":"REST"},{"floor":32,"key":"REST"},{"floor":40,"key":"REST"},{"data":"Apotheosis","floor":42,"key":"SMITH"},{"floor":46,"key":"REST"},{"floor":49,"key":"REST"}],"neow_cost":"NONE","seed_source_timestamp":678216235624139,"circlet_count":0,"master_deck":["Defend_G","Defend_G+1","Defend_G","Defend_G","Strike_G+1","Survivor","Neutralize+1","Sucker Punch","Crippling Poison+1","Deadly Poison+1","Blur","Noxious Fumes+1","Blur","Corpse Explosion","Footwork+1","Dash","Footwork+1","Endless Agony","Deadly Poison+1","Calculated Gamble+1","Adrenaline","Apotheosis+1","PiercingWail+1","Backflip","Jack Of All Trades"],"relics":["Velvet Choker"],"potions_floor_usage":[16,18,33,33,44,50,50],"damage_taken":[{"damage":0,"enemies":"Cultist","floor":1,"turns":4},{"damage":3,"enemies":"Jaw Worm","floor":10,"turns":3},{"damage":2,"enemies":"2 Louse","floor":13,"turns":2},{"damage":3,"enemies":"Exordium Thugs","floor":14,"turns":3},{"damage":6,"enemies":"The Guardian","floor":16,"turns":9},{"damage":10,"enemies":"2 Thieves","floor":18,"turns":3},{"damage":7,"enemies":"Chosen","floor":20,"turns":5},{"damage":9,"enemies":"Snecko","floor":27,"turns":5},{"damage":20,"enemies":"Snake Plant","floor":29,"turns":5},{"damage":6,"enemies":"Cultist and Chosen","floor":31,"turns":3},{"damage":12,"enemies":"Automaton","floor":33,"turns":9},{"damage":5,"enemies":"3 Darklings","floor":35,"turns":4},{"damage":10,"enemies":"3 Shapes","floor":36,"turns":3},{"damage":16,"enemies":"Writhing Mass","floor":38,"turns":7},{"damage":6,"enemies":"Maw","floor":39,"turns":9},{"damage":34,"enemies":"Transient","floor":44,"turns":5},{"damage":30,"enemies":"Time Eater","floor":50,"turns":16}],"seed_played":"8554443883627635261","potions_obtained":[{"floor":1,"key":"LiquidBronze"},{"floor":16,"key":"Poison Potion"},{"floor":27,"key":"Strength Potion"},{"floor":33,"key":"Dexterity Potion"},{"floor":39,"key":"Weak Potion"},{"floor":44,"key":"Strength Potion"}],"is_trial":false,"path_per_floor":["M","$","?","?","$","R","$","R","T","M","R","T","M","M","R","B",null,"M","T","M","$","?","R","$","R","T","M","$","M","R","M","R","B",null,"M","M","$","M","M","R","?","R","T","M","$","R","?","?","R","B",null],"character_chosen":"THE_SILENT","items_purchased":["Crippling Poison","Deadly Poison","Footwork","Dash","PowerPotion","Apotheosis"],"campfire_rested":5,"item_purchase_floors":[5,7,21,21,24,37],"current_hp_per_floor":[70,70,56,49,49,49,49,49,49,46,46,46,44,41,41,35,70,60,60,53,53,53,53,53,53,53,44,44,24,45,39,60,48,70,65,55,55,39,33,54,54,54,54,20,20,41,41,41,62,32],"gold":49,"neow_bonus":"BOSS_RELIC","is_prod":false,"is_daily":false,"chose_seed":false,"campfire_upgraded":7,"win_rate":0,"timestamp":1555530923,"path_taken":["M","$","?","?","$","R","?","R","T","M","R","?","?","M","R","BOSS","M","?","M","$","?","R","?","R","T","M","?","M","R","M","R","BOSS","M","M","$","M","M","R","?","R","T","M","?","R","?","?","R","BOSS"],"build_version":"2019-01-23","purchased_purges":0,"victory":true,"max_hp_per_floor":[70,70,70,70,70,70,70,70,70,70,70,70,70,70,70,70,70,70,70,70,70,70,70,70,70,70,70,70,70,70,70,70,70,70,70,70,70,70,70,70,70,70,70,70,70,70,70,70,70,70],"card_choices":[{"not_picked":["Infinite Blades","Dodge and Roll"],"picked":"Sucker Punch","floor":1},{"not_picked":["Dodge and Roll","Prepared"],"picked":"Blur","floor":10},{"not_picked":["Backflip","Deflect"],"picked":"Noxious Fumes","floor":13},{"not_picked":["Underhanded Strike","Acrobatics"],"picked":"Blur","floor":14},{"not_picked":["Die Die Die","Unload"],"picked":"Corpse Explosion","floor":16},{"not_picked":["Blade Dance","Bane","Quick Slash+1"],"picked":"SKIP","floor":18},{"not_picked":["Sucker Punch","Dagger Throw+1","Infinite Blades"],"picked":"SKIP","floor":20},{"not_picked":["Terror","Prepared","Cloak And Dagger"],"picked":"SKIP","floor":27},{"not_picked":["Distraction","Bane"],"picked":"Deadly Poison+1","floor":29},{"not_picked":["Tactician","Masterful Stab"],"picked":"Calculated Gamble+1","floor":31},{"not_picked":["Bullet Time","Phantasmal Killer"],"picked":"Adrenaline","floor":33},{"not_picked":["Blade Dance+1","Cloak And Dagger","Poisoned Stab+1"],"picked":"SKIP","floor":35},{"not_picked":["Dodge and Roll","Quick Slash","Underhanded Strike+1"],"picked":"SKIP","floor":36},{"not_picked":["Finisher+1","Riddle With Holes"],"picked":"PiercingWail+1","floor":38},{"not_picked":["Bane","Unload","Slice"],"picked":"SKIP","floor":39},{"not_picked":["All Out Attack","Masterful Stab+1"],"picked":"Backflip","floor":44},{"not_picked":["Finesse","Mayhem"],"picked":"Jack Of All Trades","floor":47}],"player_experience":3391409,"relics_obtained":[],"event_choices":[{"damage_healed":0,"gold_gain":0,"player_choice":"Entered Light","damage_taken":14,"max_hp_gain":0,"max_hp_loss":0,"event_name":"Shining Light","floor":3,"gold_loss":0,"cards_upgraded":["Defend_G","Strike_G"]},{"cards_removed":["Strike_G"],"damage_healed":0,"gold_gain":0,"player_choice":"Card Removal","damage_taken":7,"max_hp_gain":0,"max_hp_loss":0,"event_name":"Golden Wing","floor":4,"gold_loss":0},{"damage_healed":0,"gold_gain":0,"cards_transformed":["Strike_G","Strike_G"],"player_choice":"Became Test Subject","damage_taken":0,"max_hp_gain":0,"max_hp_loss":0,"event_name":"Drug Dealer","floor":22,"gold_loss":0,"cards_obtained":["Footwork","Endless Agony"]},{"cards_removed":["Strike_G"],"damage_healed":0,"gold_gain":0,"player_choice":"Purged","damage_taken":0,"max_hp_gain":0,"max_hp_loss":0,"event_name":"Purifier","floor":41,"gold_loss":0},{"damage_healed":0,"gold_gain":0,"player_choice":"Memory 1","damage_taken":0,"max_hp_gain":0,"max_hp_loss":0,"event_name":"SensoryStone","floor":47,"gold_loss":0},{"cards_removed":["Defend_G"],"damage_healed":0,"gold_gain":0,"player_choice":"Removed Skill","damage_taken":0,"max_hp_gain":0,"max_hp_loss":0,"event_name":"Falling","floor":48,"gold_loss":0}],"is_beta":false,"boss_relics":[{"not_picked":[]},{"not_picked":[]}],"items_purged_floors":[],"is_endless":false,"potions_floor_spawned":[1,16,27,33,39,44],"ascension_level":0}