{"gold_per_floor":[113,132,132,132,150,176,190,219,219,238,261,274,274,274,274,371,371,387,416,435,435,22,55,29,39,66,66,94,94,123,150,162,174],"floor_reached":33,"playtime":4683,"items_purged":[],"score":340,"play_id":"59f9af02-c93b-4bc0-8baa-1b6f79b8ac8d","local_time":"20190721092149","is_ascension_mode":false,"campfire_choices":[{"floor":13,"key":"REST"},{"data":"Backflip","floor":15,"key":"SMITH"},{"data":"1","floor":29,"key":"LIFT"},{"data":"2","floor":32,"key":"LIFT"}],"neow_cost":"TEN_PERCENT_HP_LOSS","seed_source_timestamp":853129938609682,"circlet_count":0,"master_deck":["Strike_G+1","Strike_G+1","Strike_G+1","Strike_G+1","Defend_G+1","Defend_G+1","Defend_G+1","Defend_G+1","Survivor","Neutralize","Bouncing Flask","Wraith Form v2+1","Poisoned Stab+1","Backflip+1","Skewer","Bane","Acrobatics","After Image","PiercingWail","Leg Sweep","Envenom","Noxious Fumes","PiercingWail","Catalyst","Blur","Deadly Poison+1","PiercingWail","Adrenaline","Backflip","Dodge and Roll"],"relics":["Ring of the Snake","PreservedInsect","Vajra","Mummified Hand","Shuriken","Anchor","Velvet Choker","Red Mask","FossilizedHelix","Girya","Juzu Bracelet","Bag of Marbles","MawBank"],"potions_floor_usage":[12,16,20,31,33,33,33],"damage_taken":[{"damage":0,"enemies":"Small Slimes","floor":1,"turns":2},{"damage":0,"enemies":"2 Louse","floor":2,"turns":3},{"damage":1,"enemies":"Jaw Worm","floor":5,"turns":3},{"damage":6,"enemies":"Lagavulin","floor":6,"turns":5},{"damage":0,"enemies":"Looter","floor":7,"turns":2},{"damage":14,"enemies":"3 Sentries","floor":8,"turns":6},{"damage":1,"enemies":"3 Louse","floor":10,"turns":4},{"damage":0,"enemies":"Exordium Wildlife","floor":12,"turns":5},{"damage":36,"enemies":"The Guardian","floor":16,"turns":10},{"damage":0,"enemies":"Spheric Guardian","floor":18,"turns":4},{"damage":0,"enemies":"Masked Bandits","floor":19,"turns":5},{"damage":3,"enemies":"3 Byrds","floor":20,"turns":5},{"damage":1,"enemies":"Slavers","floor":23,"turns":5},{"damage":23,"enemies":"3 Cultists","floor":25,"turns":4},{"damage":4,"enemies":"Book of Stabbing","floor":28,"turns":5},{"damage":0,"enemies":"Slavers","floor":30,"turns":5},{"damage":0,"enemies":"Centurion and Healer","floor":31,"turns":4},{"damage":32,"enemies":"Collector","floor":33,"turns":5}],"seed_played":"1995346869034289858","potions_obtained":[{"floor":5,"key":"Ancient Potion"},{"floor":6,"key":"FearPotion"},{"floor":8,"key":"SpeedPotion"},{"floor":16,"key":"GamblersBrew"},{"floor":25,"key":"SpeedPotion"},{"floor":28,"key":"Strength Potion"},{"floor":31,"key":"Poison Potion"}],"is_trial":false,"path_per_floor":["M","M","?","?","M","E","M","E","T","M","T","M","R","?","R","B",null,"M","?","M","?","$","E","$","M","T","?","E","R","E","M","R","B"],"character_chosen":"THE_SILENT","items_purchased":["Catalyst","Blur","FossilizedHelix","PiercingWail"],"campfire_rested":1,"item_purchase_floors":[22,22,22,24],"current_hp_per_floor":[63,63,50,47,46,40,40,26,26,25,25,25,43,43,43,7,63,63,63,60,60,60,59,59,36,36,36,32,32,32,32,32,0],"gold":174,"neow_bonus":"TRANSFORM_TWO_CARDS","is_prod":false,"is_daily":false,"chose_seed":false,"campfire_upgraded":1,"win_rate":0.0,"timestamp":1563718909,"path_taken":["M","M","?","?","M","E","M","E","T","M","?","M","R","?","R","BOSS","M","?","M","?","$","E","?","?","T","?","E","R","E","M","R","BOSS"],"build_version":"2019-07-17","purchased_purges":0,"victory":false,"max_hp_per_floor":[63,63,63,63,63,63,63,63,63,63,63,63,63,63,63,63,63,63,63,63,63,63,63,63,63,63,63,63,63,63,63,63,63],"card_choices":[{"not_picked":["Deadly Poison","Flying Knee"],"picked":"Poisoned Stab","floor":1},{"not_picked":["Underhanded Strike","Terror"],"picked":"Backflip","floor":2},{"not_picked":["Glass Knife","Tactician"],"picked":"Skewer","floor":5},{"not_picked":["Eviscerate","PiercingWail"],"picked":"Bane","floor":6},{"not_picked":["Blade Dance","Skewer"],"picked":"Acrobatics","floor":7},{"not_picked":["Catalyst","Reflex"],"picked":"After Image","floor":8},{"not_picked":["Prepared","Dagger Spray"],"picked":"PiercingWail","floor":10},{"not_picked":["PiercingWail","Outmaneuver"],"picked":"Leg Sweep","floor":12},{"not_picked":["Die Die Die","Adrenaline"],"picked":"Envenom","floor":16},{"not_picked":["Quick Slash+1","Finisher+1"],"picked":"Noxious Fumes","floor":18},{"not_picked":["Sucker Punch","Dagger Throw"],"picked":"PiercingWail","floor":19},{"not_picked":["Slice","Eviscerate","Tactician"],"picked":"SKIP","floor":20},{"not_picked":["Bane+1","Backflip"],"picked":"Deadly Poison+1","floor":23},{"not_picked":["Distraction","Dagger Throw","Quick Slash"],"picked":"SKIP","floor":25},{"not_picked":["Dagger Throw","Backstab"],"picked":"Adrenaline","floor":28},{"not_picked":["PiercingWail","Deflect+1"],"picked":"Backflip","floor":30},{"not_picked":["Underhanded Strike","Slice"],"picked":"Dodge and Roll","floor":31}],"player_experience":37908,"relics_obtained":[{"floor":6,"key":"Vajra"},{"floor":8,"key":"Mummified Hand"},{"floor":9,"key":"Shuriken"},{"floor":11,"key":"Anchor"},{"floor":19,"key":"Red Mask"},{"floor":23,"key":"Girya"},{"floor":26,"key":"Juzu Bracelet"},{"floor":28,"key":"Bag of Marbles"},{"floor":30,"key":"MawBank"}],"event_choices":[{"damage_healed":0,"gold_gain":0,"player_choice":"Entered Light","damage_taken":13,"max_hp_gain":0,"max_hp_loss":0,"event_name":"Shining Light","floor":3,"gold_loss":0,"cards_upgraded":["Strike_G","Poisoned Stab"]},{"damage_healed":0,"gold_gain":0,"player_choice":"Success","damage_taken":3,"relics_obtained":["PreservedInsect"],"max_hp_gain":0,"max_hp_loss":0,"event_name":"Scrap Ooze","floor":4,"gold_loss":0},{"damage_healed":0,"gold_gain":0,"player_choice":"Grow","damage_taken":0,"max_hp_gain":0,"max_hp_loss":0,"event_name":"Living Wall","floor":14,"gold_loss":0,"cards_upgraded":["Wraith Form v2"]},{"damage_healed":0,"gold_gain":0,"player_choice":"Fought Bandits","damage_taken":0,"max_hp_gain":0,"max_hp_loss":0,"event_name":"Masked Bandits","floor":19,"gold_loss":0},{"damage_healed":0,"gold_gain":0,"player_choice":"Simplicity","damage_taken":0,"max_hp_gain":0,"max_hp_loss":0,"event_name":"Back to Basics","floor":21,"gold_loss":0,"cards_upgraded":["Strike_G","Strike_G","Strike_G","Defend_G","Defend_G","Defend_G","Defend_G"]},{"damage_healed":0,"gold_gain":0,"player_choice":"Ignored","damage_taken":0,"max_hp_gain":0,"max_hp_loss":0,"event_name":"Ghosts","floor":27,"gold_loss":0}],"is_beta":false,"boss_relics":[{"not_picked":["Busted Crown","Orrery"],"picked":"Velvet Choker"}],"items_purged_floors":[],"is_endless":false,"potions_floor_spawned":[5,6,8,16,25,28,31],"killed_by":"Collector","ascension_level":0}