{"gold_per_floor":[111,37,37,37,51,51,79,91,103,115,139,151,175,199,211,296,308,334,90,90,90,54,54,71,97,97,97,97,125,145,145,145,218,218,229,229,229,243,253,253,266,266,266,266,266,279,103,118,118,118],"floor_reached":50,"playtime":3340,"items_purged":[],"score":930,"play_id":"41f4492b-9d06-4ad8-8702-68d546aa798d","local_time":"20190419055819","is_ascension_mode":true,"campfire_choices":[{"data":"Neutralize","floor":6.0,"key":"SMITH"},{"data":"Setup","floor":8.0,"key":"SMITH"},{"data":"Unload","floor":12.0,"key":"SMITH"},{"data":"Sucker Punch","floor":15.0,"key":"SMITH"},{"data":"Infinite Blades","floor":23,"key":"SMITH"},{"floor":27,"key":"REST"},{"floor":32,"key":"REST"},{"floor":40,"key":"REST"},{"floor":42,"key":"REST"},{"data":"Phantasmal Killer","floor":44,"key":"SMITH"},{"floor":49,"key":"REST"}],"neow_cost":"NONE","seed_source_timestamp":0,"circlet_count":0,"master_deck":["AscendersBane","Defend_G+1","Defend_G+1","Defend_G+1","Defend_G+1","Defend_G+1","Strike_G+1","Strike_G+1","Strike_G+1","Strike_G+1","Survivor","Neutralize+1","Setup+1","Dash+1","Blur","Unload+1","PiercingWail","Sucker Punch+1","All Out Attack","Die Die Die","Backflip","Well Laid Plans","Backflip","Outmaneuver","Infinite Blades+1","Noxious Fumes","Unload","A Thousand Cuts","Phantasmal Killer+1","Cloak And Dagger+1","Master of Strategy","Secret Weapon","Terror","Deadly Poison+1","Bouncing Flask","PiercingWail","Noxious Fumes","PiercingWail"],"special_seed":0,"relics":["Ring of the Serpent","NeowsBlessing","MawBank","Meat on the Bone","Lizard Tail","Vajra","Paper Crane","Shuriken","Peace Pipe","Pear"],"potions_floor_usage":[18,33,33,39,48,50,50],"damage_taken":[{"damage":0.0,"enemies":"Cultist","floor":1.0,"turns":1.0},{"damage":0.0,"enemies":"Jaw Worm","floor":5.0,"turns":1.0},{"damage":0.0,"enemies":"Gremlin Nob","floor":7.0,"turns":1.0},{"damage":0.0,"enemies":"Small Slimes","floor":11.0,"turns":3.0},{"damage":0.0,"enemies":"Blue Slaver","floor":13.0,"turns":4.0},{"damage":0.0,"enemies":"2 Fungi Beasts","floor":14.0,"turns":3.0},{"damage":16.0,"enemies":"Hexaghost","floor":16.0,"turns":15.0},{"damage":22,"enemies":"Shell Parasite","floor":18,"turns":9},{"damage":10,"enemies":"3 Byrds","floor":24,"turns":5},{"damage":41,"enemies":"Slavers","floor":25,"turns":6},{"damage":7,"enemies":"Gremlin Leader","floor":29,"turns":6},{"damage":12,"enemies":"Snake Plant","floor":30,"turns":5},{"damage":74,"enemies":"Champ","floor":33,"turns":12},{"damage":28,"enemies":"3 Darklings","floor":35,"turns":5},{"damage":17,"enemies":"Orb Walker","floor":38,"turns":4},{"damage":11,"enemies":"Maw","floor":39,"turns":9},{"damage":45,"enemies":"Jaw Worm Horde","floor":41,"turns":5},{"damage":6,"enemies":"4 Shapes","floor":46,"turns":3},{"damage":18,"enemies":"Sphere and 2 Shapes","floor":48,"turns":7},{"damage":76,"enemies":"Awakened One","floor":50,"turns":5}],"seed_played":"-7395145356847266117","potions_obtained":[{"floor":1.0,"key":"Poison Potion"},{"floor":13.0,"key":"FearPotion"},{"floor":24,"key":"FearPotion"},{"floor":25,"key":"FearPotion"},{"floor":35,"key":"SpeedPotion"},{"floor":48,"key":"EntropicBrew"}],"is_trial":false,"path_per_floor":["M","$","$","?","M","R","E","R","T","?","M","R","M","M","R","B",null,"M","$","?","?","$","R","M","E","T","R","$","E","M","?","R","B",null,"M","?","?","M","M","R","M","R","T","R","?","M","$","M","R","B"],"character_chosen":"THE_SILENT","items_purchased":["Dash","Well Laid Plans","Backflip","Vajra","Infinite Blades","Fruit Juice","Noxious Fumes"],"campfire_rested":5,"item_purchase_floors":[2,19,19,19,22,47,47],"current_hp_per_floor":[59,59,59,39,39,39,39,39,39,44,44,44,44,44,44,40,63,41,41,41,41,41,41,43,14,14,35,35,40,40,40,61,44,64,36,36,31,26,27,48,15,36,46,46,46,52,52,51,76,0],"gold":118,"neow_bonus":"THREE_ENEMY_KILL","is_prod":false,"is_daily":false,"chose_seed":false,"campfire_upgraded":6,"win_rate":0,"timestamp":1555675099,"path_taken":["M","?","$","?","M","R","E","R","T","?","M","R","?","M","R","BOSS","M","?","?","?","?","R","M","E","T","R","$","E","M","?","R","BOSS","M","?","?","M","M","R","M","R","T","R","?","M","$","M","R","BOSS"],"build_version":"2019-04-04","purchased_purges":0,"victory":false,"max_hp_per_floor":[66,66,66,66,66,66,66,66,66,71,71,71,71,71,71,71,71,71,71,71,71,71,71,71,71,71,71,71,71,71,71,71,71,71,71,71,71,71,71,71,71,71,81,81,81,81,81,86,86,86],"card_choices":[{"not_picked":["Expertise","Prepared"],"picked":"Setup","floor":1.0},{"not_picked":["Footwork","Bouncing Flask"],"picked":"Blur","floor":5.0},{"not_picked":["Deadly Poison","Concentrate"],"picked":"Unload","floor":7.0},{"not_picked":["Terror","Dagger Spray"],"picked":"PiercingWail","floor":11.0},{"not_picked":["Expertise","Blade Dance"],"picked":"Sucker Punch","floor":13.0},{"not_picked":["Blade Dance","Acrobatics"],"picked":"All Out Attack","floor":14.0},{"not_picked":["Venomology","Unload"],"picked":"Die Die Die","floor":16.0},{"not_picked":["Dagger Throw","Concentrate"],"picked":"Backflip","floor":18},{"not_picked":["Infinite Blades","Blade Dance"],"picked":"Noxious Fumes","floor":24},{"not_picked":["Outmaneuver","Cloak And Dagger"],"picked":"Unload","floor":25},{"not_picked":["Dodge and Roll","Underhanded Strike"],"picked":"A Thousand Cuts","floor":29},{"not_picked":["Outmaneuver+1","Bane","Sucker Punch"],"picked":"SKIP","floor":30},{"not_picked":["After Image","Wraith Form v2"],"picked":"Phantasmal Killer","floor":33},{"not_picked":["Calculated Gamble","Deflect"],"picked":"Cloak And Dagger+1","floor":35},{"not_picked":["Purity","Mind Blast"],"picked":"Master of Strategy","floor":37},{"not_picked":["Flash of Steel","The Bomb"],"picked":"Secret Weapon","floor":37},{"not_picked":["Quick Slash","Expertise"],"picked":"Terror","floor":38},{"not_picked":["Dodge and Roll+1","Underhanded Strike"],"picked":"Deadly Poison+1","floor":39},{"not_picked":["Leg Sweep","Quick Slash","Heel Hook"],"picked":"SKIP","floor":41},{"not_picked":["PiercingWail","Skewer","All Out Attack+1"],"picked":"SKIP","floor":46},{"not_picked":["Skewer","All Out Attack+1"],"picked":"PiercingWail","floor":46},{"not_picked":["Concentrate+1","Noxious Fumes"],"picked":"PiercingWail","floor":48}],"player_experience":872494,"relics_obtained":[{"floor":7.0,"key":"MawBank"},{"floor":9.0,"key":"Meat on the Bone"},{"floor":25,"key":"Paper Crane"},{"floor":26,"key":"Shuriken"},{"floor":29,"key":"Peace Pipe"},{"floor":43,"key":"Pear"}],"event_choices":[{"damage_healed":0.0,"max_hp_gain":0.0,"max_hp_loss":0.0,"gold_gain":0.0,"event_name":"Shining Light","player_choice":"Entered Light","floor":4.0,"gold_loss":0.0,"damage_taken":20.0,"cards_upgraded":["Defend_G","Dash"]},{"damage_healed":0.0,"max_hp_gain":5.0,"max_hp_loss":0.0,"gold_gain":0.0,"event_name":"Big Fish","player_choice":"Donut","floor":10.0,"gold_loss":0.0,"damage_taken":0.0},{"damage_healed":0,"gold_gain":0,"player_choice":"Simplicity","damage_taken":0,"max_hp_gain":0,"max_hp_loss":0,"event_name":"Back to Basics","floor":20,"gold_loss":0,"cards_upgraded":["Defend_G","Defend_G","Defend_G","Defend_G","Strike_G","Strike_G","Strike_G","Strike_G","Strike_G"]},{"damage_healed":0,"gold_gain":0,"player_choice":"Read","damage_taken":0,"max_hp_gain":0,"max_hp_loss":0,"event_name":"The Library","floor":21,"gold_loss":0,"cards_obtained":["Outmaneuver"]},{"damage_healed":0,"gold_gain":0,"player_choice":"Ignored","damage_taken":0,"max_hp_gain":0,"max_hp_loss":0,"event_name":"Beggar","floor":31,"gold_loss":0},{"damage_healed":0,"gold_gain":0,"player_choice":"Ignored","damage_taken":0,"max_hp_gain":0,"max_hp_loss":0,"event_name":"Tomb of Lord Red Mask","floor":36,"gold_loss":0},{"damage_healed":0,"gold_gain":0,"player_choice":"Memory 2","damage_taken":5,"max_hp_gain":0,"max_hp_loss":0,"event_name":"SensoryStone","floor":37,"gold_loss":0},{"damage_healed":0,"gold_gain":0,"cards_transformed":["Strike_G"],"player_choice":"Transformed","damage_taken":0,"max_hp_gain":0,"max_hp_loss":0,"event_name":"Transmorgrifier","floor":45,"gold_loss":0,"cards_obtained":["Bouncing Flask"]}],"is_beta":true,"boss_relics":[{"not_picked":["Runic Pyramid","Tiny House"],"picked":"Lizard Tail"},{"not_picked":["Busted Crown","Calling Bell"],"picked":"Ring of the Serpent"}],"items_purged_floors":[],"is_endless":false,"potions_floor_spawned":[1,13,24,25,35,48],"killed_by":"Awakened One","ascension_level":15}