{"gold_per_floor":[109,121,121,135,146,172,172,206,257,271,284,317,347,347,347,447,447,458,208,219,219,519,519,548,548,548,548,235,265,281,314,314,416,416,431,450,450,16,30,63,63,96,96,130,130,146,164,64,64,64],"floor_reached":51,"playtime":7791,"items_purged":["Pain","Strike_B","Dualcast"],"score":1081,"play_id":"ebae5723-3c1f-4c0e-853d-c1698738e321","local_time":"20190709152219","is_ascension_mode":true,"campfire_choices":[{"floor":7.0,"key":"REST"},{"floor":15.0,"key":"REST"},{"data":"Sunder","floor":23.0,"key":"SMITH"},{"data":"Buffer","floor":25.0,"key":"SMITH"},{"floor":27.0,"key":"REST"},{"data":"Creative AI","floor":32.0,"key":"SMITH"},{"floor":41.0,"key":"REST"},{"floor":45.0,"key":"REST"},{"floor":49,"key":"REST"}],"neow_cost":"NONE","seed_source_timestamp":0,"circlet_count":0,"master_deck":["Defend_B","Defend_B","Defend_B","Defend_B","Zap","Melter","Go for the Eyes","Compile Driver","Ball Lightning","Consume","Cold Snap","Static Discharge","Conserve Battery","Sweeping Beam+1","Leap","Ball Lightning","Buffer+1","Leap+1","Coolheaded","Sunder+1","BootSequence+1","Creative AI+1","Defragment","Hologram+1","Echo Form","Turbo+1","Electrodynamics","Double Energy+1","Thunder Strike","Storm+1","Stack","Auto Shields+1","Self Repair","Steam+1","Tempest"],"special_seed":0,"relics":["Runic Dome","Dream Catcher","Darkstone Periapt","Happy Flower","Omamori","Calling Bell","PreservedInsect","Mercury Hourglass","Ginger","Orichalcum","Old Coin","Question Card","Anchor","Whetstone","Vajra","Empty Cage","Mango","Calipers","Potion Belt","Shovel","Bag of Marbles"],"potions_floor_usage":[46,50,50],"damage_taken":[{"damage":2.0,"enemies":"Jaw Worm","floor":1.0,"turns":3.0},{"damage":0.0,"enemies":"2 Louse","floor":2.0,"turns":2.0},{"damage":0.0,"enemies":"Cultist","floor":4.0,"turns":3.0},{"damage":14.0,"enemies":"Exordium Thugs","floor":5.0,"turns":6.0},{"damage":10.0,"enemies":"Gremlin Nob","floor":6.0,"turns":3.0},{"damage":14.0,"enemies":"3 Sentries","floor":8.0,"turns":6.0},{"damage":12.0,"enemies":"Looter","floor":10.0,"turns":3.0},{"damage":6.0,"enemies":"2 Fungi Beasts","floor":11.0,"turns":2.0},{"damage":24.0,"enemies":"Lagavulin","floor":12.0,"turns":4.0},{"damage":24.0,"enemies":"Hexaghost","floor":16.0,"turns":8.0},{"damage":16.0,"enemies":"Chosen","floor":18.0,"turns":4.0},{"damage":0.0,"enemies":"Shell Parasite","floor":20.0,"turns":5.0},{"damage":20.0,"enemies":"Book of Stabbing","floor":24.0,"turns":4.0},{"damage":0.0,"enemies":"Slavers","floor":29.0,"turns":3.0},{"damage":18.0,"enemies":"Snake Plant","floor":30.0,"turns":3.0},{"damage":4.0,"enemies":"Book of Stabbing","floor":31.0,"turns":4.0},{"damage":39.0,"enemies":"Collector","floor":33.0,"turns":10.0},{"damage":4.0,"enemies":"3 Darklings","floor":35.0,"turns":4.0},{"damage":7.0,"enemies":"Orb Walker","floor":36.0,"turns":5.0},{"damage":22.0,"enemies":"Spire Growth","floor":39.0,"turns":4.0},{"damage":3.0,"enemies":"Giant Head","floor":40.0,"turns":8.0},{"damage":60.0,"enemies":"Reptomancer","floor":42.0,"turns":4.0},{"damage":15.0,"enemies":"Nemesis","floor":44.0,"turns":3.0},{"damage":15,"enemies":"Maw","floor":46,"turns":6},{"damage":0,"enemies":"4 Shapes","floor":47,"turns":2},{"damage":0,"enemies":"Time Eater","floor":50,"turns":7}],"seed_played":"5473442033951186102","potions_obtained":[{"floor":1.0,"key":"FearPotion"},{"floor":2.0,"key":"FearPotion"},{"floor":4.0,"key":"Swift Potion"},{"floor":12.0,"key":"Fire Potion"},{"floor":20.0,"key":"Poison Potion"},{"floor":29.0,"key":"Dexterity Potion"},{"floor":31.0,"key":"Ancient Potion"},{"floor":35.0,"key":"SteroidPotion"},{"floor":40.0,"key":"Ancient Potion"},{"floor":42.0,"key":"Block Potion"},{"floor":47,"key":"Swift Potion"}],"is_trial":false,"path_per_floor":["M","M","?","M","M","E","R","E","T","M","M","E","?","?","R","B",null,"M","$","M","?","T","R","E","R","T","R","$","E","M","E","R","B",null,"M","M","?","$","M","E","R","E","T","E","R","M","M","$","R","B",null],"character_chosen":"DEFECT","items_purchased":["Coolheaded","Orichalcum","Defragment","Anchor","Mango","PowerPotion","Energy Potion"],"campfire_rested":6,"item_purchase_floors":[19,19,28,28,38,48,48],"current_hp_per_floor":[73,73,66,66,52,42,64,50,50,38,32,8,8,8,30,6,81,65,65,65,65,65,65,45,45,45,69,69,69,51,47,47,8,81,77,70,70,84,62,59,87,27,27,12,40,25,32,32,60,67],"gold":64,"neow_bonus":"BOSS_RELIC","is_prod":false,"is_daily":false,"chose_seed":false,"campfire_upgraded":3,"win_rate":1,"timestamp":1562710939,"path_taken":["M","M","?","M","M","E","R","E","T","M","M","E","?","?","R","BOSS","M","$","M","?","?","R","E","R","T","R","$","E","M","E","R","BOSS","M","M","?","$","M","E","R","E","T","E","R","M","M","?","R","BOSS"],"build_version":"2019-07-05","purchased_purges":3,"victory":true,"max_hp_per_floor":[75,75,75,75,75,75,75,75,75,75,75,75,75,75,75,75,81,81,81,81,81,81,81,81,81,81,81,81,81,81,81,81,81,81,81,81,81,95,95,95,95,95,95,95,95,95,95,95,95,95],"card_choices":[{"not_picked":["Storm","Blizzard"],"picked":"Melter","floor":1.0},{"not_picked":["Reprogram","Conserve Battery"],"picked":"Go for the Eyes","floor":2.0},{"not_picked":["Gash","Static Discharge"],"picked":"Compile Driver","floor":4.0},{"not_picked":["Leap","Streamline"],"picked":"Ball Lightning","floor":5.0},{"not_picked":["Barrage","Chill"],"picked":"Consume","floor":6.0},{"not_picked":["Barrage","Creative AI"],"picked":"Cold Snap","floor":7.0},{"not_picked":["Genetic Algorithm","Barrage"],"picked":"Static Discharge","floor":8.0},{"not_picked":["Sweeping Beam","Lockon"],"picked":"Conserve Battery","floor":10.0},{"not_picked":["Recycle","Static Discharge"],"picked":"Sweeping Beam","floor":11.0},{"not_picked":["Chaos","Sweeping Beam"],"picked":"Leap","floor":12.0},{"not_picked":["Hologram","Storm"],"picked":"Ball Lightning","floor":15.0},{"not_picked":["Biased Cognition","Meteor Strike"],"picked":"Buffer","floor":16.0},{"not_picked":["Streamline","Ball Lightning"],"picked":"Leap+1","floor":18.0},{"not_picked":["Tempest","Cold Snap","Beam Cell+1"],"picked":"SKIP","floor":20.0},{"not_picked":["Double Energy","Blizzard"],"picked":"BootSequence+1","floor":24.0},{"not_picked":["Rebound","Hologram+1","Static Discharge"],"picked":"Creative AI","floor":27.0},{"not_picked":["Steam","Leap","Stack+1"],"picked":"Hologram+1","floor":29.0},{"not_picked":["Hello World","Sweeping Beam+1","Streamline"],"picked":"Echo Form","floor":30.0},{"not_picked":["Coolheaded","Cold Snap+1","Redo"],"picked":"Turbo+1","floor":31.0},{"not_picked":["Rainbow","Multi-Cast","Core Surge"],"picked":"Electrodynamics","floor":33.0},{"not_picked":["Consume+1","Sweeping Beam+1","Reprogram+1"],"picked":"Double Energy+1","floor":35.0},{"not_picked":["Cold Snap+1","Sweeping Beam+1","Blizzard+1","Reprogram"],"picked":"SKIP","floor":36.0},{"not_picked":["Skim","Leap+1","Hologram","Rebound"],"picked":"SKIP","floor":39.0},{"not_picked":["Hologram+1","Force Field","Beam Cell"],"picked":"Thunder Strike","floor":40.0},{"not_picked":["Barrage+1","Reprogram+1","Streamline"],"picked":"Storm+1","floor":41.0},{"not_picked":["Sweeping Beam+1","Gash+1","Beam Cell","All For One"],"picked":"SKIP","floor":42.0},{"not_picked":["Go for the Eyes+1","Gash","Sweeping Beam+1"],"picked":"Stack","floor":44.0},{"not_picked":["Ball Lightning","Undo+1","Reprogram+1"],"picked":"Auto Shields+1","floor":45.0},{"not_picked":["Leap+1","Hologram+1","BootSequence+1"],"picked":"Self Repair","floor":46},{"not_picked":["Recycle","Coolheaded","Rebound+1"],"picked":"Steam+1","floor":47},{"not_picked":["Steam Power","Gash+1","Stack+1"],"picked":"Tempest","floor":49}],"player_experience":220870,"relics_obtained":[{"floor":6.0,"key":"Dream Catcher"},{"floor":8.0,"key":"Darkstone Periapt"},{"floor":9.0,"key":"Happy Flower"},{"floor":12.0,"key":"Omamori"},{"floor":17.0,"key":"PreservedInsect"},{"floor":17.0,"key":"Mercury Hourglass"},{"floor":17.0,"key":"Ginger"},{"floor":22.0,"key":"Old Coin"},{"floor":24.0,"key":"Question Card"},{"floor":29.0,"key":"Whetstone"},{"floor":31.0,"key":"Vajra"},{"floor":40.0,"key":"Calipers"},{"floor":42.0,"key":"Potion Belt"},{"floor":43.0,"key":"Shovel"},{"floor":44.0,"key":"Bag of Marbles"}],"event_choices":[{"cards_removed":["Strike_B"],"damage_healed":0.0,"max_hp_gain":0.0,"max_hp_loss":0.0,"gold_gain":0.0,"event_name":"Golden Wing","player_choice":"Card Removal","floor":3.0,"gold_loss":0.0,"damage_taken":7.0},{"damage_healed":0.0,"max_hp_gain":0.0,"max_hp_loss":0.0,"gold_gain":30.0,"event_name":"Dead Adventurer","player_choice":"Searched \u00271\u0027 times","floor":13.0,"gold_loss":0.0,"damage_taken":0.0},{"damage_healed":0.0,"max_hp_gain":0.0,"max_hp_loss":0.0,"gold_gain":0.0,"event_name":"Shining Light","player_choice":"Ignored","floor":14.0,"gold_loss":0.0,"damage_taken":0.0},{"damage_healed":0.0,"max_hp_gain":0.0,"max_hp_loss":0.0,"gold_gain":0.0,"event_name":"The Library","player_choice":"Read","floor":21.0,"gold_loss":0.0,"damage_taken":0.0,"cards_obtained":["Sunder"]},{"damage_healed":0.0,"max_hp_gain":0.0,"max_hp_loss":0.0,"gold_gain":0.0,"event_name":"Mysterious Sphere","player_choice":"Ignored","floor":37.0,"gold_loss":0.0,"damage_taken":0.0}],"is_beta":false,"boss_relics":[{"not_picked":["Sozu","White Beast Statue"],"picked":"Calling Bell"},{"not_picked":["Eternal Feather","Philosopher\u0027s Stone"],"picked":"Empty Cage"}],"items_purged_floors":[19,28,38],"is_endless":false,"potions_floor_spawned":[1,2,4,12,20,29,31,35,40,42,47],"ascension_level":4}