{"gold_per_floor":[116,135,53,53,53,53,70,84,109,134,147,179,179,191,191,191],"floor_reached":16,"playtime":998,"items_purged":[],"score":129,"play_id":"d91944db-8fa8-472c-8081-092ef317fce5","local_time":"20190717211703","is_ascension_mode":true,"campfire_choices":[{"floor":6,"key":"RECALL"},{"floor":13,"key":"REST"},{"data":"Footwork","floor":15,"key":"SMITH"}],"neow_cost":"NONE","seed_source_timestamp":9946752139706,"circlet_count":0,"master_deck":["Strike_G","Strike_G","Strike_G","Strike_G","Strike_G","Defend_G","Defend_G","Defend_G","Defend_G","Defend_G","Survivor","Neutralize","Footwork+1","Calculated Gamble","Bouncing Flask","Regret","Dodge and Roll","Blur","Crippling Poison","After Image","Footwork"],"relics":["Runic Pyramid","Happy Flower","Snake Skull","Vajra"],"potions_floor_usage":[12,12,16],"damage_taken":[{"damage":0,"enemies":"Cultist","floor":1,"turns":4},{"damage":1,"enemies":"Small Slimes","floor":2,"turns":4},{"damage":8,"enemies":"Jaw Worm","floor":7,"turns":3},{"damage":1,"enemies":"Looter","floor":8,"turns":4},{"damage":17,"enemies":"3 Sentries","floor":10,"turns":13},{"damage":2,"enemies":"Exordium Wildlife","floor":11,"turns":4},{"damage":12,"enemies":"Gremlin Nob","floor":12,"turns":4},{"damage":10,"enemies":"Lots of Slimes","floor":14,"turns":3},{"damage":40,"enemies":"Slime Boss","floor":16,"turns":13}],"seed_played":"-4001916175710066696","potions_obtained":[{"floor":1,"key":"SpeedPotion"},{"floor":2,"key":"FearPotion"},{"floor":11,"key":"Block Potion"}],"is_trial":false,"path_per_floor":["M","M","$","?","?","R","M","M","T","E","M","E","R","M","R","B"],"character_chosen":"THE_SILENT","items_purchased":["Bouncing Flask"],"campfire_rested":1,"item_purchase_floors":[3],"current_hp_per_floor":[70,69,69,69,69,69,61,60,60,43,41,29,50,40,40,0],"gold":191,"neow_bonus":"BOSS_RELIC","is_prod":false,"is_daily":false,"chose_seed":false,"campfire_upgraded":1,"win_rate":0,"timestamp":1563391023,"path_taken":["M","?","?","?","?","R","M","?","T","E","M","E","R","M","R","BOSS"],"build_version":"2019-07-05","purchased_purges":0,"victory":false,"max_hp_per_floor":[70,70,70,70,70,70,70,70,70,70,70,70,70,70,70,70],"card_choices":[{"not_picked":["Riddle With Holes","Reflex"],"picked":"Footwork","floor":1},{"not_picked":["Distraction","Riddle With Holes"],"picked":"Calculated Gamble","floor":2},{"not_picked":["Dagger Throw","Backstab"],"picked":"Dodge and Roll","floor":7},{"not_picked":["Slice","Deadly Poison"],"picked":"Blur","floor":8},{"not_picked":["Infinite Blades","Choke","Quick Slash"],"picked":"SKIP","floor":10},{"not_picked":["Flying Knee","Masterful Stab"],"picked":"Crippling Poison","floor":11},{"not_picked":["Heel Hook","Blade Dance"],"picked":"After Image","floor":12},{"not_picked":["Dagger Spray","Deflect"],"picked":"Footwork","floor":14}],"player_experience":137585,"relics_obtained":[{"floor":10,"key":"Snake Skull"},{"floor":12,"key":"Vajra"}],"event_choices":[{"damage_healed":0,"gold_gain":0,"player_choice":"Box","damage_taken":0,"relics_obtained":["Happy Flower"],"max_hp_gain":0,"max_hp_loss":0,"event_name":"Big Fish","floor":4,"gold_loss":0,"cards_obtained":["Regret"]},{"damage_healed":0,"gold_gain":0,"player_choice":"Bought 0 Potions","damage_taken":0,"max_hp_gain":0,"max_hp_loss":0,"event_name":"The Woman in Blue","floor":5,"gold_loss":0}],"is_beta":false,"boss_relics":[],"items_purged_floors":[],"is_endless":false,"potions_floor_spawned":[1,2,11],"killed_by":"Slime Boss","ascension_level":3}