{"gold_per_floor":[118,129,129,144,20,20,48,123,123,138,138,149,149,179,179,254,254,265,190,208,208],"floor_reached":21,"playtime":1357,"items_purged":[],"score":478,"play_id":"b41d5162-86c7-4eeb-bed6-4ba03c467075","local_time":"20190502235222","is_ascension_mode":true,"campfire_choices":[{"data":"Cold Snap","floor":6,"key":"SMITH"},{"data":"Glacier","floor":13,"key":"SMITH"},{"floor":15,"key":"REST"}],"neow_cost":"NONE","seed_source_timestamp":2003023993983135,"circlet_count":0,"master_deck":["AscendersBane","Strike_B","Strike_B","Defend_B","Defend_B","Defend_B","Defend_B","Zap+1","Dualcast","Cold Snap+1","Chill","BootSequence","Capacitor","Doom and Gloom","Capacitor","Chill","Glacier+1","Sunder","Machine Learning","Undo+1"],"relics":["Cracked Core","FossilizedHelix","Girya","Bag of Preparation","Nuclear Battery"],"potions_floor_usage":[7,10,12],"damage_taken":[{"damage":2,"enemies":"Jaw Worm","floor":1,"turns":3},{"damage":0,"enemies":"2 Louse","floor":2,"turns":3},{"damage":0,"enemies":"Cultist","floor":4,"turns":4},{"damage":28,"enemies":"Gremlin Nob","floor":7,"turns":4},{"damage":0,"enemies":"Exordium Wildlife","floor":10,"turns":3},{"damage":0,"enemies":"Large Slime","floor":12,"turns":6},{"damage":10,"enemies":"3 Sentries","floor":14,"turns":9},{"damage":0,"enemies":"The Guardian","floor":16,"turns":12},{"damage":9,"enemies":"Shell Parasite","floor":18,"turns":8},{"damage":3,"enemies":"Spheric Guardian","floor":20,"turns":9},{"damage":57,"enemies":"Centurion and Healer","floor":21,"turns":12}],"seed_played":"1752853382566953357","potions_obtained":[{"floor":1,"key":"Swift Potion"},{"floor":4,"key":"Fire Potion"},{"floor":10,"key":"SkillPotion"},{"floor":20,"key":"SteroidPotion"}],"is_trial":false,"path_per_floor":["M","M","?","M","$","R","E","?","T","M","?","M","R","E","R","B",null,"M","?","M","M"],"character_chosen":"DEFECT","items_purchased":["Doom and Gloom","Capacitor"],"campfire_rested":1,"item_purchase_floors":[5,5],"current_hp_per_floor":[62,62,62,62,62,62,34,23,23,23,46,46,46,36,57,57,68,59,59,56,0],"gold":208,"neow_bonus":"UPGRADE_CARD","is_prod":false,"is_daily":false,"chose_seed":false,"campfire_upgraded":2,"win_rate":0,"timestamp":1556855542,"path_taken":["M","M","?","M","$","R","E","?","T","M","?","?","R","E","R","BOSS","M","?","M","M"],"build_version":"2019-01-23","purchased_purges":0,"victory":false,"max_hp_per_floor":[71,71,71,71,71,71,71,71,71,71,71,71,71,71,71,71,71,71,71,71,71],"card_choices":[{"not_picked":["Chaos","Reprogram"],"picked":"Cold Snap","floor":1},{"not_picked":["Sweeping Beam","Heatsinks"],"picked":"Chill","floor":2},{"not_picked":["Redo","Static Discharge"],"picked":"Capacitor","floor":4},{"not_picked":["Rebound","Meteor Strike"],"picked":"Chill","floor":7},{"not_picked":["Compile Driver","Stack","Heatsinks"],"picked":"SKIP","floor":10},{"not_picked":["Stack","White Noise"],"picked":"Glacier","floor":12},{"not_picked":["Hello World","Blizzard"],"picked":"Sunder","floor":14},{"not_picked":["Thunder Strike","Rainbow"],"picked":"Machine Learning","floor":16},{"not_picked":["Ball Lightning","Barrage","Tempest"],"picked":"SKIP","floor":18},{"not_picked":["Conserve Battery","Force Field+1"],"picked":"Undo+1","floor":20}],"player_experience":3577952,"relics_obtained":[{"floor":7,"key":"FossilizedHelix"},{"floor":9,"key":"Girya"},{"floor":14,"key":"Bag of Preparation"}],"event_choices":[{"damage_healed":0,"gold_gain":0,"cards_transformed":["Strike_B"],"player_choice":"Change","damage_taken":0,"max_hp_gain":0,"max_hp_loss":0,"event_name":"Living Wall","floor":3,"gold_loss":0,"cards_obtained":["BootSequence"]},{"damage_healed":0,"gold_gain":75,"player_choice":"Gather Gold","damage_taken":11,"max_hp_gain":0,"max_hp_loss":0,"event_name":"World of Goop","floor":8,"gold_loss":0},{"damage_healed":23,"gold_gain":0,"player_choice":"Banana","damage_taken":0,"max_hp_gain":0,"max_hp_loss":0,"event_name":"Big Fish","floor":11,"gold_loss":0},{"cards_removed":["Strike_B"],"damage_healed":0,"gold_gain":0,"player_choice":"Gave Gold","damage_taken":0,"max_hp_gain":0,"max_hp_loss":0,"event_name":"Beggar","floor":19,"gold_loss":75}],"is_beta":false,"boss_relics":[{"not_picked":["Pandora\u0027s Box","Cursed Key"],"picked":"Nuclear Battery"}],"items_purged_floors":[],"is_endless":false,"potions_floor_spawned":[1,4,10,20],"killed_by":"Centurion and Healer","ascension_level":20}