{"gold_per_floor":[110,29,42,54,116,116,35,35,35,52,71,98,98,115,115,214,214,227,227,242,341,341,341,351,364,364,364],"floor_reached":27,"playtime":1206,"items_purged":[],"score":215,"play_id":"b24155f2-414e-4d88-aaf8-80f919dd4380","local_time":"20181120001633","is_ascension_mode":false,"campfire_choices":[{"data":"Neutralize","floor":6,"key":"SMITH"},{"data":"Noxious Fumes","floor":8,"key":"SMITH"},{"data":"Footwork","floor":13,"key":"SMITH"},{"data":"Catalyst","floor":15,"key":"SMITH"},{"data":"Bouncing Flask","floor":23,"key":"SMITH"}],"neow_cost":"NONE","seed_source_timestamp":524504488164665,"circlet_count":0,"master_deck":["Defend_G","Defend_G","Defend_G","Defend_G","Defend_G","Strike_G","Strike_G","Strike_G","Strike_G","Survivor","Neutralize+1","Choke","Poisoned Stab","Flying Knee","Noxious Fumes+1","Footwork+1","Backflip","Catalyst+1","Bouncing Flask+1","Backstab","Adrenaline","PiercingWail"],"relics":["Ring of the Snake","Boot","Sundial","Sozu","Nilry\u0027s Codex","Question Card"],"potions_floor_usage":[10,12,27],"damage_taken":[{"damage":0,"enemies":"Small Slimes","floor":1,"turns":3},{"damage":0,"enemies":"Jaw Worm","floor":3,"turns":3},{"damage":1,"enemies":"Cultist","floor":4,"turns":3},{"damage":2,"enemies":"Lots of Slimes","floor":10,"turns":2},{"damage":0,"enemies":"Exordium Wildlife","floor":11,"turns":3},{"damage":11,"enemies":"3 Sentries","floor":12,"turns":8},{"damage":7,"enemies":"3 Louse","floor":14,"turns":4},{"damage":48,"enemies":"Hexaghost","floor":16,"turns":10},{"damage":0,"enemies":"Shell Parasite","floor":18,"turns":7},{"damage":4,"enemies":"3 Byrds","floor":20,"turns":6},{"damage":8,"enemies":"Centurion and Healer","floor":24,"turns":5},{"damage":7,"enemies":"3 Cultists","floor":25,"turns":4},{"damage":40,"enemies":"Slavers","floor":27,"turns":3}],"seed_played":"-7812121568934210431","potions_obtained":[{"floor":3,"key":"Explosive Potion"},{"floor":4,"key":"SkillPotion"},{"floor":12,"key":"Swift Potion"}],"is_trial":false,"path_per_floor":["M","$","M","M","?","R","$","R","T","M","M","E","R","M","R","B",null,"M","?","M","?","?","R","M","M","T","E"],"character_chosen":"THE_SILENT","items_purchased":["Choke","Noxious Fumes"],"campfire_rested":0,"item_purchase_floors":[2,7],"current_hp_per_floor":[70,70,70,69,69,69,69,69,69,67,67,56,56,49,49,1,70,70,54,50,50,50,50,42,35,35,0],"gold":364,"neow_bonus":"RANDOM_COMMON_RELIC","is_prod":false,"is_daily":false,"chose_seed":false,"campfire_upgraded":5,"win_rate":0,"timestamp":1542690993,"path_taken":["M","$","M","M","?","R","$","R","T","M","M","E","R","M","R","BOSS","M","?","M","?","?","R","?","?","T","E"],"build_version":"2018-11-15","purchased_purges":0,"victory":false,"max_hp_per_floor":[70,70,70,70,70,70,70,70,70,70,70,70,70,70,70,70,70,70,70,70,70,70,70,70,70,70,70],"card_choices":[{"not_picked":["Cloak And Dagger","Distraction","Underhanded Strike"],"picked":"SKIP","floor":1},{"not_picked":["Dagger Spray","Deadly Poison"],"picked":"Poisoned Stab","floor":3},{"not_picked":["Reflex","Cloak And Dagger"],"picked":"Flying Knee","floor":4},{"not_picked":["Outmaneuver","Sucker Punch","Concentrate"],"picked":"SKIP","floor":10},{"not_picked":["Dagger Spray","Blade Dance"],"picked":"Footwork","floor":11},{"not_picked":["Dagger Spray","Outmaneuver"],"picked":"Backflip","floor":12},{"not_picked":["Dagger Spray","Masterful Stab"],"picked":"Catalyst","floor":14},{"not_picked":["Flying Knee","Dagger Throw","Setup"],"picked":"SKIP","floor":18},{"not_picked":["Flechettes","Dagger Throw"],"picked":"Bouncing Flask","floor":20},{"not_picked":["Catalyst","Reflex"],"picked":"Adrenaline","floor":24},{"not_picked":["Masterful Stab+1","Acrobatics+1"],"picked":"PiercingWail","floor":25}],"player_experience":2399719,"relics_obtained":[{"floor":12,"key":"Sundial"},{"floor":19,"key":"Nilry\u0027s Codex"},{"floor":26,"key":"Question Card"}],"event_choices":[{"damage_healed":0,"gold_gain":62,"player_choice":"Gained Gold","damage_taken":0,"max_hp_gain":0,"max_hp_loss":0,"event_name":"Golden Wing","floor":5,"gold_loss":0},{"damage_healed":0,"gold_gain":0,"player_choice":"Obtained Book","damage_taken":16,"max_hp_gain":0,"max_hp_loss":0,"event_name":"Cursed Tome","floor":19,"gold_loss":0},{"damage_healed":0,"gold_gain":99,"player_choice":"Stole From Cult","damage_taken":0,"max_hp_gain":0,"max_hp_loss":0,"event_name":"Nest","floor":21,"gold_loss":0},{"damage_healed":0,"gold_gain":0,"cards_transformed":["Strike_G"],"player_choice":"Transformed","damage_taken":0,"max_hp_gain":0,"max_hp_loss":0,"event_name":"Transmorgrifier","floor":22,"gold_loss":0,"cards_obtained":["Backstab"]}],"is_beta":false,"boss_relics":[{"not_picked":["Tiny House","Snecko Eye"],"picked":"Sozu"}],"items_purged_floors":[],"is_endless":false,"potions_floor_spawned":[3,4,12,18],"killed_by":"Slavers","ascension_level":0}