{"path_per_floor":["M","$","M","?","$","R","M","R","T","M","M","R","$","?","R","B",null,"M","?","?","?","M","R","M","$","T","R","M","$","R","M","R","B",null,"M","M","$","M","?","R","$","R","T","M","M","M","?","M","R","B"],"character_chosen":"THE_SILENT","items_purchased":["Happy Flower","Oddly Smooth Stone","Dexterity Potion","Bag of Preparation","Backflip","Caltrops"],"gold_per_floor":[211,61,75,325,93,93,111,111,111,128,139,139,39,39,39,136,136,153,153,78,28,44,44,55,3,3,3,18,18,18,37,37,142,172,184,202,26,43,89,89,50,50,50,60,78,96,96,116,116,116],"floor_reached":51,"campfire_rested":2,"playtime":10266,"current_hp_per_floor":[70,70,70,70,70,70,70,70,70,69,69,69,69,69,69,69,70,67,67,67,67,67,67,67,67,67,67,67,67,67,67,67,67,75,75,65,65,65,44,66,66,66,66,66,66,66,66,66,75,75],"items_purged":["Regret","Strike_G"],"gold":116,"score":664,"play_id":"7d3e54cf-06ae-4460-974c-cb5011b9e76c","is_prod":false,"is_daily":false,"is_ascension_mode":false,"campfire_upgraded":9,"path_taken":["M","$","M","?","$","R","?","R","T","M","M","R","?","?","R","BOSS","M","?","?","?","M","R","M","?","T","R","M","$","R","M","R","BOSS","M","M","$","?","?","R","?","R","T","M","M","M","?","M","R","BOSS"],"build_version":"2018-02-15-PROD1","purchased_purges":2,"victory":true,"master_deck":["Defend_G+1","Defend_G","Defend_G+1","Defend_G","Survivor+1","Neutralize+1","Noxious Fumes+1","Well Laid Plans","Footwork+1","Well Laid Plans","Venomology+1","Dash+1","Poisoned Stab+1","Distraction+1","Acrobatics+1","Backflip+1","Prepared","Escape Plan+1","After Image","Malaise+1","Bane+1","Dagger Spray+1","Backflip","Outmaneuver+1","Backstab+1","Caltrops+1","Noxious Fumes+1","Backflip+1","Backstab+1","Dash+1"],"max_hp_per_floor":[70,70,70,70,70,70,70,70,70,70,70,70,70,70,70,70,70,70,70,70,70,70,70,70,70,70,70,70,70,70,70,70,70,75,75,75,75,75,75,75,75,75,75,75,75,75,75,75,75,75],"relics":["Ring of the Snake","Happy Flower","Oddly Smooth Stone","Calipers","Astrolabe","Anchor","Tiny House","Bag of Preparation","Thread and Needle","Juzu Bracelet"],"card_choices":[{"not_picked":["Concentrate","Deflect"],"picked":"Noxious Fumes"},{"not_picked":["Bane","Masterful Stab"],"picked":"Well Laid Plans"},{"not_picked":["Cloak And Dagger","Deflect"],"picked":"Footwork"},{"not_picked":["Deadly Poison","Cloak And Dagger"],"picked":"Well Laid Plans"},{"not_picked":["Adrenaline","Grand Finale"],"picked":"Venomology"},{"not_picked":["Concentrate","Deflect"],"picked":"Acrobatics"},{"not_picked":["Terror","Distraction"],"picked":"Backflip"},{"not_picked":["Finisher","Predator"],"picked":"Prepared"},{"not_picked":["Flying Knee","Slice"],"picked":"Escape Plan"},{"not_picked":["Doppelganger","Die Die Die"],"picked":"After Image"},{"not_picked":["Sucker Punch","Choke"],"picked":"Malaise"},{"not_picked":["Flying Knee","Dagger Spray"],"picked":"Bane"},{"not_picked":["Acrobatics","Finisher"],"picked":"Dagger Spray"},{"not_picked":["Dagger Spray","Dagger Throw"],"picked":"Outmaneuver"},{"not_picked":["Sucker Punch","Dodge and Roll"],"picked":"Backstab"},{"not_picked":["All Out Attack","Heel Hook"],"picked":"Noxious Fumes"},{"not_picked":["Poisoned Stab","Deflect"],"picked":"Backflip"},{"not_picked":["Storm of Steel","Expertise"],"picked":"Backstab"},{"not_picked":["All Out Attack","Cloak And Dagger"],"picked":"Dash"}],"player_experience":763215,"potions_floor_usage":[16,16,18,24,28,31,33,35,36,38,38,39,39,45,46,48,50,50,50,50],"damage_taken":[{"damage":0,"enemies":"Small Slimes","floor":1,"turns":3},{"damage":0,"enemies":"Cultist","floor":3,"turns":4},{"damage":0,"enemies":"2 Louse","floor":7,"turns":4},{"damage":1,"enemies":"Exordium Thugs","floor":10,"turns":6},{"damage":0,"enemies":"2 Fungi Beasts","floor":11,"turns":5},{"damage":0,"enemies":"The Guardian","floor":16,"turns":11},{"damage":3,"enemies":"2 Thieves","floor":18,"turns":5},{"damage":0,"enemies":"Spheric Guardian","floor":22,"turns":6},{"damage":0,"enemies":"3 Cultists","floor":24,"turns":6},{"damage":0,"enemies":"Snake Plant","floor":28,"turns":4},{"damage":0,"enemies":"Slaver and Parasite","floor":31,"turns":6},{"damage":0,"enemies":"Champ","floor":33,"turns":13},{"damage":0,"enemies":"3 Shapes","floor":35,"turns":7},{"damage":10,"enemies":"3 Darklings","floor":36,"turns":7},{"damage":0,"enemies":"Sphere and 2 Shapes","floor":38,"turns":6},{"damage":21,"enemies":"Mysterious Sphere","floor":39,"turns":5},{"damage":0,"enemies":"Maw","floor":44,"turns":8},{"damage":0,"enemies":"3 Darklings","floor":45,"turns":6},{"damage":0,"enemies":"Sphere and 2 Shapes","floor":46,"turns":6},{"damage":0,"enemies":"4 Shapes","floor":48,"turns":5},{"damage":0,"enemies":"Time Eater","floor":50,"turns":15}],"event_choices":[{"event_name":"Golden Shrine","player_choice":"Desecrate","floor":4,"damage_taken":0},{"event_name":"The Cleric","player_choice":"Leave","floor":14,"damage_taken":0},{"event_name":"Purifier","player_choice":"One Purge","floor":19,"damage_taken":0},{"event_name":"Beggar","player_choice":"Gave Gold","floor":20,"damage_taken":0},{"event_name":"The Joust","player_choice":"Bet on Murderer","floor":21,"damage_taken":0},{"event_name":"Mysterious Sphere","player_choice":"Fight","floor":39,"damage_taken":0},{"event_name":"Upgrade Shrine","player_choice":"Upgraded","floor":47,"damage_taken":0}],"boss_relics":[{"not_picked":["Sozu","Philosopher\u0027s Stone"],"picked":"Astrolabe"},{"not_picked":["Velvet Choker","Snecko Eye"],"picked":"Tiny House"}],"potions_floor_spawned":[1,7,10,18,24,33,38,39],"seed_played":"8705591611914899515","ascension_level":0,"is_trial":false}