{"gold_per_floor":[117,8,8,78,44,44,79,79,103,113,131,31,45,71,71,167,167,184,184,184],"floor_reached":20,"playtime":846,"items_purged":["Strike_R","Strike_R"],"score":225,"play_id":"c0ca8d9d-0814-43e1-bb76-833f1157b402","local_time":"20181204160001","is_ascension_mode":true,"campfire_choices":[{"data":"Bash","floor":6,"key":"SMITH"},{"data":"Whirlwind","floor":8,"key":"SMITH"},{"data":"Battle Trance","floor":15,"key":"SMITH"}],"neow_cost":"TEN_PERCENT_HP_LOSS","seed_source_timestamp":1791076909719884,"circlet_count":0,"master_deck":["Strike_R+1","Strike_R+1","Strike_R","Defend_R","Defend_R","Defend_R","Defend_R","Bash+1","Reaper+1","Carnage+1","Whirlwind+1","Feel No Pain","Feel No Pain","Corruption","True Grit","Body Slam","Battle Trance+1","Demon Form","Shrug It Off+1","Writhe"],"relics":["Burning Blood","Whetstone","Boot","PreservedInsect","Runic Pyramid","Pear"],"potions_floor_usage":[14,14,14,16,20,20,20],"damage_taken":[{"damage":16,"enemies":"Cultist","floor":1,"turns":4},{"damage":16,"enemies":"Gremlin Nob","floor":7,"turns":3},{"damage":0,"enemies":"Small Slimes","floor":10,"turns":2},{"damage":7,"enemies":"Jaw Worm","floor":11,"turns":2},{"damage":6,"enemies":"Exordium Wildlife","floor":13,"turns":3},{"damage":28,"enemies":"Lagavulin","floor":14,"turns":5},{"damage":57,"enemies":"Hexaghost","floor":16,"turns":11},{"damage":34,"enemies":"3 Byrds","floor":18,"turns":5},{"damage":65,"enemies":"Colosseum Slavers","floor":20,"turns":4}],"seed_played":"-7385297811067815028","potions_obtained":[{"floor":10,"key":"SpeedPotion"},{"floor":13,"key":"EntropicBrew"},{"floor":14,"key":"GamblersBrew"},{"floor":18,"key":"SkillPotion"}],"is_trial":false,"path_per_floor":["M","$","?","?","$","R","E","R","T","M","M","$","M","E","R","B",null,"M","?","?"],"character_chosen":"IRONCLAD","items_purchased":["Whirlwind","Feel No Pain"],"campfire_rested":0,"item_purchase_floors":[2,5],"current_hp_per_floor":[68,68,54,54,54,54,44,44,44,60,59,59,68,53,53,9,56,37,47,0],"gold":184,"neow_bonus":"THREE_RARE_CARDS","is_prod":false,"is_daily":false,"chose_seed":false,"campfire_upgraded":3,"win_rate":0,"timestamp":1543957201,"path_taken":["M","?","?","?","?","R","E","R","T","M","?","$","M","E","R","BOSS","M","?","?"],"build_version":"2018-11-15","purchased_purges":2,"victory":false,"max_hp_per_floor":[72,72,72,72,72,72,72,72,72,72,72,72,72,72,72,72,72,72,82,82],"card_choices":[{"not_picked":["Fiend Fire","Impervious"],"picked":"Reaper","floor":0},{"not_picked":["Warcry","Blood for Blood"],"picked":"Carnage","floor":1},{"not_picked":["Body Slam","Anger"],"picked":"Feel No Pain","floor":7},{"not_picked":["Headbutt","Metallicize"],"picked":"Corruption","floor":10},{"not_picked":["Flex","Wild Strike"],"picked":"True Grit","floor":11},{"not_picked":["Sword Boomerang","True Grit"],"picked":"Body Slam","floor":13},{"not_picked":["Seeing Red","Dropkick"],"picked":"Battle Trance","floor":14},{"not_picked":["Juggernaut","Impervious"],"picked":"Demon Form","floor":16},{"not_picked":["Inflame","Body Slam"],"picked":"Shrug It Off+1","floor":18}],"player_experience":2645371,"relics_obtained":[{"floor":7,"key":"Whetstone"},{"floor":9,"key":"Boot"},{"floor":14,"key":"PreservedInsect"}],"event_choices":[{"damage_healed":0,"gold_gain":0,"player_choice":"Entered Light","damage_taken":14,"max_hp_gain":0,"max_hp_loss":0,"event_name":"Shining Light","floor":3,"gold_loss":0,"cards_upgraded":["Strike_R","Carnage"]},{"damage_healed":0,"gold_gain":70,"player_choice":"Gained Gold","damage_taken":0,"max_hp_gain":0,"max_hp_loss":0,"event_name":"Golden Wing","floor":4,"gold_loss":0},{"damage_healed":0,"gold_gain":0,"player_choice":"Opened","damage_taken":0,"relics_obtained":["Pear"],"max_hp_gain":0,"max_hp_loss":0,"event_name":"The Mausoleum","floor":19,"gold_loss":0,"cards_obtained":["Writhe"]},{"damage_healed":0,"gold_gain":0,"player_choice":"Fight","damage_taken":0,"max_hp_gain":0,"max_hp_loss":0,"event_name":"Colosseum","floor":20,"gold_loss":0}],"is_beta":false,"boss_relics":[{"not_picked":["Eternal Feather","Fusion Hammer"],"picked":"Runic Pyramid"}],"items_purged_floors":[2,12],"is_endless":false,"potions_floor_spawned":[10,13,14,18],"killed_by":"Colosseum Slavers","ascension_level":5}