{"gold_per_floor":[109,284,304,86,86,86,96,121,175,191,209,209,219,69,69,167,167,177,177,74,92,92,104,104,133,159,192,206,33,44,75,75,170,170,183,183,183,183],"floor_reached":39,"playtime":1968,"items_purged":["Doubt","Strike_R","Strike_R+1"],"score":714,"play_id":"4ac7c258-2085-48fa-9160-4f3268e9455d","local_time":"20190618093803","is_ascension_mode":false,"campfire_choices":[{"data":"Shockwave","floor":6,"key":"SMITH"},{"data":"Spot Weakness","floor":12,"key":"SMITH"},{"data":"Inflame","floor":15,"key":"SMITH"},{"data":"Heavy Blade","floor":24,"key":"SMITH"},{"data":"Feed","floor":32,"key":"SMITH"}],"neow_cost":"NONE","seed_source_timestamp":464376829966413,"circlet_count":0,"master_deck":["Strike_R+1","Strike_R+1","Strike_R+1","Defend_R+1","Defend_R+1","Defend_R+1","Defend_R+1","Bash","Shockwave+1","Heavy Blade+1","Inflame+1","Burning Pact","Spot Weakness+1","Sword Boomerang","Shrug It Off","Impervious","Pummel+1","Disarm","Shrug It Off","Headbutt+1","Shrug It Off","Seeing Red","Feed+1","Flame Barrier","Intimidate","Barricade"],"relics":["Burning Blood","Vajra","Omamori","Happy Flower","Cursed Key","Necronomicon","Bottled Flame","Bronze Scales","Smiling Mask","Gambling Chip","Busted Crown"],"potions_floor_usage":[16,16,23,25,27,27,31,38],"damage_taken":[{"damage":15,"enemies":"Jaw Worm","floor":1,"turns":5},{"damage":5,"enemies":"Small Slimes","floor":3,"turns":5},{"damage":0,"enemies":"Cultist","floor":7,"turns":2},{"damage":6,"enemies":"Lagavulin","floor":8,"turns":6},{"damage":15,"enemies":"Large Slime","floor":10,"turns":6},{"damage":16,"enemies":"3 Louse","floor":11,"turns":3},{"damage":9,"enemies":"2 Fungi Beasts","floor":13,"turns":2},{"damage":22,"enemies":"Hexaghost","floor":16,"turns":5},{"damage":14,"enemies":"Spheric Guardian","floor":18,"turns":4},{"damage":0,"enemies":"Chosen","floor":21,"turns":3},{"damage":0,"enemies":"Centurion and Healer","floor":23,"turns":5},{"damage":0,"enemies":"Book of Stabbing","floor":25,"turns":3},{"damage":6,"enemies":"Slavers","floor":27,"turns":3},{"damage":0,"enemies":"Sentry and Sphere","floor":28,"turns":3},{"damage":0,"enemies":"Chosen and Byrds","floor":30,"turns":5},{"damage":4,"enemies":"Book of Stabbing","floor":31,"turns":3},{"damage":37,"enemies":"Automaton","floor":33,"turns":7},{"damage":3,"enemies":"3 Shapes","floor":35,"turns":2},{"damage":0,"enemies":"Time Eater","floor":38,"turns":12}],"seed_played":"-7559671555635415790","potions_obtained":[{"floor":0,"key":"Strength Potion"},{"floor":0,"key":"LiquidBronze"},{"floor":0,"key":"Swift Potion"},{"floor":7,"key":"Dexterity Potion"},{"floor":18,"key":"FearPotion"},{"floor":21,"key":"SkillPotion"},{"floor":23,"key":"PowerPotion"},{"floor":35,"key":"SpeedPotion"}],"is_trial":false,"path_per_floor":["M","?","M","$","?","R","M","E","T","M","M","R","M","$","R","B",null,"M","?","$","M","?","M","R","E","T","E","M","$","M","E","R","B",null,"M","?","?","B",null],"character_chosen":"IRONCLAD","items_purchased":["Vajra","Shrug It Off","Disarm","Shrug It Off","Feed","SteroidPotion"],"campfire_rested":0,"item_purchase_floors":[4,14,20,20,29,29],"current_hp_per_floor":[71,71,72,72,72,72,78,78,78,69,59,59,56,56,56,40,80,72,72,72,78,62,68,68,74,74,74,80,80,83,86,86,59,90,90,85,85,85],"gold":183,"neow_bonus":"THREE_SMALL_POTIONS","is_prod":false,"is_daily":false,"chose_seed":false,"campfire_upgraded":5,"win_rate":0,"timestamp":1560865083,"path_taken":["M","?","M","$","?","R","M","E","T","M","M","R","?","$","R","BOSS","M","?","$","M","?","M","R","E","T","E","M","$","M","E","R","BOSS","M","?","?","BOSS"],"build_version":"2019-01-23","purchased_purges":3,"victory":true,"max_hp_per_floor":[80,80,80,80,80,80,80,80,80,80,80,80,80,80,80,80,80,80,80,80,80,80,80,80,80,80,80,80,80,83,86,86,90,90,90,85,85,85],"card_choices":[{"not_picked":["Flame Barrier","Pummel"],"picked":"Shockwave","floor":1},{"not_picked":["Clash","Havoc"],"picked":"Heavy Blade","floor":3},{"not_picked":["Pummel","Cleave"],"picked":"Inflame","floor":7},{"not_picked":["Sever Soul","Perfected Strike","Second Wind"],"picked":"SKIP","floor":8},{"not_picked":["Combust","Shockwave"],"picked":"Burning Pact","floor":10},{"not_picked":["Perfected Strike","Heavy Blade"],"picked":"Spot Weakness","floor":11},{"not_picked":["Thunderclap","Wild Strike"],"picked":"Sword Boomerang","floor":13},{"not_picked":["Juggernaut","Berserk"],"picked":"Impervious","floor":16},{"not_picked":["Twin Strike","Fire Breathing"],"picked":"Pummel+1","floor":18},{"not_picked":["Fire Breathing","Iron Wave"],"picked":"Headbutt+1","floor":21},{"not_picked":["Havoc","Reckless Charge+1"],"picked":"Shrug It Off","floor":23},{"not_picked":["Metallicize","Inflame+1"],"picked":"Seeing Red","floor":25},{"not_picked":["Armaments","Sentinel","Shockwave+1"],"picked":"SKIP","floor":27},{"not_picked":["Perfected Strike","Pommel Strike","Headbutt"],"picked":"SKIP","floor":28},{"not_picked":["Armaments","Body Slam+1"],"picked":"Flame Barrier","floor":30},{"not_picked":["Demon Form","Twin Strike+1"],"picked":"Intimidate","floor":31},{"not_picked":["Impervious","Immolate"],"picked":"Barricade","floor":33},{"not_picked":["Pommel Strike+1"],"picked":"SKIP","floor":35}],"player_experience":3780576,"relics_obtained":[{"floor":8,"key":"Omamori"},{"floor":9,"key":"Happy Flower"},{"floor":22,"key":"Necronomicon"},{"floor":25,"key":"Bottled Flame"},{"floor":26,"key":"Bronze Scales"},{"floor":27,"key":"Smiling Mask"},{"floor":31,"key":"Gambling Chip"}],"event_choices":[{"damage_healed":0,"gold_gain":175,"player_choice":"AGREE","damage_taken":0,"max_hp_gain":0,"max_hp_loss":0,"event_name":"Liars Game","floor":2,"gold_loss":0,"cards_obtained":["Doubt"]},{"damage_healed":0,"gold_gain":0,"player_choice":"Bought 0 Potions","damage_taken":0,"max_hp_gain":0,"max_hp_loss":0,"event_name":"The Woman in Blue","floor":5,"gold_loss":0},{"damage_healed":0,"gold_gain":0,"player_choice":"Simplicity","damage_taken":0,"max_hp_gain":0,"max_hp_loss":0,"event_name":"Back to Basics","floor":19,"gold_loss":0,"cards_upgraded":["Strike_R","Strike_R","Strike_R","Strike_R","Defend_R","Defend_R","Defend_R","Defend_R"]},{"damage_healed":0,"gold_gain":0,"player_choice":"Obtained Book","damage_taken":16,"max_hp_gain":0,"max_hp_loss":0,"event_name":"Cursed Tome","floor":22,"gold_loss":0},{"damage_healed":0,"gold_gain":0,"player_choice":"Max HP","damage_taken":0,"max_hp_gain":0,"max_hp_loss":5,"event_name":"Winding Halls","floor":36,"gold_loss":0},{"damage_healed":0,"gold_gain":0,"player_choice":"Took Portal","damage_taken":0,"max_hp_gain":0,"max_hp_loss":0,"event_name":"SecretPortal","floor":37,"gold_loss":0}],"is_beta":false,"boss_relics":[{"not_picked":["Runic Cube","Black Blood"],"picked":"Cursed Key"},{"not_picked":["Empty Cage","Eternal Feather"],"picked":"Busted Crown"}],"items_purged_floors":[4,14,29],"is_endless":false,"potions_floor_spawned":[7,13,18,21,23,35],"ascension_level":0}