{"gold_per_floor":[111,131,146,3,14,14,49,49,96,115,141,161,187,262,262,357,357,374,33,33,33,44,79,96,122,168,168,217,242,258,158,158,253,253,269,282,297,297,308,308,39,39,39,57,73,73,23,41,41,41,41,41,41,70,70],"floor_reached":56,"playtime":15798,"items_purged":["Strike_G","Shame","Defend_G"],"score":1225,"play_id":"7a2bea46-632c-4020-bfb9-3c5e7a7b1fb0","local_time":"20190630020640","is_ascension_mode":true,"campfire_choices":[{"data":"Wraith Form v2","floor":6.0,"key":"SMITH"},{"data":"After Image","floor":8.0,"key":"SMITH"},{"data":"Terror","floor":15.0,"key":"SMITH"},{"data":"Neutralize","floor":27,"key":"SMITH"},{"data":"Malaise","floor":32,"key":"SMITH"},{"data":"Bouncing Flask","floor":40,"key":"SMITH"},{"data":"After Image","floor":42,"key":"SMITH"},{"data":"Bane","floor":46,"key":"SMITH"},{"floor":49,"key":"RECALL"},{"data":"Deadly Poison","floor":52,"key":"SMITH"}],"neow_cost":"NONE","seed_source_timestamp":0,"circlet_count":0,"master_deck":["Defend_G","Defend_G","Defend_G","Defend_G","Strike_G","Strike_G","Strike_G","Strike_G","Survivor","Neutralize+1","Deadly Poison+1","Dagger Spray","Poisoned Stab","Wraith Form v2+1","After Image+1","Terror+1","Bane+1","Blur","Bouncing Flask+1","Malaise+1","Slice","Blade Dance+1","Adrenaline","Malaise+1","Prepared+1","After Image+1","Calculated Gamble+1","Madness","Madness","Finisher"],"special_seed":0,"relics":["Eternal Feather","Ornamental Fan","Oddly Smooth Stone","Blood Vial","Vajra","Runic Pyramid","Kunai","Bronze Scales","Regal Pillow","PreservedInsect","Happy Flower","Ancient Tea Set","Velvet Choker","Snake Skull","Ninja Scroll","Bottled Flame"],"potions_floor_usage":[29,29,33,35,39,39,55],"damage_taken":[{"damage":0.0,"enemies":"2 Louse","floor":1.0,"turns":2.0},{"damage":9.0,"enemies":"Jaw Worm","floor":2.0,"turns":5.0},{"damage":0.0,"enemies":"Cultist","floor":3.0,"turns":5.0},{"damage":18.0,"enemies":"Exordium Thugs","floor":5.0,"turns":7.0},{"damage":15.0,"enemies":"Gremlin Nob","floor":7.0,"turns":6.0},{"damage":0.0,"enemies":"Red Slaver","floor":10.0,"turns":4.0},{"damage":5.0,"enemies":"Lagavulin","floor":11.0,"turns":8.0},{"damage":6.0,"enemies":"3 Louse","floor":12.0,"turns":5.0},{"damage":2.0,"enemies":"3 Sentries","floor":13.0,"turns":6.0},{"damage":17.0,"enemies":"The Guardian","floor":16.0,"turns":9.0},{"damage":0.0,"enemies":"Shell Parasite","floor":18.0,"turns":6.0},{"damage":9.0,"enemies":"Chosen","floor":22.0,"turns":3.0},{"damage":3.0,"enemies":"Book of Stabbing","floor":23.0,"turns":5.0},{"damage":0.0,"enemies":"Snecko","floor":24.0,"turns":6.0},{"damage":13.0,"enemies":"Gremlin Leader","floor":25.0,"turns":8.0},{"damage":14,"enemies":"Slavers","floor":29,"turns":5},{"damage":1,"enemies":"Shelled Parasite and Fungi","floor":30,"turns":5},{"damage":1,"enemies":"Champ","floor":33,"turns":14},{"damage":1,"enemies":"3 Darklings","floor":35,"turns":6},{"damage":12,"enemies":"3 Shapes","floor":36,"turns":4},{"damage":13,"enemies":"Spire Growth","floor":37,"turns":6},{"damage":4,"enemies":"Maw","floor":39,"turns":8},{"damage":8,"enemies":"Sphere and 2 Shapes","floor":44,"turns":6},{"damage":27,"enemies":"4 Shapes","floor":45,"turns":5},{"damage":4,"enemies":"Jaw Worm Horde","floor":48,"turns":5},{"damage":41,"enemies":"Time Eater","floor":50,"turns":12},{"damage":13,"enemies":"Shield and Spear","floor":54,"turns":7},{"damage":44,"enemies":"The Heart","floor":55,"turns":9}],"seed_played":"8933719098516433286","potions_obtained":[{"floor":5.0,"key":"SpeedPotion"},{"floor":10.0,"key":"LiquidBronze"},{"floor":11.0,"key":"SteroidPotion"},{"floor":12.0,"key":"Ancient Potion"},{"floor":23.0,"key":"Energy Potion"},{"floor":24.0,"key":"EssenceOfSteel"},{"floor":29,"key":"Block Potion"},{"floor":30,"key":"Ancient Potion"},{"floor":33,"key":"GhostInAJar"},{"floor":36,"key":"Ancient Potion"},{"floor":39,"key":"Dexterity Potion"},{"floor":48,"key":"FairyPotion"}],"is_trial":false,"path_per_floor":["M","M","M","$","M","R","E","R","T","M","E","M","E","?","R","B",null,"M","$","?","?","M","E","M","E","T","R","T","E","M","$","R","B",null,"M","M","M","?","M","R","$","R","T","M","M","R","$","M","R","B",null,"R","$","E","B",null],"character_chosen":"THE_SILENT","items_purchased":["Wraith Form v2","Slice","Kunai","Snake Skull","PowerPotion"],"campfire_rested":0,"item_purchase_floors":[4,19,19,41,47],"current_hp_per_floor":[70,61,61,61,43,52,37,46,46,46,41,37,37,26,38,23,70,70,70,70,70,61,60,62,51,51,66,66,54,55,55,70,69,70,69,58,47,38,36,54,54,69,69,62,37,52,52,50,68,29,70,70,70,57,15],"gold":70,"neow_bonus":"BOSS_RELIC","is_prod":false,"is_daily":false,"chose_seed":false,"campfire_upgraded":9,"win_rate":1,"timestamp":1561885600,"path_taken":["M","M","M","$","M","R","E","R","T","M","E","M","E","?","R","BOSS","BOSS","M","$","?","?","?","E","M","E","T","R","?","E","M","$","R","BOSS","M","M","M","?","M","R","$","R","T","M","M","R","$","M","R","BOSS","R","$","E","BOSS"],"build_version":"2019-01-23","purchased_purges":3,"victory":true,"max_hp_per_floor":[70,70,70,70,70,70,70,70,70,70,70,70,70,70,70,70,70,70,70,70,70,70,70,70,70,70,70,70,70,70,70,70,70,70,70,70,70,70,70,70,70,70,70,70,70,70,70,70,70,70,70,70,70,70,70],"card_choices":[{"not_picked":["Backflip","Heel Hook"],"picked":"Deadly Poison","floor":1.0},{"not_picked":["Caltrops","Backflip"],"picked":"Dagger Spray","floor":2.0},{"not_picked":["Expertise","Deflect"],"picked":"Poisoned Stab","floor":3.0},{"not_picked":["Caltrops","Underhanded Strike"],"picked":"After Image","floor":5.0},{"not_picked":["Calculated Gamble","Flechettes"],"picked":"Terror","floor":7.0},{"not_picked":["Dagger Spray","Sucker Punch"],"picked":"Bane","floor":10.0},{"not_picked":["Heel Hook","Expertise"],"picked":"Blur","floor":11.0},{"not_picked":["Flying Knee","Underhanded Strike","Bane"],"picked":"SKIP","floor":12.0},{"not_picked":["Flying Knee","Dagger Spray"],"picked":"Bouncing Flask","floor":13.0},{"not_picked":["Envenom","Burst"],"picked":"Malaise","floor":16.0},{"not_picked":["Quick Slash","Predator+1","Bouncing Flask+1"],"picked":"SKIP","floor":18.0},{"not_picked":["Quick Slash","Eviscerate","Sucker Punch"],"picked":"SKIP","floor":22.0},{"not_picked":["Underhanded Strike","Bouncing Flask","Deflect"],"picked":"SKIP","floor":23.0},{"not_picked":["Backstab","Outmaneuver"],"picked":"Blade Dance+1","floor":24.0},{"not_picked":["Flechettes+1","Crippling Poison+1"],"picked":"Adrenaline","floor":25.0},{"not_picked":["Dagger Throw+1","Heel Hook"],"picked":"Malaise","floor":29},{"not_picked":["Skewer+1","Bane+1"],"picked":"Prepared+1","floor":30},{"not_picked":["A Thousand Cuts","Venomology"],"picked":"After Image","floor":33},{"not_picked":["Masterful Stab+1","Noxious Fumes"],"picked":"Calculated Gamble+1","floor":35},{"not_picked":["Dodge and Roll+1","Deflect+1","Sucker Punch+1"],"picked":"SKIP","floor":36},{"not_picked":["Deflect+1","Blade Dance","Backflip"],"picked":"SKIP","floor":37},{"not_picked":["Dodge and Roll+1","Underhanded Strike","Poisoned Stab+1"],"picked":"SKIP","floor":39},{"not_picked":["Deflect","Underhanded Strike+1","Dodge and Roll"],"picked":"SKIP","floor":44},{"not_picked":["Deadly Poison","Outmaneuver+1","Backflip"],"picked":"SKIP","floor":45},{"not_picked":["Tactician","Outmaneuver"],"picked":"Finisher","floor":48},{"not_picked":["Underhanded Strike","Finisher+1","Reflex"],"picked":"SKIP","floor":54}],"player_experience":79826,"relics_obtained":[{"floor":7.0,"key":"Ornamental Fan"},{"floor":9.0,"key":"Oddly Smooth Stone"},{"floor":11.0,"key":"Blood Vial"},{"floor":13.0,"key":"Vajra"},{"floor":23.0,"key":"Regal Pillow"},{"floor":25.0,"key":"PreservedInsect"},{"floor":26.0,"key":"Happy Flower"},{"floor":29,"key":"Ancient Tea Set"},{"floor":43,"key":"Ninja Scroll"},{"floor":54,"key":"Bottled Flame"}],"event_choices":[{"damage_healed":0.0,"max_hp_gain":0.0,"max_hp_loss":0.0,"gold_gain":75.0,"event_name":"World of Goop","player_choice":"Gather Gold","floor":14.0,"gold_loss":0.0,"damage_taken":11.0},{"damage_healed":0.0,"max_hp_gain":0.0,"max_hp_loss":0.0,"gold_gain":0.0,"event_name":"Addict","player_choice":"Stole Relic","floor":20.0,"gold_loss":0.0,"damage_taken":0.0,"relics_obtained":["Bronze Scales"],"cards_obtained":["Shame"]},{"damage_healed":0.0,"max_hp_gain":0.0,"max_hp_loss":0.0,"gold_gain":0.0,"event_name":"Accursed Blacksmith","player_choice":"Forge","floor":21.0,"gold_loss":0.0,"damage_taken":0.0,"cards_upgraded":["Malaise"]},{"damage_healed":0,"gold_gain":0,"player_choice":"Embrace Madness","damage_taken":9,"max_hp_gain":0,"max_hp_loss":0,"event_name":"Winding Halls","floor":38,"gold_loss":0,"cards_obtained":["Madness","Madness"]}],"is_beta":false,"boss_relics":[{"not_picked":["Busted Crown","WristBlade"],"picked":"Runic Pyramid"},{"not_picked":["Empty Cage","Snecko Eye"],"picked":"Velvet Choker"}],"items_purged_floors":[19,31,41],"is_endless":false,"potions_floor_spawned":[5,10,11,12,23,24,29,30,33,36,39,48],"ascension_level":1}