{"path_per_floor":["M","M","T","?","M","R","$","R","T","R","E","R","M","$","R","B",null,"M","M","?","M","$","R","E","R","T","M","?","?","E","M","R","B",null,"M","?","M","$","?"],"character_chosen":"THE_SILENT","items_purchased":["Escape Plan","Dexterity Potion","Bandage Up","Kunai"],"gold_per_floor":[114,133,160,110,122,122,47,47,47,47,79,79,91,0,0,100,100,120,130,130,140,40,40,67,67,119,131,91,91,116,126,126,228,258,269,269,280,9,9],"floor_reached":40,"campfire_rested":1,"playtime":3024,"current_hp_per_floor":[70,70,70,70,70,70,70,70,70,70,70,70,69,69,69,66,70,66,64,64,61,61,61,70,70,70,57,57,41,39,31,52,36,75,72,72,72,72,63],"items_purged":["Strike_G","Injury"],"gold":9,"score":472,"play_id":"2be42f7b-03f5-428d-8a91-8653cfc88020","local_time":"20180312142852","is_prod":false,"is_daily":false,"is_ascension_mode":false,"campfire_upgraded":7,"timestamp":1520879332,"path_taken":["M","M","?","?","M","R","$","R","T","R","E","R","M","$","R","BOSS","M","M","?","M","$","R","E","R","T","M","?","?","E","M","R","BOSS","M","?","M","$","?","E"],"build_version":"2018-03-09","purchased_purges":3,"victory":false,"master_deck":["Defend_G","Defend_G+1","Defend_G","Defend_G","Defend_G","Strike_G","Strike_G","Survivor","Neutralize+1","Glass Knife+1","Infinite Blades","Dagger Spray+1","After Image+1","Sucker Punch+1","Escape Plan","A Thousand Cuts+1","Blur+1","Slice","Deflect+1","Noxious Fumes+1","Dash","Envenom","Escape Plan","Bandage Up","Madness","Madness"],"max_hp_per_floor":[70,70,70,70,70,70,70,70,70,70,70,70,70,70,70,70,70,70,70,70,70,70,70,70,70,70,70,70,70,70,70,70,70,75,75,75,75,75,75],"relics":["Ring of the Snake","Bag of Marbles","Calipers","Happy Flower","Black Star","Pen Nib","Juzu Bracelet","Ancient Tea Set","Nilry\u0027s Codex","The Courier","Bottled Flame","Tiny House","Kunai"],"card_choices":[{"not_picked":["Underhanded Strike","Deadly Poison"],"picked":"Infinite Blades"},{"not_picked":["Sucker Punch","Escape Plan"],"picked":"Dagger Spray"},{"not_picked":["Outmaneuver","Bouncing Flask"],"picked":"After Image"},{"not_picked":["Deflect","PiercingWail"],"picked":"Sucker Punch"},{"not_picked":["Grand Finale","Night Terror"],"picked":"A Thousand Cuts"},{"not_picked":["Prepared","Setup"],"picked":"Blur"},{"not_picked":["Quick Slash","Dagger Throw"],"picked":"Slice"},{"not_picked":["Flying Knee","Acrobatics"],"picked":"Deflect"},{"not_picked":["Sucker Punch","Slice"],"picked":"Noxious Fumes"},{"not_picked":["Deadly Poison","Concentrate"],"picked":"Dash"},{"not_picked":["Die Die Die","Night Terror"],"picked":"Envenom"},{"not_picked":["Dagger Spray","PiercingWail"],"picked":"Escape Plan"}],"player_experience":991254,"potions_floor_usage":[11,16,21,24,30,30,30,33,33,40,40,40],"damage_taken":[{"damage":0,"enemies":"Cultist","floor":1,"turns":3},{"damage":0,"enemies":"2 Louse","floor":2,"turns":3},{"damage":0,"enemies":"Jaw Worm","floor":5,"turns":1},{"damage":0,"enemies":"3 Sentries","floor":11,"turns":4},{"damage":1,"enemies":"Exordium Thugs","floor":13,"turns":4},{"damage":3,"enemies":"Slime Boss","floor":16,"turns":8},{"damage":4,"enemies":"Shell Parasite","floor":18,"turns":6},{"damage":2,"enemies":"3 Byrds","floor":19,"turns":4},{"damage":3,"enemies":"Slaver and Parasite","floor":21,"turns":7},{"damage":0,"enemies":"Gremlin Leader","floor":24,"turns":8},{"damage":13,"enemies":"Snake Plant","floor":27,"turns":5},{"damage":2,"enemies":"Book of Stabbing","floor":30,"turns":7},{"damage":8,"enemies":"Centurion and Healer","floor":31,"turns":5},{"damage":16,"enemies":"Champ","floor":33,"turns":12},{"damage":3,"enemies":"3 Shapes","floor":35,"turns":6},{"damage":0,"enemies":"Orb Walker","floor":37,"turns":4},{"damage":82,"enemies":"2 Orb Walkers","floor":40,"turns":5}],"event_choices":[{"event_name":"The Cleric","player_choice":"Card Removal","floor":4,"damage_taken":0},{"event_name":"Accursed Blacksmith","player_choice":"Forge","floor":20,"damage_taken":0},{"event_name":"The Woman in Blue","player_choice":"Bought 3 Potions","floor":28,"damage_taken":0},{"event_name":"Cursed Tome","player_choice":"Obtained Book","floor":29,"damage_taken":0},{"event_name":"Tomb of Lord Red Mask","player_choice":"Ignored","floor":36,"damage_taken":0},{"event_name":"Winding Halls","player_choice":"Embrace Madness","floor":39,"damage_taken":0}],"boss_relics":[{"not_picked":["Orrery","Calling Bell"],"picked":"Black Star"},{"not_picked":["White Beast Statue","Eternal Feather"],"picked":"Tiny House"}],"potions_floor_spawned":[1,19,21,30,33,35],"seed_played":"-9128079363922366503","killed_by":"2 Orb Walkers","ascension_level":0,"is_trial":false}