{"gold_per_floor":[114,129,144,159,174,204,219,234,284,299,299,329,344,359,359,459,459,474,573,588,588,588,618,633,648,648,663,34,49,109,124,124,224,224,239,254,14,29,29,29,59,59,84,84,99,129,144,159,159,159],"floor_reached":51,"playtime":60658,"items_purged":[],"score":846,"play_id":"ad068b14-ce0d-48a9-a88d-f4e53528399c","local_time":"20180801112118","daily_mods":["Brewmaster","Time Dilation","Hoarder"],"is_ascension_mode":false,"campfire_choices":[{"data":"Shockwave","floor":15,"key":"SMITH"},{"data":"Limit Break","floor":32,"key":"SMITH"}],"neow_cost":"","seed_source_timestamp":0,"circlet_count":0,"master_deck":["Strike_R","Strike_R","Strike_R","Strike_R","Strike_R","Defend_R","Defend_R","Defend_R","Defend_R","Bash","Venomology","Venomology","Venomology","Venomology","Venomology","Venomology","Venomology","Venomology","Venomology","Venomology","Venomology","Venomology","Venomology","Venomology","Venomology","Metallicize","Metallicize","Metallicize","Inflame","Inflame","Inflame","Shockwave+1","Shockwave","Shockwave","Limit Break+1","Limit Break","Limit Break","Pummel+1","Pummel+1","Pummel+1","Dropkick+1","Dropkick+1","Dropkick+1","Body Slam+1","Body Slam+1","Body Slam+1","Dark Shackles","Dark Shackles","Dark Shackles","Feel No Pain","Feel No Pain","Feel No Pain","Rupture+1","Rupture+1","Rupture+1","Juggernaut","Juggernaut","Juggernaut","Wild Strike+1","Wild Strike+1","Wild Strike+1","Madness","Madness","Madness","Madness","Madness","Madness","Sword Boomerang+1","Sword Boomerang+1","Sword Boomerang+1"],"special_seed":17743,"relics":["Burning Blood","White Beast Statue","Blood Vial","Charon\u0027s Ashes","Coffee Dripper","Nloth\u0027s Gift","Turnip","The Courier","Orichalcum","Bottled Lightning","Centennial Puzzle","Tiny Chest","Fusion Hammer","Champion Belt","StoneCalendar","Ancient Tea Set","Blue Candle"],"potions_floor_usage":[1,1,1,1,2,2,2,2,3,3,3,4,4,4,4,4,4,5,5,5,5,5,5,5,5,5,5,5,6,6,6,6,6,6,6,7,7,7,7,7,7,7,8,8,10,10,10,12,12,12,12,12,12,12,12,12,12,12,12,13,13,13,13,14,14,14,14,14,14,14,16,16,16,16,16,16,16,16,16,16,16,16,16,16,16,16,16,18,18,18,18,18,18,20,20,20,20,20,20,23,23,23,23,23,23,23,23,23,23,23,24,24,24,24,24,24,24,25,25,25,25,25,25,27,27,27,27,27,27,27,29,29,29,29,29,29,29,29,30,30,30,30,31,31,31,31,33,33,33,33,33,33,33,33,33,33,33,33,33,33,33,33,33,33,33,35,35,36,36,38,38,38,38,38,38,38,41,41,41,41,41,41,41,41,45,45,45,45,45,46,46,46,46,47,47,47,47,47,48,48,48,48,48,50,50,50,50,50,50,50,50,50,50,50,50,50],"damage_taken":[{"damage":8,"enemies":"Cultist","floor":1,"turns":7},{"damage":0,"enemies":"Small Slimes","floor":2,"turns":3},{"damage":8,"enemies":"2 Louse","floor":3,"turns":4},{"damage":0,"enemies":"Blue Slaver","floor":4,"turns":3},{"damage":13,"enemies":"Exordium Wildlife","floor":5,"turns":8},{"damage":7,"enemies":"3 Sentries","floor":6,"turns":11},{"damage":20,"enemies":"Exordium Thugs","floor":7,"turns":5},{"damage":0,"enemies":"3 Louse","floor":8,"turns":1},{"damage":0,"enemies":"Looter","floor":10,"turns":1},{"damage":0,"enemies":"Lagavulin","floor":12,"turns":7},{"damage":16,"enemies":"Gremlin Gang","floor":13,"turns":6},{"damage":10,"enemies":"Red Slaver","floor":14,"turns":4},{"damage":14,"enemies":"The Guardian","floor":16,"turns":10},{"damage":0,"enemies":"3 Byrds","floor":18,"turns":5},{"damage":1,"enemies":"Chosen","floor":20,"turns":6},{"damage":32,"enemies":"Gremlin Leader","floor":23,"turns":6},{"damage":23,"enemies":"Snake Plant","floor":24,"turns":3},{"damage":5,"enemies":"Centurion and Healer","floor":25,"turns":4},{"damage":0,"enemies":"3 Cultists","floor":27,"turns":4},{"damage":0,"enemies":"Snecko","floor":29,"turns":7},{"damage":2,"enemies":"Slavers","floor":30,"turns":3},{"damage":4,"enemies":"Sentry and Sphere","floor":31,"turns":4},{"damage":12,"enemies":"Champ","floor":33,"turns":9},{"damage":0,"enemies":"Flame Bruiser 1 Orb","floor":35,"turns":7},{"damage":0,"enemies":"3 Shapes","floor":36,"turns":3},{"damage":3,"enemies":"Maw","floor":38,"turns":7},{"damage":8,"enemies":"Giant Head","floor":41,"turns":7},{"damage":21,"enemies":"Spire Growth","floor":45,"turns":4},{"damage":18,"enemies":"Nemesis","floor":46,"turns":5},{"damage":0,"enemies":"Transient","floor":47,"turns":5},{"damage":6,"enemies":"Maw","floor":48,"turns":4},{"damage":30,"enemies":"Time Eater","floor":50,"turns":12}],"seed_played":"4161929215003559377","potions_obtained":[{"floor":1,"key":"Explosive Potion"},{"floor":2,"key":"Fruit Juice"},{"floor":3,"key":"EssenceOfSteel"},{"floor":5,"key":"Energy Potion"},{"floor":6,"key":"FearPotion"},{"floor":7,"key":"SkillPotion"},{"floor":8,"key":"AttackPotion"},{"floor":10,"key":"EssenceOfSteel"},{"floor":12,"key":"SpeedPotion"},{"floor":14,"key":"EntropicBrew"},{"floor":16,"key":"Strength Potion"},{"floor":18,"key":"Energy Potion"},{"floor":20,"key":"Explosive Potion"},{"floor":23,"key":"Poison Potion"},{"floor":24,"key":"BloodPotion"},{"floor":25,"key":"Explosive Potion"},{"floor":27,"key":"EssenceOfSteel"},{"floor":29,"key":"Strength Potion"},{"floor":30,"key":"AttackPotion"},{"floor":31,"key":"SkillPotion"},{"floor":33,"key":"Strength Potion"},{"floor":35,"key":"Dexterity Potion"},{"floor":41,"key":"Explosive Potion"},{"floor":45,"key":"Fire Potion"},{"floor":46,"key":"AttackPotion"},{"floor":47,"key":"Block Potion"}],"is_trial":false,"path_per_floor":["M","M","M","M","M","E","M","M","T","M","?","E","M","M","R","B",null,"M","?","M","?","?","E","M","M","T","M","$","M","E","M","R","B",null,"M","M","$","M","?","R","E","R","T","R","M","E","M","M","R","B"],"character_chosen":"IRONCLAD","items_purchased":["Orichalcum","Bottled Lightning","Centennial Puzzle","Dark Shackles","Feel No Pain","Champion Belt"],"campfire_rested":0,"item_purchase_floors":[28,28,28,28,28,37],"current_hp_per_floor":[78,80,83,85,85,84,71,79,79,85,90,90,80,78,78,81,90,90,90,90,81,81,66,51,63,63,71,71,88,90,90,90,90,90,90,90,90,90,79,79,88,88,88,88,84,74,88,90,90,80],"gold":159,"neow_bonus":"","is_prod":false,"is_daily":true,"chose_seed":false,"campfire_upgraded":2,"win_rate":0,"timestamp":1533136878,"path_taken":["M","M","M","M","M","E","M","M","T","M","?","E","M","M","R","BOSS","M","?","M","?","?","E","M","M","T","M","$","M","E","?","R","BOSS","M","M","$","M","?","R","E","R","T","R","M","E","M","?","R","BOSS"],"build_version":"2018-07-26","purchased_purges":0,"victory":true,"max_hp_per_floor":[80,80,85,85,85,85,85,85,85,85,90,90,90,90,90,90,90,90,90,90,90,90,90,90,90,90,90,90,90,90,90,90,90,90,90,90,90,90,90,90,90,90,90,90,90,90,90,90,90,90],"card_choices":[{"not_picked":["Headbutt","Shrug It Off","Blood for Blood"],"picked":"SKIP","floor":1},{"not_picked":["Perfected Strike","Sentinel"],"picked":"Metallicize","floor":2},{"not_picked":["Body Slam","Twin Strike","Feel No Pain"],"picked":"SKIP","floor":3},{"not_picked":["Headbutt","Iron Wave","Twin Strike"],"picked":"SKIP","floor":4},{"not_picked":["Warcry","Anger","Clothesline"],"picked":"SKIP","floor":5},{"not_picked":["Twin Strike","Iron Wave"],"picked":"Inflame","floor":6},{"not_picked":["Thunderclap","Brutality","Wild Strike"],"picked":"SKIP","floor":7},{"not_picked":["Armaments","Clothesline","Pommel Strike"],"picked":"SKIP","floor":8},{"not_picked":["Thunderclap","Spot Weakness","Power Through"],"picked":"SKIP","floor":10},{"not_picked":["Carnage","Demon Form","Headbutt"],"picked":"SKIP","floor":12},{"not_picked":["Flame Barrier","Evolve"],"picked":"Shockwave","floor":13},{"not_picked":["Dropkick","Armaments","Bloodletting"],"picked":"SKIP","floor":14},{"not_picked":["Juggernaut","Immolate"],"picked":"Limit Break","floor":16},{"not_picked":["Heavy Blade","Searing Blow","True Grit"],"picked":"SKIP","floor":18},{"not_picked":["Havoc","Intimidate"],"picked":"Pummel+1","floor":20},{"not_picked":["Uppercut+1","Immolate"],"picked":"Dropkick+1","floor":23},{"not_picked":["Disarm","Shockwave+1","Perfected Strike"],"picked":"SKIP","floor":24},{"not_picked":["Pommel Strike","Iron Wave"],"picked":"Body Slam+1","floor":25},{"not_picked":["True Grit","Flex","Dropkick+1"],"picked":"SKIP","floor":27},{"not_picked":["Armaments","Flex","Warcry"],"picked":"SKIP","floor":29},{"not_picked":["Clash","Reaper"],"picked":"Rupture+1","floor":30},{"not_picked":["Flex","Dark Embrace","Double Tap"],"picked":"SKIP","floor":31},{"not_picked":["Double Tap","Limit Break"],"picked":"Juggernaut","floor":33},{"not_picked":["Headbutt","Exhume"],"picked":"Wild Strike+1","floor":35},{"not_picked":["Armaments","Headbutt+1","Fire Breathing+1"],"picked":"SKIP","floor":36},{"not_picked":["Rampage+1","Impervious","Clash"],"picked":"SKIP","floor":38},{"not_picked":["Bludgeon","Clothesline+1","Headbutt"],"picked":"SKIP","floor":41},{"not_picked":["Pommel Strike","Flex+1","Headbutt+1"],"picked":"SKIP","floor":45},{"not_picked":["Body Slam","Pummel","Flex"],"picked":"SKIP","floor":46},{"not_picked":["Anger","Whirlwind+1"],"picked":"Sword Boomerang+1","floor":47},{"not_picked":["Rupture","Feel No Pain","Combust+1"],"picked":"SKIP","floor":48}],"player_experience":1980429,"relics_obtained":[{"floor":6,"key":"Blood Vial"},{"floor":9,"key":"Bag of Marbles"},{"floor":12,"key":"Charon\u0027s Ashes"},{"floor":23,"key":"Turnip"},{"floor":26,"key":"The Courier"},{"floor":30,"key":"Tiny Chest"},{"floor":41,"key":"StoneCalendar"},{"floor":43,"key":"Ancient Tea Set"},{"floor":46,"key":"Blue Candle"}],"event_choices":[{"event_name":"Big Fish","player_choice":"Donut","floor":11,"damage_taken":0},{"event_name":"Nest","player_choice":"Stole From Cult","floor":19,"damage_taken":0},{"event_name":"Wheel of Change","player_choice":"Damage","floor":21,"damage_taken":0},{"event_name":"N\u0027loth","player_choice":"Traded a Bag of Marbles","floor":22,"damage_taken":0},{"event_name":"Winding Halls","player_choice":"Embrace Madness","floor":39,"damage_taken":0}],"is_beta":false,"boss_relics":[{"not_picked":["Runic Pyramid","Black Star"],"picked":"Coffee Dripper"},{"not_picked":["Runic Cube","Eternal Feather"],"picked":"Fusion Hammer"}],"items_purged_floors":[],"is_endless":false,"potions_floor_spawned":[1,2,3,4,5,6,7,8,10,12,13,14,16,18,20,23,24,25,27,29,30,31,33,35,36,38,41,45,46,47,48],"ascension_level":0}