{"gold_per_floor":[116,136,155,155,167,195,195,255,255,255,273,126,139,153,153,255,255,271,288,308,308,31,31,41,70,152,152,180,55,88,100,100,200,200,214,263,73,151,165,165,193,193,193,205,205,205,205,30,30,30,30,30,30,55,55],"floor_reached":56,"playtime":12532,"items_purged":["Strike_R","Strike_R","Strike_R","Strike_R","Strike_R"],"score":1344,"play_id":"bc378e96-d336-4108-bb34-ddf86bd0a569","local_time":"20190705132723","is_ascension_mode":true,"campfire_choices":[{"data":"Iron Wave","floor":7.0,"key":"SMITH"},{"data":"Barricade","floor":10.0,"key":"SMITH"},{"data":"Corruption","floor":15.0,"key":"SMITH"},{"data":"Reaper","floor":23.0,"key":"SMITH"},{"data":"Armaments","floor":32.0,"key":"SMITH"},{"data":"Shockwave","floor":40.0,"key":"SMITH"},{"data":"Impervious","floor":42.0,"key":"SMITH"},{"floor":47,"key":"RECALL"},{"data":"Battle Trance","floor":49,"key":"SMITH"},{"data":"Bash","floor":52,"key":"SMITH"}],"neow_cost":"NONE","seed_source_timestamp":0,"circlet_count":0,"master_deck":["Defend_R","Defend_R","Defend_R","Defend_R","Bash+1","Reaper+1","Headbutt","Clothesline","Pommel Strike","Iron Wave+1","Headbutt","Barricade+1","Corruption+1","Shrug It Off","Entrench","Impervious+1","Shockwave+1","Metallicize","True Grit+1","Necronomicurse","Shrug It Off","Armaments+1","Brutality","Battle Trance+1","Demon Form+1","Metallicize+1","Sword Boomerang+1"],"special_seed":0,"relics":["Burning Blood","PreservedInsect","Tiny Chest","Coffee Dripper","Necronomicon","Oddly Smooth Stone","Du-Vu Doll","Ornamental Fan","Frozen Egg 2","Lantern","Snecko Eye","Unceasing Top","Gremlin Horn","Torii","Sundial","StoneCalendar","Mummified Hand"],"potions_floor_usage":[45,55,55],"damage_taken":[{"damage":8.0,"enemies":"Jaw Worm","floor":1.0,"turns":5.0},{"damage":3.0,"enemies":"2 Louse","floor":2.0,"turns":3.0},{"damage":5.0,"enemies":"Cultist","floor":3.0,"turns":4.0},{"damage":30.0,"enemies":"Exordium Thugs","floor":5.0,"turns":6.0},{"damage":20.0,"enemies":"3 Sentries","floor":6.0,"turns":9.0},{"damage":12.0,"enemies":"Gremlin Nob","floor":8.0,"turns":3.0},{"damage":6.0,"enemies":"Gremlin Gang","floor":11.0,"turns":6.0},{"damage":18.0,"enemies":"Exordium Wildlife","floor":13.0,"turns":4.0},{"damage":5.0,"enemies":"Looter","floor":14.0,"turns":4.0},{"damage":24.0,"enemies":"Hexaghost","floor":16.0,"turns":14.0},{"damage":0.0,"enemies":"Shell Parasite","floor":18.0,"turns":7.0},{"damage":31.0,"enemies":"2 Thieves","floor":19.0,"turns":5.0},{"damage":0.0,"enemies":"Centurion and Healer","floor":20.0,"turns":8.0},{"damage":6.0,"enemies":"Snake Plant","floor":24.0,"turns":6.0},{"damage":17.0,"enemies":"Slavers","floor":25.0,"turns":7.0},{"damage":6.0,"enemies":"Gremlin Leader","floor":28.0,"turns":5.0},{"damage":40.0,"enemies":"Slavers","floor":30.0,"turns":6.0},{"damage":2.0,"enemies":"Snecko","floor":31.0,"turns":4.0},{"damage":20.0,"enemies":"Automaton","floor":33.0,"turns":11.0},{"damage":3.0,"enemies":"3 Darklings","floor":35.0,"turns":6.0},{"damage":9.0,"enemies":"2 Orb Walkers","floor":36.0,"turns":5.0},{"damage":10.0,"enemies":"3 Shapes","floor":39.0,"turns":4.0},{"damage":24.0,"enemies":"Reptomancer","floor":41.0,"turns":5.0},{"damage":14,"enemies":"3 Darklings","floor":44,"turns":6},{"damage":0,"enemies":"Sphere and 2 Shapes","floor":45,"turns":1},{"damage":1,"enemies":"Donu and Deca","floor":50,"turns":5},{"damage":5,"enemies":"Shield and Spear","floor":54,"turns":5},{"damage":21,"enemies":"The Heart","floor":55,"turns":8}],"seed_played":"-4310436211461983050","potions_obtained":[{"floor":3.0,"key":"EssenceOfSteel"},{"floor":8.0,"key":"Fruit Juice"},{"floor":11.0,"key":"Poison Potion"},{"floor":13.0,"key":"Explosive Potion"},{"floor":16.0,"key":"Ancient Potion"},{"floor":20.0,"key":"EssenceOfSteel"},{"floor":24.0,"key":"EssenceOfSteel"},{"floor":30.0,"key":"SmokeBomb"},{"floor":33.0,"key":"Poison Potion"},{"floor":36.0,"key":"LiquidBronze"}],"is_trial":false,"path_per_floor":["M","M","M","?","M","E","R","E","T","R","M","$","M","M","R","B",null,"M","M","M","?","$","R","M","E","T","?","E","$","E","M","R","B",null,"M","?","$","T","M","R","E","R","T","M","M","T","R","$","R","B",null,"R","$","E","B",null],"character_chosen":"IRONCLAD","items_purchased":["Corruption","Shrug It Off","Oddly Smooth Stone","Metallicize+1"],"campfire_rested":0,"item_purchase_floors":[12,22,22,37],"current_hp_per_floor":[78,80,80,80,56,54,54,53,53,53,61,61,53,58,58,46,85,85,68,85,69,69,69,76,85,85,69,90,90,75,79,79,77,90,90,90,90,90,90,90,72,72,72,90,90,90,90,90,90,90,90,90,90,90,90],"gold":55,"neow_bonus":"ONE_RANDOM_RARE_CARD","is_prod":false,"is_daily":false,"chose_seed":false,"campfire_upgraded":9,"win_rate":0,"timestamp":1562358443,"path_taken":["M","M","M","?","M","E","R","E","T","R","M","$","M","M","R","BOSS","M","M","M","?","$","R","M","E","T","?","E","$","E","M","R","BOSS","M","?","$","?","M","R","E","R","T","?","M","?","R","$","R","BOSS","R","$","E","BOSS"],"build_version":"2019-07-01","purchased_purges":5,"victory":true,"max_hp_per_floor":[80,80,80,80,80,80,80,85,85,85,85,85,85,85,85,85,85,85,85,85,85,85,85,85,85,85,90,90,90,90,90,90,90,90,90,90,90,90,90,90,90,90,90,90,90,90,90,90,90,90,90,90,90,90,90],"card_choices":[{"not_picked":["Burning Pact","Warcry"],"picked":"Headbutt","floor":1.0},{"not_picked":["Bloodletting","Shrug It Off"],"picked":"Clothesline","floor":2.0},{"not_picked":["Anger","Uppercut"],"picked":"Pommel Strike","floor":3.0},{"not_picked":["Wild Strike","Clothesline"],"picked":"Iron Wave","floor":5.0},{"not_picked":["Juggernaut","Perfected Strike"],"picked":"Headbutt","floor":6.0},{"not_picked":["Headbutt","Cleave"],"picked":"Barricade","floor":8.0},{"not_picked":["Twin Strike","Heavy Blade","Headbutt"],"picked":"SKIP","floor":11.0},{"not_picked":["Dropkick","Clash"],"picked":"Shrug It Off","floor":13.0},{"not_picked":["Clash","Iron Wave"],"picked":"Entrench","floor":14.0},{"not_picked":["Immolate","Dark Embrace"],"picked":"Impervious","floor":16.0},{"not_picked":["Rampage","Iron Wave"],"picked":"Shockwave","floor":18.0},{"not_picked":["Power Through","Evolve"],"picked":"Metallicize","floor":19.0},{"not_picked":["Rampage+1","Warcry"],"picked":"True Grit+1","floor":20.0},{"not_picked":["Flex","Blood for Blood"],"picked":"Armaments","floor":24.0},{"not_picked":["Clash+1","Shockwave"],"picked":"Brutality","floor":25.0},{"not_picked":["Rampage+1","Thunderclap","Sever Soul"],"picked":"SKIP","floor":28.0},{"not_picked":["Heavy Blade","Sword Boomerang+1","Second Wind"],"picked":"SKIP","floor":30.0},{"not_picked":["Wild Strike","Fire Breathing+1"],"picked":"Battle Trance","floor":31.0},{"not_picked":["Immolate","Feed"],"picked":"Demon Form+1","floor":33.0},{"not_picked":["Perfected Strike","Flex+1","Cleave+1"],"picked":"SKIP","floor":35.0},{"not_picked":["Ghostly Armor","Carnage","Bloodletting+1"],"picked":"SKIP","floor":39.0},{"not_picked":["Ghostly Armor","Carnage","Bloodletting+1"],"picked":"SKIP","floor":39.0},{"not_picked":["Sword Boomerang+1","Blood for Blood+1","Corruption+1"],"picked":"SKIP","floor":41.0},{"not_picked":["Flex","Searing Blow+1"],"picked":"Sword Boomerang+1","floor":44},{"not_picked":["Sever Soul","Fiend Fire","Pommel Strike"],"picked":"SKIP","floor":54}],"player_experience":159657,"relics_obtained":[{"floor":6.0,"key":"PreservedInsect"},{"floor":8.0,"key":"Tiny Chest"},{"floor":21.0,"key":"Necronomicon"},{"floor":25.0,"key":"Du-Vu Doll"},{"floor":26.0,"key":"Ornamental Fan"},{"floor":28.0,"key":"Frozen Egg 2"},{"floor":30.0,"key":"Lantern"},{"floor":36.0,"key":"Unceasing Top"},{"floor":38.0,"key":"Gremlin Horn"},{"floor":41.0,"key":"Torii"},{"floor":43.0,"key":"Sundial"},{"floor":46,"key":"StoneCalendar"},{"floor":54,"key":"Mummified Hand"}],"event_choices":[{"damage_healed":0.0,"max_hp_gain":0.0,"max_hp_loss":0.0,"gold_gain":0.0,"event_name":"Liars Game","player_choice":"Ignored","floor":4.0,"gold_loss":0.0,"damage_taken":0.0},{"damage_healed":0.0,"max_hp_gain":0.0,"max_hp_loss":0.0,"gold_gain":0.0,"event_name":"Cursed Tome","player_choice":"Obtained Book","floor":21.0,"gold_loss":0.0,"damage_taken":16.0},{"damage_healed":0.0,"max_hp_gain":5.0,"max_hp_loss":0.0,"gold_gain":0.0,"event_name":"Forgotten Altar","player_choice":"Shed Blood","floor":27.0,"gold_loss":0.0,"damage_taken":21.0},{"damage_healed":0.0,"max_hp_gain":0.0,"max_hp_loss":0.0,"gold_gain":0.0,"event_name":"Mysterious Sphere","player_choice":"Fight","floor":36.0,"gold_loss":0.0,"damage_taken":0.0}],"is_beta":false,"boss_relics":[{"not_picked":["Cursed Key","Ectoplasm"],"picked":"Coffee Dripper"},{"not_picked":["Velvet Choker","Sozu"],"picked":"Snecko Eye"}],"items_purged_floors":[12,22,29,37,48],"is_endless":false,"potions_floor_spawned":[3,8,11,13,16,20,24,30,33,36,45],"ascension_level":2}