{"gold_per_floor":[118,293,310,310,328,328,8,23,23,23,48,48,48,81,81,181,181,197,197,214,113,129,156,71,71,98,116,116,116,126,136,136,231,231,241,241,151,151,151,151,151,151,228,248,50,61,78,97,97,97],"floor_reached":51,"playtime":3057,"items_purged":["Writhe","Pain"],"score":856,"play_id":"e83d075e-66e5-47f9-8f51-1c39db95659f","local_time":"20190720200246","is_ascension_mode":true,"campfire_choices":[{"data":"Neutralize","floor":6,"key":"SMITH"},{"data":"Noxious Fumes","floor":10,"key":"SMITH"},{"data":"Leg Sweep","floor":13,"key":"SMITH"},{"data":"Well Laid Plans","floor":15,"key":"SMITH"},{"data":"Catalyst","floor":25,"key":"SMITH"},{"floor":28,"key":"REST"},{"data":"RitualDagger","floor":32,"key":"SMITH"},{"data":"Wraith Form v2","floor":40,"key":"SMITH"},{"data":"Deflect","floor":42,"key":"SMITH"},{"data":"Accuracy","floor":49,"key":"SMITH"}],"neow_cost":"NONE","seed_source_timestamp":343454662945,"circlet_count":0,"master_deck":["Survivor","Neutralize+1","Leg Sweep+1","PiercingWail+1","Noxious Fumes+1","Well Laid Plans+1","Deflect+1","Catalyst+1","Cloak And Dagger+1","Calculated Gamble+1","Deadly Poison+1","Quick Slash","Finisher","Venomology+1","Flying Knee","Doppelganger+1","Die Die Die","Phantasmal Killer+1","Terror+1","Infinite Blades+1","Blade Dance+1","Crippling Poison+1","Cloak And Dagger+1","Calculated Gamble+1","RitualDagger+1","Blade Dance+1","Cloak And Dagger+1","Wraith Form v2+1","Calculated Gamble+1","Secret Weapon+1","Finesse+1","Endless Agony+1","Blade Dance+1","Concentrate+1","Accuracy+1","Prepared+1","Endless Agony+1"],"relics":["Eternal Feather","Question Card","Shuriken","Toxic Egg 2","Pandora\u0027s Box","Juzu Bracelet","Pear","Mercury Hourglass","Bronze Scales","Coffee Dripper","WarpedTongs","Paper Crane"],"potions_floor_usage":[11,18,20,22,22,23,30,31,35,48,50,50],"damage_taken":[{"damage":5,"enemies":"Cultist","floor":1,"turns":6},{"damage":0,"enemies":"Small Slimes","floor":3,"turns":5},{"damage":1,"enemies":"2 Louse","floor":5,"turns":4},{"damage":1,"enemies":"Blue Slaver","floor":8,"turns":7},{"damage":36,"enemies":"Gremlin Nob","floor":11,"turns":7},{"damage":5,"enemies":"Lagavulin","floor":14,"turns":9},{"damage":13,"enemies":"Hexaghost","floor":16,"turns":12},{"damage":3,"enemies":"Spheric Guardian","floor":18,"turns":4},{"damage":18,"enemies":"3 Byrds","floor":20,"turns":4},{"damage":12,"enemies":"Snecko","floor":22,"turns":6},{"damage":9,"enemies":"Book of Stabbing","floor":23,"turns":5},{"damage":24,"enemies":"Snake Plant","floor":27,"turns":4},{"damage":12,"enemies":"Shelled Parasite and Fungi","floor":30,"turns":4},{"damage":1,"enemies":"3 Cultists","floor":31,"turns":4},{"damage":23,"enemies":"Collector","floor":33,"turns":6},{"damage":2,"enemies":"3 Darklings","floor":35,"turns":3},{"damage":8,"enemies":"3 Shapes","floor":44,"turns":4},{"damage":1,"enemies":"Transient","floor":46,"turns":5},{"damage":3,"enemies":"Sphere and 2 Shapes","floor":47,"turns":4},{"damage":18,"enemies":"Writhing Mass","floor":48,"turns":4},{"damage":26,"enemies":"Donu and Deca","floor":50,"turns":6}],"seed_played":"-2833561272204063249","potions_obtained":[{"floor":5,"key":"SpeedPotion"},{"floor":8,"key":"FairyPotion"},{"floor":14,"key":"SkillPotion"},{"floor":16,"key":"Energy Potion"}],"is_trial":false,"path_per_floor":["M","?","M","?","M","R","$","M","T","R","E","?","R","E","R","B",null,"M","?","M","$","M","E","?","R","T","M","R","?","M","M","R","B",null,"M","?","?","?","?","R","?","R","T","M","$","M","M","M","R","B",null],"character_chosen":"THE_SILENT","items_purchased":["Question Card","Well Laid Plans","Blade Dance+1","Blade Dance+1","Concentrate+1"],"campfire_rested":1,"item_purchase_floors":[7,7,21,45,45],"current_hp_per_floor":[65,65,65,58,57,66,66,65,65,70,34,39,48,43,52,39,66,63,63,45,45,33,34,34,46,46,22,62,56,44,43,58,35,73,71,61,61,61,61,79,79,85,85,77,77,76,73,55,76,50],"gold":97,"neow_bonus":"BOSS_RELIC","is_prod":false,"is_daily":false,"chose_seed":false,"campfire_upgraded":9,"win_rate":0,"timestamp":1563645766,"path_taken":["M","?","M","?","M","R","$","M","T","R","E","?","R","E","R","BOSS","M","?","M","$","M","E","?","R","T","M","R","?","M","M","R","BOSS","M","?","?","?","?","R","?","R","T","M","$","M","M","M","R","BOSS"],"build_version":"2019-07-17","purchased_purges":2,"victory":true,"max_hp_per_floor":[70,70,70,70,70,70,70,70,70,70,70,75,75,75,75,75,75,75,75,75,75,75,85,85,85,85,85,85,85,85,85,85,85,85,85,85,85,85,85,85,85,85,85,85,85,85,85,85,85,85],"card_choices":[{"not_picked":["Slice","Masterful Stab"],"picked":"Leg Sweep","floor":1},{"not_picked":["Quick Slash","Acrobatics"],"picked":"PiercingWail","floor":3},{"not_picked":["Riddle With Holes","Deflect"],"picked":"Noxious Fumes","floor":5},{"not_picked":["Dagger Throw","Expertise","Flechettes"],"picked":"Deflect","floor":8},{"not_picked":["Infinite Blades","Finisher","Quick Slash"],"picked":"Catalyst","floor":11},{"not_picked":["Heel Hook","Concentrate","Prepared"],"picked":"Cloak And Dagger","floor":14},{"not_picked":["Envenom","Doppelganger+1","Wraith Form v2"],"picked":"Grand Finale","floor":16},{"not_picked":["Deflect+1","Noxious Fumes","Slice"],"picked":"Infinite Blades+1","floor":18},{"not_picked":["Quick Slash","Deadly Poison+1","All Out Attack","Heel Hook"],"picked":"SKIP","floor":20},{"not_picked":["Reflex+1","Deflect+1","Dagger Throw+1"],"picked":"Crippling Poison+1","floor":22},{"not_picked":["Prepared+1","Concentrate+1","Crippling Poison+1"],"picked":"Cloak And Dagger+1","floor":23},{"not_picked":["Poisoned Stab+1","Glass Knife","Outmaneuver+1"],"picked":"Calculated Gamble+1","floor":27},{"not_picked":["Dagger Throw+1","PiercingWail+1","Heel Hook"],"picked":"Blade Dance+1","floor":30},{"not_picked":["Sucker Punch","Flechettes","Dodge and Roll+1"],"picked":"Cloak And Dagger+1","floor":31},{"not_picked":["Tools of the Trade","A Thousand Cuts","Night Terror+1"],"picked":"Wraith Form v2","floor":33},{"not_picked":["Slice+1","Blur+1","PiercingWail+1"],"picked":"Calculated Gamble+1","floor":35},{"not_picked":["Forethought+1","Secret Technique+1","Impatience+1"],"picked":"Secret Weapon+1","floor":36},{"not_picked":["Trip+1","Dark Shackles+1","Forethought+1"],"picked":"Finesse+1","floor":36},{"not_picked":["Finesse+1","Metamorphosis+1","Swift Strike"],"picked":"Flash of Steel","floor":36},{"not_picked":["Dagger Spray+1","Outmaneuver+1","Dagger Throw"],"picked":"Endless Agony+1","floor":44},{"not_picked":["Cloak And Dagger+1","Flying Knee","Calculated Gamble+1"],"picked":"Accuracy","floor":46},{"not_picked":["Outmaneuver+1","Riddle With Holes+1","Endless Agony+1"],"picked":"Prepared+1","floor":47},{"not_picked":["Footwork","Prepared+1","Sucker Punch"],"picked":"Endless Agony+1","floor":48}],"player_experience":183718,"relics_obtained":[{"floor":11,"key":"Shuriken"},{"floor":14,"key":"Toxic Egg 2"},{"floor":23,"key":"Pear"},{"floor":26,"key":"Bronze Scales"},{"floor":43,"key":"Paper Crane"}],"event_choices":[{"damage_healed":0,"gold_gain":175,"player_choice":"AGREE","damage_taken":0,"max_hp_gain":0,"max_hp_loss":0,"event_name":"Liars Game","floor":2,"gold_loss":0,"cards_obtained":["Doubt"]},{"cards_removed":["Doubt"],"damage_healed":0,"gold_gain":0,"player_choice":"Card Removal","damage_taken":7,"max_hp_gain":0,"max_hp_loss":0,"event_name":"Golden Wing","floor":4,"gold_loss":0},{"damage_healed":0,"gold_gain":0,"player_choice":"Donut","damage_taken":0,"max_hp_gain":5,"max_hp_loss":0,"event_name":"Big Fish","floor":12,"gold_loss":0},{"damage_healed":0,"gold_gain":0,"player_choice":"Opened","damage_taken":0,"relics_obtained":["Juzu Bracelet"],"max_hp_gain":0,"max_hp_loss":0,"event_name":"The Mausoleum","floor":19,"gold_loss":0,"cards_obtained":["Writhe"]},{"damage_healed":0,"gold_gain":0,"player_choice":"Obtained Relic","damage_taken":0,"relics_obtained":["Mercury Hourglass"],"max_hp_gain":0,"max_hp_loss":0,"event_name":"Addict","floor":24,"gold_loss":85},{"damage_healed":0,"gold_gain":0,"player_choice":"Joined the Cult","damage_taken":6,"max_hp_gain":0,"max_hp_loss":0,"event_name":"Nest","floor":29,"gold_loss":0,"cards_obtained":["RitualDagger"]},{"damage_healed":0,"gold_gain":0,"player_choice":"Memory 3","damage_taken":10,"max_hp_gain":0,"max_hp_loss":0,"event_name":"SensoryStone","floor":36,"gold_loss":0},{"cards_removed":["Grand Finale"],"damage_healed":0,"gold_gain":0,"player_choice":"Upgrade and Remove","damage_taken":0,"max_hp_gain":0,"max_hp_loss":0,"event_name":"Designer","floor":37,"gold_loss":90,"cards_upgraded":["PiercingWail"]},{"damage_healed":0,"gold_gain":0,"player_choice":"Rummage","damage_taken":0,"relics_obtained":["WarpedTongs"],"max_hp_gain":0,"max_hp_loss":0,"event_name":"Accursed Blacksmith","floor":38,"gold_loss":0,"cards_obtained":["Pain"]},{"damage_healed":0,"gold_gain":0,"player_choice":"Ignored","damage_taken":0,"max_hp_gain":0,"max_hp_loss":0,"event_name":"Tomb of Lord Red Mask","floor":39,"gold_loss":0},{"cards_removed":["Flash of Steel"],"damage_healed":0,"gold_gain":0,"player_choice":"Removed Attack","damage_taken":0,"max_hp_gain":0,"max_hp_loss":0,"event_name":"Falling","floor":41,"gold_loss":0}],"is_beta":false,"boss_relics":[{"not_picked":["Sozu","Fusion Hammer"],"picked":"Pandora\u0027s Box"},{"not_picked":["Lizard Tail","Snecko Eye"],"picked":"Coffee Dripper"}],"items_purged_floors":[21,45],"is_endless":false,"potions_floor_spawned":[5,8,14,16,18,20,47,48],"ascension_level":5}