{"gold_per_floor":[112,112,19,38,55,55,55,71,71,71,71,71,90,125,125,256,256,270,270,284,29,45,45,45,65,65,65,65],"floor_reached":28,"playtime":2112,"items_purged":[],"score":218,"play_id":"739f9cea-87eb-4f25-a15e-c127135462f9","local_time":"20190720224824","is_ascension_mode":false,"campfire_choices":[{"floor":6,"key":"RECALL"},{"floor":10,"key":"REST"},{"data":"Poisoned Stab","floor":12,"key":"SMITH"},{"floor":15,"key":"REST"},{"floor":23,"key":"REST"},{"floor":27,"key":"REST"}],"neow_cost":"NONE","seed_source_timestamp":31060529158400,"circlet_count":0,"master_deck":["Strike_G","Strike_G","Strike_G","Strike_G","Defend_G","Defend_G","Defend_G","Defend_G","Survivor","Neutralize","Tactician","Dramatic Entrance","Poisoned Stab+1","Deadly Poison","Injury","Quick Slash","Bane","Tools of the Trade+1","Die Die Die","Die Die Die","Bouncing Flask","PiercingWail+1","Endless Agony"],"relics":["Ring of the Snake","Anchor","Ancient Tea Set","Golden Idol","Frozen Egg 2","Happy Flower","Busted Crown","Matryoshka","Meat on the Bone","Question Card"],"potions_floor_usage":[8,14,16,22,28],"damage_taken":[{"damage":0,"enemies":"Small Slimes","floor":1,"turns":4},{"damage":0,"enemies":"Jaw Worm","floor":4,"turns":4},{"damage":0,"enemies":"2 Louse","floor":5,"turns":3},{"damage":9,"enemies":"Blue Slaver","floor":8,"turns":3},{"damage":6,"enemies":"Large Slime","floor":13,"turns":5},{"damage":39,"enemies":"Gremlin Nob","floor":14,"turns":6},{"damage":20,"enemies":"The Guardian","floor":16,"turns":10},{"damage":35,"enemies":"Spheric Guardian","floor":18,"turns":6},{"damage":0,"enemies":"Chosen","floor":20,"turns":4},{"damage":20,"enemies":"Snake Plant","floor":22,"turns":4},{"damage":35,"enemies":"Shelled Parasite and Fungi","floor":25,"turns":6},{"damage":31,"enemies":"Sentry and Sphere","floor":28,"turns":5}],"seed_played":"-3067520087444339568","potions_obtained":[{"floor":1,"key":"Weak Potion"},{"floor":8,"key":"EssenceOfSteel"},{"floor":13,"key":"FearPotion"},{"floor":18,"key":"LiquidBronze"},{"floor":25,"key":"Energy Potion"}],"is_trial":false,"path_per_floor":["M","?","$","M","M","R","?","M","T","R","T","R","M","E","R","B",null,"M","?","M","$","M","R","?","M","T","R","M"],"character_chosen":"THE_SILENT","items_purchased":["Dramatic Entrance","Matryoshka"],"campfire_rested":4,"item_purchase_floors":[3,21],"current_hp_per_floor":[70,52,52,52,52,52,52,43,43,64,64,64,58,19,40,20,70,35,35,35,35,15,36,36,1,1,22,0],"gold":65,"neow_bonus":"RANDOM_COMMON_RELIC","is_prod":false,"is_daily":false,"chose_seed":false,"campfire_upgraded":1,"win_rate":0,"timestamp":1563680904,"path_taken":["M","?","$","M","M","R","?","M","T","R","?","R","M","E","R","BOSS","M","?","M","$","M","R","?","M","T","R","M"],"build_version":"2019-07-17","purchased_purges":0,"victory":false,"max_hp_per_floor":[70,70,70,70,70,70,70,70,70,70,70,70,70,70,70,70,70,70,70,70,70,70,70,70,70,70,70,70],"card_choices":[{"not_picked":["Caltrops","Slice"],"picked":"Tactician","floor":1},{"not_picked":["Dagger Throw","Reflex"],"picked":"Poisoned Stab","floor":4},{"not_picked":["PiercingWail","Dodge and Roll"],"picked":"Deadly Poison","floor":5},{"not_picked":["Acrobatics","Prepared"],"picked":"Quick Slash","floor":8},{"not_picked":["Calculated Gamble","Caltrops+1"],"picked":"Bane","floor":13},{"not_picked":["Distraction","Glass Knife"],"picked":"Tools of the Trade+1","floor":14},{"not_picked":["Wraith Form v2+1","A Thousand Cuts+1"],"picked":"Die Die Die","floor":16},{"not_picked":["Dagger Spray"],"picked":"SKIP","floor":18},{"not_picked":[],"picked":"PiercingWail+1","floor":20},{"not_picked":[],"picked":"Endless Agony","floor":22},{"not_picked":["Choke"],"picked":"SKIP","floor":25}],"player_experience":233740,"relics_obtained":[{"floor":11,"key":"Frozen Egg 2"},{"floor":14,"key":"Happy Flower"},{"floor":26,"key":"Meat on the Bone"},{"floor":26,"key":"Question Card"}],"event_choices":[{"damage_healed":0,"gold_gain":0,"player_choice":"Success","damage_taken":18,"relics_obtained":["Ancient Tea Set"],"max_hp_gain":0,"max_hp_loss":0,"event_name":"Scrap Ooze","floor":2,"gold_loss":0},{"damage_healed":0,"gold_gain":0,"player_choice":"Take Wound","damage_taken":0,"relics_obtained":["Golden Idol"],"max_hp_gain":0,"max_hp_loss":0,"event_name":"Golden Idol","floor":7,"gold_loss":0,"cards_obtained":["Injury"]},{"damage_healed":0,"gold_gain":0,"cards_transformed":["Defend_G","Strike_G"],"player_choice":"Became Test Subject","damage_taken":0,"max_hp_gain":0,"max_hp_loss":0,"event_name":"Drug Dealer","floor":19,"gold_loss":0,"cards_obtained":["Die Die Die","Bouncing Flask"]},{"damage_healed":0,"gold_gain":0,"player_choice":"Ignored","damage_taken":0,"max_hp_gain":0,"max_hp_loss":0,"event_name":"Vampires","floor":24,"gold_loss":0}],"is_beta":false,"boss_relics":[{"not_picked":["Snecko Eye","Calling Bell"],"picked":"Busted Crown"}],"items_purged_floors":[],"is_endless":false,"potions_floor_spawned":[1,8,13,18,25],"killed_by":"Sentry and Sphere","ascension_level":0}