{"gold_per_floor":[111,186,186,186,28,61,61,26,51,85,110,131,44,67,67,160,160,178,191,191,191,207,207,243,243,243,243,284,7,22,22,22,94,94,110,122,141,188,188,188,203,173,173,185,185,34,53,68,68,68,68],"floor_reached":51,"playtime":7700,"items_purged":["Pain"],"score":1565,"play_id":"5f97e721-439a-43aa-87e4-ee1b7568138e","local_time":"20181121103758","is_ascension_mode":true,"campfire_choices":[{"data":"Bouncing Flask","floor":7,"key":"SMITH"},{"data":"Catalyst","floor":15,"key":"SMITH"},{"floor":23,"key":"REST"},{"floor":25,"key":"REST"},{"floor":27,"key":"REST"},{"floor":32,"key":"REST"},{"floor":40,"key":"RECALL"},{"floor":45,"key":"REST"},{"floor":49,"key":"REST"}],"neow_cost":"NONE","seed_source_timestamp":641701895766703,"circlet_count":0,"master_deck":["AscendersBane","Defend_G","Defend_G","Defend_G","Defend_G","Defend_G","Strike_G","Strike_G","Strike_G","Strike_G","Survivor","Neutralize","Bouncing Flask+1","Sucker Punch","Catalyst+1","Bane","Poisoned Stab","Noxious Fumes+1","Wraith Form v2+1","PiercingWail","Backflip+1","Noxious Fumes+1","Dodge and Roll+1","Chrysalis+1","Outmaneuver+1","Cloak And Dagger+1","Malaise+1","Escape Plan+1","Backstab","Burst+1","PiercingWail+1","Prepared+1"],"relics":["Ring of the Snake","NeowsBlessing","Bloody Idol","Frozen Egg 2","Oddly Smooth Stone","Snake Skull","Smiling Mask","Dodecahedron","Snecko Eye","WarpedTongs","Omamori","Toxic Egg 2","Boot","Fusion Hammer","Pocketwatch"],"potions_floor_usage":[16,24,28,38,41,50,50],"damage_taken":[{"damage":0,"enemies":"2 Louse","floor":1,"turns":1},{"damage":0,"enemies":"Lagavulin","floor":6,"turns":1},{"damage":0,"enemies":"Gremlin Nob","floor":10,"turns":1},{"damage":0,"enemies":"Small Slimes","floor":11,"turns":2},{"damage":0,"enemies":"Jaw Worm","floor":12,"turns":2},{"damage":21,"enemies":"Exordium Thugs","floor":14,"turns":3},{"damage":0,"enemies":"Slime Boss","floor":16,"turns":5},{"damage":16,"enemies":"Chosen","floor":18,"turns":5},{"damage":0,"enemies":"Spheric Guardian","floor":19,"turns":2},{"damage":32,"enemies":"Centurion and Healer","floor":22,"turns":7},{"damage":10,"enemies":"Slavers","floor":24,"turns":4},{"damage":8,"enemies":"Gremlin Leader","floor":28,"turns":6},{"damage":18,"enemies":"Cultist and Chosen","floor":30,"turns":7},{"damage":26,"enemies":"Automaton","floor":33,"turns":9},{"damage":0,"enemies":"3 Shapes","floor":35,"turns":5},{"damage":9,"enemies":"Orb Walker","floor":36,"turns":5},{"damage":8,"enemies":"Spire Growth","floor":37,"turns":6},{"damage":12,"enemies":"2 Orb Walkers","floor":38,"turns":6},{"damage":12,"enemies":"3 Darklings","floor":41,"turns":6},{"damage":4,"enemies":"Maw","floor":44,"turns":6},{"damage":6,"enemies":"Transient","floor":47,"turns":6},{"damage":10,"enemies":"Sphere and 2 Shapes","floor":48,"turns":5},{"damage":47,"enemies":"Donu and Deca","floor":50,"turns":8},{"damage":19,"enemies":"Awakened One","floor":51,"turns":5}],"seed_played":"-5916893186748760198","potions_obtained":[{"floor":1,"key":"Dexterity Potion"},{"floor":10,"key":"Weak Potion"},{"floor":12,"key":"SteroidPotion"},{"floor":16,"key":"Fire Potion"},{"floor":19,"key":"Fire Potion"},{"floor":24,"key":"GamblersBrew"},{"floor":30,"key":"SmokeBomb"},{"floor":35,"key":"GhostInAJar"},{"floor":42,"key":"Strength Potion"},{"floor":42,"key":"AttackPotion"}],"is_trial":false,"path_per_floor":["M","?","?","?","$","E","R","?","T","E","M","M","$","M","R","B",null,"M","M","?","?","M","R","E","R","T","R","E","$","M","?","R","B",null,"M","M","M","?","?","R","M","?","T","M","R","$","M","M","R","B","B"],"character_chosen":"THE_SILENT","items_purchased":["Oddly Smooth Stone","Noxious Fumes+1","Chrysalis+1","Outmaneuver+1","Burst+1"],"campfire_rested":6,"item_purchase_floors":[5,13,29,29,46],"current_hp_per_floor":[59,48,48,43,43,43,43,58,58,58,58,58,58,37,37,37,54,38,38,38,38,6,24,14,32,32,50,42,42,24,24,42,21,50,55,51,48,41,41,41,34,34,34,35,53,53,52,47,60,13,0],"gold":68,"neow_bonus":"THREE_ENEMY_KILL","is_prod":false,"is_daily":false,"chose_seed":false,"campfire_upgraded":2,"win_rate":0,"timestamp":1542814678,"path_taken":["M","?","?","?","$","E","R","?","T","E","?","M","?","?","R","BOSS","M","M","?","?","?","R","E","R","T","R","E","$","M","?","R","BOSS","M","M","M","?","?","R","M","?","T","?","R","$","M","M","R","BOSS","BOSS"],"build_version":"2018-11-15","purchased_purges":1,"victory":false,"max_hp_per_floor":[66,66,60,60,60,60,60,60,60,60,60,60,60,60,60,60,60,60,60,60,60,60,60,60,60,60,60,60,60,60,60,60,60,60,60,60,60,60,60,60,60,60,60,60,60,60,60,60,60,60,60],"card_choices":[{"not_picked":["Leg Sweep","Predator"],"picked":"Bouncing Flask","floor":1},{"not_picked":["Escape Plan","Blur"],"picked":"Sucker Punch","floor":6},{"not_picked":["Cloak And Dagger","Dash"],"picked":"Catalyst","floor":10},{"not_picked":["Outmaneuver","Heel Hook"],"picked":"Bane","floor":11},{"not_picked":["Backflip","Choke"],"picked":"Poisoned Stab","floor":12},{"not_picked":["Outmaneuver","Expertise","Acrobatics"],"picked":"SKIP","floor":14},{"not_picked":["Unload","Tools of the Trade+1"],"picked":"Wraith Form v2+1","floor":16},{"not_picked":["Dagger Spray","Masterful Stab"],"picked":"PiercingWail","floor":18},{"not_picked":["All Out Attack","Blade Dance"],"picked":"Backflip+1","floor":19},{"not_picked":["Slice","Tactician"],"picked":"Noxious Fumes+1","floor":22},{"not_picked":["Noxious Fumes+1","Accuracy+1","Blade Dance"],"picked":"SKIP","floor":24},{"not_picked":["Noxious Fumes+1","Cloak And Dagger+1"],"picked":"Dodge and Roll+1","floor":28},{"not_picked":["Bane","Slice"],"picked":"Cloak And Dagger+1","floor":30},{"not_picked":["Die Die Die","Grand Finale"],"picked":"Malaise+1","floor":33},{"not_picked":["Deadly Poison+1","Infinite Blades+1"],"picked":"Escape Plan+1","floor":35},{"not_picked":["Outmaneuver+1","Acrobatics+1","Poisoned Stab"],"picked":"SKIP","floor":36},{"not_picked":["Dagger Spray","Quick Slash","Slice+1"],"picked":"SKIP","floor":37},{"not_picked":["Cloak And Dagger+1","Quick Slash"],"picked":"Backstab","floor":38},{"not_picked":["Acrobatics+1","Sucker Punch+1","Noxious Fumes+1"],"picked":"SKIP","floor":41},{"not_picked":["Dagger Throw","Bane+1","Slice+1"],"picked":"SKIP","floor":44},{"not_picked":["Outmaneuver+1","Die Die Die"],"picked":"PiercingWail+1","floor":47},{"not_picked":["Cloak And Dagger+1","Flying Knee"],"picked":"Prepared+1","floor":48}],"player_experience":2458528,"relics_obtained":[{"floor":6,"key":"Snake Skull"},{"floor":9,"key":"Smiling Mask"},{"floor":10,"key":"Dodecahedron"},{"floor":24,"key":"Omamori"},{"floor":26,"key":"Toxic Egg 2"},{"floor":28,"key":"Boot"},{"floor":38,"key":"Pocketwatch"}],"event_choices":[{"damage_healed":0,"gold_gain":75,"player_choice":"Gather Gold","damage_taken":11,"max_hp_gain":0,"max_hp_loss":0,"event_name":"World of Goop","floor":2,"gold_loss":0},{"damage_healed":0,"gold_gain":0,"player_choice":"Lose Max HP","damage_taken":0,"relics_obtained":["Golden Idol"],"max_hp_gain":0,"max_hp_loss":6,"event_name":"Golden Idol","floor":3,"gold_loss":0},{"damage_healed":0,"gold_gain":0,"player_choice":"Success","damage_taken":5,"relics_obtained":["Frozen Egg 2"],"max_hp_gain":0,"max_hp_loss":0,"event_name":"Scrap Ooze","floor":4,"gold_loss":0},{"damage_healed":15,"gold_gain":0,"player_choice":"Healed","damage_taken":0,"max_hp_gain":0,"max_hp_loss":0,"event_name":"The Cleric","floor":8,"gold_loss":35},{"damage_healed":0,"gold_gain":0,"player_choice":"Ignored","damage_taken":0,"max_hp_gain":0,"max_hp_loss":0,"event_name":"Ghosts","floor":20,"gold_loss":0},{"damage_healed":0,"gold_gain":0,"player_choice":"Rummage","damage_taken":0,"relics_obtained":["WarpedTongs"],"max_hp_gain":0,"max_hp_loss":0,"event_name":"Accursed Blacksmith","floor":21,"gold_loss":0,"cards_obtained":["Pain"]},{"damage_healed":0,"gold_gain":0,"player_choice":"Gave Idol","damage_taken":0,"relics_obtained":["Bloody Idol"],"max_hp_gain":0,"max_hp_loss":0,"event_name":"Forgotten Altar","floor":31,"relics_lost":["Golden Idol"],"gold_loss":0},{"damage_healed":0,"gold_gain":0,"player_choice":"Fight","damage_taken":0,"max_hp_gain":0,"max_hp_loss":0,"event_name":"Mysterious Sphere","floor":38,"gold_loss":0},{"cards_removed":["Strike_G"],"damage_healed":0,"gold_gain":0,"player_choice":"Removed Attack","damage_taken":0,"max_hp_gain":0,"max_hp_loss":0,"event_name":"Falling","floor":39,"gold_loss":0},{"damage_healed":0,"gold_gain":0,"player_choice":"Bought 2 Potions","damage_taken":0,"max_hp_gain":0,"max_hp_loss":0,"event_name":"The Woman in Blue","floor":42,"gold_loss":0}],"is_beta":false,"boss_relics":[{"not_picked":["Calling Bell","White Beast Statue"],"picked":"Snecko Eye"},{"not_picked":["Lizard Tail","HoveringKite"],"picked":"Fusion Hammer"}],"items_purged_floors":[29],"is_endless":false,"potions_floor_spawned":[1,10,12,16,18,19,24,30,33,35,37,48],"killed_by":"Awakened One","ascension_level":20}