{"gold_per_floor":[111,125,135,49,49,81,81,97,97,97,114,149,149,164,164,237,237,251,14,24,24,24,56,75,75,75,25,25,40,40,55,55,55],"floor_reached":33,"playtime":1885,"items_purged":[],"score":540,"play_id":"abb2f971-9a8b-4a1c-9233-d45276fe041a","local_time":"20190613005555","is_ascension_mode":true,"campfire_choices":[{"floor":7.0,"key":"REST"},{"floor":13.0,"key":"REST"},{"floor":15.0,"key":"REST"},{"floor":25.0,"key":"REST"},{"floor":28.0,"key":"REST"},{"floor":32.0,"key":"REST"}],"neow_cost":"TEN_PERCENT_HP_LOSS","seed_source_timestamp":0,"circlet_count":0,"master_deck":["AscendersBane","Defend_G+1","Defend_G","Defend_G","Defend_G","Defend_G","Survivor","Neutralize","Choke","Noxious Fumes","Crippling Poison","Catalyst","Footwork","Deflect","Dodge and Roll","Poisoned Stab","Envenom+1","Bullet Time+1","Grand Finale+1","Prepared+1","Noxious Fumes+1","Quick Slash","Dodge and Roll","Well Laid Plans+1","RitualDagger","Sucker Punch+1","Catalyst","PiercingWail","Distraction","Storm of Steel","Cloak And Dagger"],"special_seed":0,"relics":["Ring of the Snake","Mango","Ninja Scroll","Calipers","The Specimen","Frozen Egg 2","Astrolabe","TwistedFunnel","Ice Cream","Lantern"],"potions_floor_usage":[],"damage_taken":[{"damage":1.0,"enemies":"Cultist","floor":1.0,"turns":4.0},{"damage":2.0,"enemies":"Small Slimes","floor":2.0,"turns":4.0},{"damage":0.0,"enemies":"2 Louse","floor":3.0,"turns":3.0},{"damage":41.0,"enemies":"Lagavulin","floor":6.0,"turns":7.0},{"damage":18.0,"enemies":"Looter","floor":8.0,"turns":4.0},{"damage":7.0,"enemies":"3 Louse","floor":11.0,"turns":4.0},{"damage":18.0,"enemies":"Gremlin Nob","floor":12.0,"turns":4.0},{"damage":20.0,"enemies":"Large Slime","floor":14.0,"turns":6.0},{"damage":23.0,"enemies":"The Guardian","floor":16.0,"turns":11.0},{"damage":4.0,"enemies":"3 Byrds","floor":18.0,"turns":5.0},{"damage":10.0,"enemies":"2 Thieves","floor":20.0,"turns":4.0},{"damage":23.0,"enemies":"Gremlin Leader","floor":23.0,"turns":5.0},{"damage":12.0,"enemies":"3 Cultists","floor":24.0,"turns":4.0},{"damage":22.0,"enemies":"Sentry and Sphere","floor":29.0,"turns":5.0},{"damage":17.0,"enemies":"Shelled Parasite and Fungi","floor":31.0,"turns":6.0},{"damage":53,"enemies":"Automaton","floor":33,"turns":6}],"seed_played":"-2241159745871226453","potions_obtained":[{"floor":6.0,"key":"Weak Potion"},{"floor":11.0,"key":"SkillPotion"},{"floor":12.0,"key":"FearPotion"},{"floor":16.0,"key":"Explosive Potion"},{"floor":24.0,"key":"PowerPotion"}],"is_trial":false,"path_per_floor":["M","M","M","$","?","E","R","M","T","?","M","E","R","M","R","B",null,"M","$","M","?","?","E","M","R","T","?","R","M","?","M","R","B"],"character_chosen":"THE_SILENT","items_purchased":["Catalyst","TwistedFunnel","Dodge and Roll"],"campfire_rested":6,"item_purchase_floors":[4,19,19],"current_hp_per_floor":[72,70,70,70,44,3,25,7,7,31,24,6,28,8,30,7,57,53,53,43,37,37,14,2,24,24,24,46,24,24,7,29,0],"gold":55,"neow_bonus":"ONE_RARE_RELIC","is_prod":false,"is_daily":false,"chose_seed":false,"campfire_upgraded":0,"win_rate":0,"timestamp":1560408955,"path_taken":["M","?","M","$","?","E","R","M","T","?","M","E","R","M","R","BOSS","M","$","M","?","?","E","M","R","T","?","R","?","?","M","R","BOSS"],"build_version":"2019-06-11","purchased_purges":0,"victory":false,"max_hp_per_floor":[74,74,74,74,74,74,74,74,74,74,74,74,74,74,74,74,74,74,74,74,74,74,74,74,74,74,74,74,74,74,74,74,74],"card_choices":[{"not_picked":["Flying Knee","Underhanded Strike"],"picked":"Choke","floor":1.0},{"not_picked":["Backflip","Bane"],"picked":"Noxious Fumes","floor":2.0},{"not_picked":["Flying Knee","Deflect"],"picked":"Crippling Poison","floor":3.0},{"not_picked":["Deflect","Prepared"],"picked":"Footwork","floor":6.0},{"not_picked":["Quick Slash","Poisoned Stab"],"picked":"Deflect","floor":8.0},{"not_picked":["Flying Knee","Choke"],"picked":"Dodge and Roll","floor":11.0},{"not_picked":["Catalyst","Heel Hook"],"picked":"Poisoned Stab","floor":12.0},{"not_picked":["Cloak And Dagger","Dagger Spray"],"picked":"Envenom+1","floor":14.0},{"not_picked":["Wraith Form v2+1","Envenom+1"],"picked":"Bullet Time","floor":16.0},{"not_picked":["All Out Attack","Dagger Spray"],"picked":"Quick Slash","floor":18.0},{"not_picked":["Prepared","Leg Sweep"],"picked":"Well Laid Plans+1","floor":20.0},{"not_picked":["Heel Hook","Expertise"],"picked":"Sucker Punch+1","floor":23.0},{"not_picked":["Prepared","Choke"],"picked":"Catalyst","floor":24.0},{"not_picked":["Sucker Punch+1","Heel Hook"],"picked":"PiercingWail","floor":29.0},{"not_picked":["Calculated Gamble","Flechettes"],"picked":"Cloak And Dagger","floor":31.0}],"player_experience":1067967,"relics_obtained":[{"floor":6.0,"key":"Calipers"},{"floor":9.0,"key":"The Specimen"},{"floor":12.0,"key":"Frozen Egg 2"},{"floor":23.0,"key":"Ice Cream"},{"floor":26.0,"key":"Lantern"}],"event_choices":[{"damage_healed":0.0,"max_hp_gain":0.0,"max_hp_loss":0.0,"gold_gain":0.0,"event_name":"Scrap Ooze","player_choice":"Success","floor":5.0,"gold_loss":0.0,"damage_taken":26.0,"relics_obtained":["Ninja Scroll"]},{"damage_healed":24.0,"max_hp_gain":0.0,"max_hp_loss":0.0,"gold_gain":0.0,"event_name":"Big Fish","player_choice":"Banana","floor":10.0,"gold_loss":0.0,"damage_taken":0.0},{"damage_healed":0.0,"max_hp_gain":0.0,"max_hp_loss":0.0,"gold_gain":0.0,"event_name":"Nest","player_choice":"Joined the Cult","floor":21.0,"gold_loss":0.0,"damage_taken":6.0,"cards_obtained":["RitualDagger"]},{"damage_healed":0.0,"max_hp_gain":0.0,"max_hp_loss":0.0,"gold_gain":0.0,"event_name":"Ghosts","player_choice":"Ignored","floor":22.0,"gold_loss":0.0,"damage_taken":0.0},{"damage_healed":0.0,"max_hp_gain":0.0,"max_hp_loss":0.0,"gold_gain":0.0,"event_name":"Designer","player_choice":"Upgraded Two","floor":27.0,"gold_loss":50.0,"damage_taken":0.0,"cards_upgraded":["Bullet Time","Defend_G"]},{"damage_healed":0.0,"max_hp_gain":0.0,"max_hp_loss":0.0,"gold_gain":0.0,"cards_transformed":["Strike_G","Strike_G"],"event_name":"Drug Dealer","player_choice":"Became Test Subject","floor":30.0,"gold_loss":0.0,"damage_taken":0.0,"cards_obtained":["Distraction","Storm of Steel"]}],"is_beta":true,"boss_relics":[{"not_picked":["White Beast Statue","Sozu"],"picked":"Astrolabe"}],"items_purged_floors":[],"is_endless":false,"potions_floor_spawned":[6,11,12,16,24],"killed_by":"Automaton","ascension_level":19}