{"gold_per_floor":[113,113,113,113,38,38,55,55,55,55,80,106,136,148,160,273,285,308,235,261,198,210,222,234],"floor_reached":24,"playtime":903,"items_purged":["Strike_R"],"score":221,"play_id":"ac6e54c9-b1bf-4df4-8b74-211308e5fb16","local_time":"20190720162724","is_ascension_mode":true,"campfire_choices":[{"data":"Inflame","floor":6,"key":"SMITH"},{"data":"True Grit","floor":8,"key":"SMITH"},{"data":"Pommel Strike","floor":10,"key":"SMITH"},{"floor":15,"key":"REST"},{"data":"Whirlwind","floor":23,"key":"SMITH"}],"neow_cost":"NONE","seed_source_timestamp":246825961526582,"circlet_count":0,"master_deck":["Strike_R","Strike_R+1","Defend_R+1","Defend_R","Defend_R","Defend_R","Bash","Inflame+1","True Grit+1","Pommel Strike+1","Whirlwind+1","Pommel Strike","Demon Form","Decay"],"relics":["Black Blood","Happy Flower","Du-Vu Doll","MawBank","Question Card"],"potions_floor_usage":[16,24],"damage_taken":[{"damage":10,"enemies":"Small Slimes","floor":1,"turns":3},{"damage":0,"enemies":"2 Louse","floor":7,"turns":4},{"damage":32,"enemies":"Gremlin Nob","floor":11,"turns":4},{"damage":0,"enemies":"Cultist","floor":12,"turns":2},{"damage":11,"enemies":"Gremlin Gang","floor":13,"turns":2},{"damage":54,"enemies":"Hexaghost","floor":16,"turns":11},{"damage":4,"enemies":"Chosen","floor":18,"turns":4},{"damage":13,"enemies":"3 Byrds","floor":20,"turns":4},{"damage":82,"enemies":"Book of Stabbing","floor":24,"turns":5}],"seed_played":"4118617156592710998","potions_obtained":[{"floor":11,"key":"SpeedPotion"},{"floor":13,"key":"Dexterity Potion"},{"floor":16,"key":"Dexterity Potion"},{"floor":20,"key":"Explosive Potion"}],"is_trial":false,"path_per_floor":["M","?","?","?","$","R","M","R","T","R","E","M","M","?","R","B",null,"M","?","M","?","?","R","E"],"character_chosen":"IRONCLAD","items_purchased":[],"campfire_rested":1,"item_purchase_floors":[],"current_hp_per_floor":[76,69,51,77,77,77,80,80,80,80,54,60,55,39,63,15,80,80,80,77,77,77,77,0],"gold":234,"neow_bonus":"THREE_CARDS","is_prod":false,"is_daily":false,"chose_seed":false,"campfire_upgraded":4,"win_rate":0,"timestamp":1563665244,"path_taken":["M","?","?","?","$","R","M","R","T","R","E","M","M","?","R","BOSS","M","?","M","?","?","R","E"],"build_version":"2019-07-05","purchased_purges":1,"victory":false,"max_hp_per_floor":[80,80,80,80,80,80,80,80,80,80,80,80,80,80,80,80,80,80,80,80,80,80,80,80],"card_choices":[{"not_picked":["Clothesline","Armaments"],"picked":"Inflame","floor":0},{"not_picked":["Anger","Twin Strike"],"picked":"True Grit","floor":1},{"not_picked":["Corruption","True Grit"],"picked":"Pommel Strike","floor":7},{"not_picked":["Twin Strike","Spot Weakness","Clash"],"picked":"SKIP","floor":11},{"not_picked":["Shrug It Off","Berserk"],"picked":"Whirlwind","floor":12},{"not_picked":["Seeing Red","Headbutt"],"picked":"Pommel Strike","floor":13},{"not_picked":["Reaper","Offering"],"picked":"Demon Form","floor":16},{"not_picked":["Burning Pact","Evolve","Armaments"],"picked":"SKIP","floor":18},{"not_picked":["True Grit","Shockwave","Cleave+1","Burning Pact"],"picked":"SKIP","floor":20}],"player_experience":53650,"relics_obtained":[{"floor":9,"key":"Du-Vu Doll"},{"floor":11,"key":"MawBank"}],"event_choices":[{"cards_removed":["Strike_R"],"damage_healed":0,"gold_gain":0,"player_choice":"Card Removal","damage_taken":7,"max_hp_gain":0,"max_hp_loss":0,"event_name":"Golden Wing","floor":2,"gold_loss":0},{"damage_healed":0,"gold_gain":0,"player_choice":"Success","damage_taken":18,"relics_obtained":["Happy Flower"],"max_hp_gain":0,"max_hp_loss":0,"event_name":"Scrap Ooze","floor":3,"gold_loss":0},{"damage_healed":26,"gold_gain":0,"player_choice":"Banana","damage_taken":0,"max_hp_gain":0,"max_hp_loss":0,"event_name":"Big Fish","floor":4,"gold_loss":0},{"damage_healed":0,"gold_gain":0,"player_choice":"Entered Light","damage_taken":16,"max_hp_gain":0,"max_hp_loss":0,"event_name":"Shining Light","floor":14,"gold_loss":0,"cards_upgraded":["Strike_R","Defend_R"]},{"damage_healed":0,"gold_gain":0,"player_choice":"Obtained Relic","damage_taken":0,"relics_obtained":["Question Card"],"max_hp_gain":0,"max_hp_loss":0,"event_name":"Addict","floor":19,"gold_loss":85},{"cards_removed":["Strike_R"],"damage_healed":0,"gold_gain":0,"player_choice":"Gave Gold","damage_taken":0,"max_hp_gain":0,"max_hp_loss":0,"event_name":"Beggar","floor":21,"gold_loss":75},{"damage_healed":0,"gold_gain":0,"player_choice":"Smashed Altar","damage_taken":0,"max_hp_gain":0,"max_hp_loss":0,"event_name":"Forgotten Altar","floor":22,"gold_loss":0,"cards_obtained":["Decay"]}],"is_beta":false,"boss_relics":[{"not_picked":["Astrolabe","Coffee Dripper"],"picked":"Black Blood"}],"items_purged_floors":[5],"is_endless":false,"potions_floor_spawned":[11,13,16,20],"killed_by":"Book of Stabbing","ascension_level":3}