{"path_per_floor":["M","M","?","T","$","E","?","R","T","R","M","E","$","?","R","B",null,"M","?","$","?","M","E","R","E","T","T","E","M","M","M","R","B",null,"M","$","?","?","M","E","R","M","T","M","M","E","?","?","R","B"],"character_chosen":"THE_SILENT","items_purchased":["Tough Bandages","Prepared","Noxious Fumes","Backflip","Mercury Hourglass","Sundial"],"gold_per_floor":[320,339,339,362,22,52,52,52,128,128,143,170,83,158,158,263,263,278,278,27,27,41,72,72,101,101,101,135,154,167,180,180,277,277,297,3,3,3,22,47,47,66,66,79,92,125,0,0,0,0],"floor_reached":51,"campfire_rested":4,"playtime":9653,"current_hp_per_floor":[63,63,68,68,68,42,42,42,42,42,42,37,37,26,48,45,75,73,57,57,57,47,27,64,32,32,32,12,11,11,11,51,51,85,85,85,75,75,64,17,27,27,27,27,22,22,22,22,72,69],"items_purged":["Strike_G"],"gold":0,"play_id":"42af03d2-54c2-4dc4-9701-18ea59d65f5d","is_prod":false,"is_daily":false,"campfire_rituals":0,"campfire_upgraded":2,"is_hardmode":false,"path_taken":["M","M","?","?","?","E","?","R","T","R","M","E","$","?","R","BOSS","M","?","$","?","M","E","R","E","T","?","E","M","M","M","R","BOSS","M","$","?","?","M","E","R","M","T","?","?","E","?","?","R","BOSS"],"build_version":"2018-01-18-PROD4","purchased_purges":1,"victory":true,"master_deck":["Defend_G","Defend_G","Defend_G","Defend_G","Strike_G","Strike_G","Strike_G","Survivor","Neutralize","Noxious Fumes","Prepared","Distraction","Noxious Fumes","Backflip","After Image","Bouncing Flask","Backflip","Acrobatics","Deflect","Calculated Gamble","Footwork","After Image","Deflect","Madness","Madness","Leg Sweep","Outmaneuver"],"max_hp_per_floor":[70,70,75,75,75,75,75,75,75,75,75,75,75,75,75,75,75,75,75,75,75,75,75,75,85,85,85,85,85,85,85,85,85,85,85,85,85,85,85,85,85,85,85,85,85,85,85,85,85,85],"relics":["Ring of the Snake","Old Coin","Pen Nib","Tough Bandages","Unceasing Top","Paper Crane","Dodecahedron","The Specimen","Nilry\u0027s Codex","Mercury Hourglass","Regal Pillow","Pear","Girya","Letter Opener","Thread and Needle","Eternal Feather","Sundial","Happy Flower","Ice Cream","Bag of Marbles","Red Mask"],"campfire_meditates":0,"card_choices":[{"not_picked":["Dodge and Roll","Cloak And Dagger"],"picked":"Noxious Fumes"},{"not_picked":["Skewer","Flying Knee"],"picked":"Distraction"},{"not_picked":["Bullet Time","Burst"],"picked":"After Image"},{"not_picked":["Slice","Deadly Poison"],"picked":"Bouncing Flask"},{"not_picked":["Riddle With Holes","Cloak And Dagger"],"picked":"Backflip"},{"not_picked":["Outmaneuver","Backflip"],"picked":"Acrobatics"},{"not_picked":["Sucker Punch","Flying Knee"],"picked":"Deflect"},{"not_picked":["Dagger Spray","Dagger Throw"],"picked":"Calculated Gamble"},{"not_picked":["Flying Knee","Flechettes"],"picked":"Footwork"},{"not_picked":["Night Terror","Envenom"],"picked":"After Image"},{"not_picked":["Bouncing Flask","Dagger Spray"],"picked":"Deflect"},{"not_picked":["Dagger Throw","Bouncing Flask"],"picked":"Leg Sweep"},{"not_picked":["All Out Attack","Deflect"],"picked":"Outmaneuver"}],"player_experience":101852,"potions_floor_usage":[6,12,12,12,23,30,33,46],"damage_taken":[{"damage":7,"enemies":"Blue Slaver","floor":1,"turns":8},{"damage":0,"enemies":"2 Louse","floor":2,"turns":4},{"damage":26,"enemies":"Lagavulin","floor":6,"turns":9},{"damage":0,"enemies":"Cultist","floor":11,"turns":4},{"damage":5,"enemies":"Gremlin Nob","floor":12,"turns":3},{"damage":3,"enemies":"Hexaghost","floor":16,"turns":10},{"damage":2,"enemies":"Shell Parasite","floor":18,"turns":8},{"damage":10,"enemies":"2 Thieves","floor":22,"turns":5},{"damage":20,"enemies":"Gremlin Leader","floor":23,"turns":7},{"damage":42,"enemies":"Slavers","floor":25,"turns":5},{"damage":20,"enemies":"Gremlin Leader","floor":28,"turns":9},{"damage":1,"enemies":"Sentry and Sphere","floor":29,"turns":6},{"damage":0,"enemies":"Snake Plant","floor":30,"turns":4},{"damage":0,"enemies":"Chosen and Byrds","floor":31,"turns":6},{"damage":0,"enemies":"Automaton","floor":33,"turns":9},{"damage":0,"enemies":"3 Darklings","floor":35,"turns":5},{"damage":11,"enemies":"3 Shapes","floor":39,"turns":5},{"damage":47,"enemies":"2 Orb Walkers","floor":40,"turns":7},{"damage":0,"enemies":"3 Darklings","floor":42,"turns":5},{"damage":0,"enemies":"Sphere and 2 Shapes","floor":44,"turns":6},{"damage":5,"enemies":"4 Shapes","floor":45,"turns":4},{"damage":0,"enemies":"Nemesis","floor":46,"turns":10},{"damage":3,"enemies":"Time Eater","floor":50,"turns":8}],"event_choices":[{"event_name":"Big Fish","player_choice":"Donut","floor":3,"damage_taken":0},{"event_name":"The Lab","player_choice":"Got Potions","floor":7,"damage_taken":0},{"event_name":"World of Goop","player_choice":"Gather Gold","floor":14,"damage_taken":0},{"event_name":"Cursed Tome","player_choice":"Obtained Book","floor":19,"damage_taken":0},{"event_name":"Wheel of Change","player_choice":"Card Removal","floor":21,"damage_taken":0},{"event_name":"Winding Halls","player_choice":"Embrace Madness","floor":37,"damage_taken":0},{"event_name":"Upgrade Shrine","player_choice":"Upgraded","floor":38,"damage_taken":0},{"event_name":"Tomb of Lord Red Mask","player_choice":"Paid","floor":47,"damage_taken":0},{"event_name":"Wheel of Change","player_choice":"Card Removal","floor":48,"damage_taken":0}],"boss_relics":[{"not_picked":["Ectoplasm","Velvet Choker"],"picked":"The Specimen"},{"not_picked":["Philosopher\u0027s Stone","White Beast Statue"],"picked":"Eternal Feather"}],"potions_floor_spawned":[1,11,22,29,30,31,39,42,45,46],"seed_played":"6439929819210741562","is_trial":false}