{"gold_per_floor":[110,35,47,59,72,87,87,106,156,156,35,58,58,74,74,195,195,184,208,307,232,232,232,275,275,275,295,295,295,295,316,316,445,445,463,463,588,606,606,642,642,655,655,655,674,674,674,695,695,695],"floor_reached":51,"playtime":4327,"items_purged":["Clumsy"],"score":664,"play_id":"1a70ffda-f5ab-4dd6-bd89-fae20f92f187","local_time":"20190421173219","is_ascension_mode":false,"campfire_choices":[{"floor":7,"key":"REST"},{"data":"Defragment","floor":13,"key":"SMITH"},{"floor":15,"key":"REST"},{"floor":23,"key":"REST"},{"floor":25,"key":"REST"},{"data":"Hologram","floor":28,"key":"SMITH"},{"data":"Coolheaded","floor":30,"key":"SMITH"},{"floor":32,"key":"REST"},{"data":"Defragment","floor":41,"key":"SMITH"},{"data":"Defragment","floor":44,"key":"SMITH"},{"floor":49,"key":"REST"}],"neow_cost":"CURSE","seed_source_timestamp":1026838980224040,"circlet_count":0,"master_deck":["Defend_B","Defend_B","Zap","Dualcast","Gash","White Noise","Consume","Compile Driver","Reinforced Body","Hologram+1","Self Repair","Turbo","Defragment+1","Conserve Battery","Machine Learning","Rip and Tear+1","Heatsinks+1","Gash+1","Coolheaded+1","Gash+1","Reboot","Echo Form","Creative AI","Leap","Defragment+1","Meteor Strike","Force Field+1","Dark Shackles","BootSequence+1","Defragment+1","Hologram","Hologram+1","Glacier+1"],"relics":["Cracked Core","Turnip","Juzu Bracelet","Golden Idol","Astrolabe","Potion Belt","Regal Pillow","Sundial","Philosopher\u0027s Stone","Pocketwatch","Centennial Puzzle","Question Card","Cables"],"potions_floor_usage":[12,16,16,19,33,50,50],"damage_taken":[{"damage":0,"enemies":"Cultist","floor":1,"turns":3},{"damage":0,"enemies":"2 Louse","floor":3,"turns":2},{"damage":3,"enemies":"Jaw Worm","floor":4,"turns":4},{"damage":10,"enemies":"2 Fungi Beasts","floor":5,"turns":5},{"damage":34,"enemies":"Exordium Wildlife","floor":6,"turns":5},{"damage":5,"enemies":"Exordium Thugs","floor":8,"turns":3},{"damage":8,"enemies":"2 Fungi Beasts","floor":12,"turns":3},{"damage":9,"enemies":"Blue Slaver","floor":14,"turns":5},{"damage":48,"enemies":"The Guardian","floor":16,"turns":11},{"damage":30,"enemies":"2 Thieves","floor":18,"turns":4},{"damage":17,"enemies":"Chosen","floor":19,"turns":6},{"damage":24,"enemies":"Gremlin Leader","floor":24,"turns":6},{"damage":23,"enemies":"Snake Plant","floor":27,"turns":6},{"damage":23,"enemies":"Shelled Parasite and Fungi","floor":31,"turns":6},{"damage":10,"enemies":"Automaton","floor":33,"turns":10},{"damage":21,"enemies":"Orb Walker","floor":35,"turns":5},{"damage":21,"enemies":"Mind Bloom Boss Battle","floor":37,"turns":9},{"damage":28,"enemies":"3 Darklings","floor":38,"turns":21},{"damage":0,"enemies":"Giant Head","floor":40,"turns":10},{"damage":12,"enemies":"Maw","floor":42,"turns":10},{"damage":13,"enemies":"Transient","floor":45,"turns":5},{"damage":13,"enemies":"Spire Growth","floor":48,"turns":5},{"damage":10,"enemies":"Time Eater","floor":50,"turns":12}],"seed_played":"-5426453971769897781","potions_obtained":[{"floor":3,"key":"FocusPotion"},{"floor":6,"key":"AttackPotion"},{"floor":12,"key":"Poison Potion"},{"floor":18,"key":"SpeedPotion"},{"floor":27,"key":"SmokeBomb"},{"floor":31,"key":"Block Potion"},{"floor":33,"key":"Explosive Potion"},{"floor":38,"key":"SteroidPotion"},{"floor":40,"key":"LiquidBronze"},{"floor":45,"key":"Poison Potion"},{"floor":48,"key":"EssenceOfSteel"}],"is_trial":false,"path_per_floor":["M","$","M","M","M","M","R","M","T","?","$","M","R","M","R","B",null,"M","M","?","?","?","R","E","R","T","M","R","?","R","M","R","B",null,"M","?","?","M","?","E","R","M","T","R","M","T","?","M","R","B",null],"character_chosen":"DEFECT","items_purchased":["Self Repair","Turbo"],"campfire_rested":6,"item_purchase_floors":[11,11],"current_hp_per_floor":[75,75,75,72,62,28,50,45,45,45,45,37,37,35,55,14,69,46,36,36,36,36,56,39,59,59,43,43,43,43,27,62,59,69,62,62,55,41,41,48,48,43,43,43,37,37,37,31,65,62],"gold":695,"neow_bonus":"ONE_RARE_RELIC","is_prod":false,"is_daily":false,"chose_seed":false,"campfire_upgraded":5,"win_rate":0,"timestamp":1555882339,"path_taken":["M","$","M","?","M","M","R","M","T","?","$","M","R","M","R","BOSS","M","M","?","?","?","R","E","R","T","M","R","?","R","M","R","BOSS","M","?","?","M","?","E","R","M","T","R","M","?","?","M","R","BOSS"],"build_version":"2019-01-23","purchased_purges":1,"victory":true,"max_hp_per_floor":[75,75,75,75,75,75,75,75,75,69,69,69,69,69,69,69,69,69,69,69,69,69,69,69,69,69,69,69,69,69,69,69,69,69,69,69,69,69,69,69,69,69,69,69,69,69,66,66,66,66],"card_choices":[{"not_picked":["Sweeping Beam","Cold Snap"],"picked":"Gash","floor":1},{"not_picked":["Conserve Battery","Leap"],"picked":"White Noise","floor":3},{"not_picked":["Stack","Blizzard"],"picked":"Consume","floor":4},{"not_picked":["Ball Lightning","Capacitor"],"picked":"Compile Driver","floor":5},{"not_picked":["Aggregate","Capacitor"],"picked":"Reinforced Body","floor":6},{"not_picked":["Reinforced Body","Rainbow"],"picked":"Hologram","floor":8},{"not_picked":["White Noise","Skim"],"picked":"Defragment","floor":12},{"not_picked":["Sweeping Beam","Consume"],"picked":"Conserve Battery","floor":14},{"not_picked":["Hyperbeam","Rainbow"],"picked":"Machine Learning","floor":16},{"not_picked":["Redo","Beam Cell+1"],"picked":"Coolheaded","floor":18},{"not_picked":["FTL+1","Go for the Eyes+1"],"picked":"Gash+1","floor":19},{"not_picked":["Go for the Eyes","Force Field"],"picked":"Creative AI","floor":24},{"not_picked":["Turbo","Redo"],"picked":"Leap","floor":27},{"not_picked":["Steam+1","Amplify"],"picked":"Defragment","floor":31},{"not_picked":["Core Surge","Buffer"],"picked":"Meteor Strike","floor":33},{"not_picked":["Sunder","Leap"],"picked":"Force Field+1","floor":35},{"not_picked":["Panacea","Jack Of All Trades"],"picked":"Dark Shackles","floor":36},{"not_picked":["Blizzard+1","Steam"],"picked":"BootSequence+1","floor":38},{"not_picked":["Stack+1","Auto Shields"],"picked":"Defragment","floor":40},{"not_picked":["Fusion","Cold Snap"],"picked":"Hologram","floor":42},{"not_picked":["Conserve Battery","Gash","Defragment"],"picked":"Hologram+1","floor":45},{"not_picked":["Barrage","Auto Shields+1","Genetic Algorithm+1"],"picked":"Glacier+1","floor":48}],"player_experience":3436769,"relics_obtained":[{"floor":9,"key":"Juzu Bracelet"},{"floor":24,"key":"Potion Belt"},{"floor":26,"key":"Regal Pillow"},{"floor":37,"key":"Pocketwatch"},{"floor":40,"key":"Centennial Puzzle"},{"floor":43,"key":"Question Card"},{"floor":46,"key":"Cables"}],"event_choices":[{"damage_healed":0,"gold_gain":0,"player_choice":"Lose Max HP","damage_taken":0,"relics_obtained":["Golden Idol"],"max_hp_gain":0,"max_hp_loss":6,"event_name":"Golden Idol","floor":10,"gold_loss":0},{"damage_healed":0,"gold_gain":99,"player_choice":"Stole From Cult","damage_taken":0,"max_hp_gain":0,"max_hp_loss":0,"event_name":"Nest","floor":20,"gold_loss":0},{"cards_removed":["Strike_B"],"damage_healed":0,"gold_gain":0,"player_choice":"Gave Gold","damage_taken":0,"max_hp_gain":0,"max_hp_loss":0,"event_name":"Beggar","floor":21,"gold_loss":75},{"damage_healed":0,"gold_gain":0,"cards_transformed":["Defend_B","Defend_B"],"player_choice":"Became Test Subject","damage_taken":0,"max_hp_gain":0,"max_hp_loss":0,"event_name":"Drug Dealer","floor":22,"gold_loss":0,"cards_obtained":["Reboot","Echo Form"]},{"damage_healed":0,"gold_gain":0,"player_choice":"Gave Potion","damage_taken":0,"relics_obtained":["Sundial"],"max_hp_gain":0,"max_hp_loss":0,"event_name":"WeMeetAgain","floor":29,"gold_loss":0},{"damage_healed":0,"gold_gain":0,"player_choice":"Memory 1","damage_taken":0,"max_hp_gain":0,"max_hp_loss":0,"event_name":"SensoryStone","floor":36,"gold_loss":0},{"damage_healed":0,"gold_gain":0,"player_choice":"Fight","damage_taken":0,"max_hp_gain":0,"max_hp_loss":0,"event_name":"MindBloom","floor":37,"gold_loss":0},{"damage_healed":0,"gold_gain":0,"player_choice":"Ignored","damage_taken":0,"max_hp_gain":0,"max_hp_loss":0,"event_name":"Tomb of Lord Red Mask","floor":39,"gold_loss":0},{"damage_healed":0,"gold_gain":0,"player_choice":"Max HP","damage_taken":0,"max_hp_gain":0,"max_hp_loss":3,"event_name":"Winding Halls","floor":47,"gold_loss":0}],"is_beta":false,"boss_relics":[{"not_picked":["White Beast Statue","Runic Dome"],"picked":"Astrolabe"},{"not_picked":["Orrery","Velvet Choker"],"picked":"Philosopher\u0027s Stone"}],"items_purged_floors":[2],"is_endless":false,"potions_floor_spawned":[3,6,12,18,27,31,33,38,40,45,48],"ascension_level":0}