{"gold_per_floor":[117,131,131,131,152,112,139,158,158,158,333,333,368,381,381,511,511,531,531,552,570,485,485],"floor_reached":23,"playtime":1245,"items_purged":[],"score":210,"play_id":"b5d7b394-a741-4b8e-b1ca-b0fe835059d9","local_time":"20190716194140","is_ascension_mode":true,"campfire_choices":[{"floor":10,"key":"RECALL"},{"floor":15,"key":"REST"}],"neow_cost":"NONE","seed_source_timestamp":2778048527484,"circlet_count":0,"master_deck":["Strike_B","Strike_B","Strike_B","Strike_B","Defend_B","Defend_B","Defend_B","Defend_B","Zap+1","Dualcast","FTL","White Noise","Cold Snap","Heatsinks","Ball Lightning","Genetic Algorithm","Storm","Amplify","Ball Lightning","Machine Learning","Steam","Go for the Eyes","Conserve Battery","Steam","Force Field","Sweeping Beam+1","Sweeping Beam"],"relics":["Cracked Core","Golden Idol","Smiling Mask","The Courier","Sundial","Orrery","Letter Opener"],"potions_floor_usage":[8,13,21],"damage_taken":[{"damage":0,"enemies":"Small Slimes","floor":1,"turns":3},{"damage":0,"enemies":"Cultist","floor":2,"turns":2},{"damage":0,"enemies":"2 Louse","floor":5,"turns":1},{"damage":0,"enemies":"Blue Slaver","floor":8,"turns":2},{"damage":6,"enemies":"Gremlin Nob","floor":13,"turns":3},{"damage":13,"enemies":"Exordium Thugs","floor":14,"turns":3},{"damage":19,"enemies":"Slime Boss","floor":16,"turns":11},{"damage":12,"enemies":"Chosen","floor":18,"turns":4},{"damage":14,"enemies":"3 Byrds","floor":20,"turns":3},{"damage":43,"enemies":"Centurion and Healer","floor":21,"turns":8},{"damage":21,"enemies":"Book of Stabbing","floor":23,"turns":1}],"seed_played":"4537482572234299994","potions_obtained":[{"floor":2,"key":"Fire Potion"},{"floor":8,"key":"AttackPotion"},{"floor":16,"key":"SkillPotion"},{"floor":21,"key":"Strength Potion"}],"is_trial":false,"path_per_floor":["M","M","?","?","M","$","T","M","T","R","?","?","E","M","R","B",null,"M","?","M","M","?","E"],"character_chosen":"DEFECT","items_purchased":["Heatsinks"],"campfire_rested":1,"item_purchase_floors":[6],"current_hp_per_floor":[75,75,57,57,57,57,57,57,57,57,57,57,51,38,60,41,75,63,63,49,6,6,0],"gold":485,"neow_bonus":"UPGRADE_CARD","is_prod":false,"is_daily":false,"chose_seed":false,"campfire_upgraded":0,"win_rate":0,"timestamp":1563298900,"path_taken":["M","M","?","?","?","$","?","M","T","R","?","?","E","?","R","BOSS","M","?","M","M","?","E"],"build_version":"2019-07-05","purchased_purges":0,"victory":false,"max_hp_per_floor":[75,75,75,75,75,75,75,75,75,75,75,75,75,75,75,75,75,75,75,75,75,75,75],"card_choices":[{"not_picked":["Barrage","Steam"],"picked":"FTL","floor":1},{"not_picked":["Go for the Eyes","Sweeping Beam"],"picked":"White Noise","floor":2},{"not_picked":["Leap","Rebound"],"picked":"Cold Snap","floor":5},{"not_picked":["Rebound","Steam"],"picked":"Ball Lightning","floor":8},{"not_picked":["Steam Power","Streamline"],"picked":"Genetic Algorithm","floor":13},{"not_picked":["Lockon","Ball Lightning"],"picked":"Storm","floor":14},{"not_picked":["Hyperbeam","Fission"],"picked":"Amplify","floor":16},{"not_picked":["Streamline","Turbo"],"picked":"Ball Lightning","floor":17},{"not_picked":["Beam Cell","Sweeping Beam"],"picked":"Machine Learning","floor":17},{"not_picked":["Gash","Rip and Tear"],"picked":"Steam","floor":17},{"not_picked":["Cold Snap","Gash"],"picked":"Go for the Eyes","floor":17},{"not_picked":["Recycle","Coolheaded"],"picked":"Conserve Battery","floor":17},{"not_picked":["Redo","Aggregate"],"picked":"Steam","floor":18},{"not_picked":["Steam","Gash"],"picked":"Sweeping Beam+1","floor":20},{"not_picked":["Stack+1","Consume"],"picked":"Sweeping Beam","floor":21}],"player_experience":130128,"relics_obtained":[{"floor":4,"key":"Smiling Mask"},{"floor":9,"key":"The Courier"},{"floor":13,"key":"Sundial"}],"event_choices":[{"damage_healed":0,"gold_gain":0,"player_choice":"Take Damage","damage_taken":18,"relics_obtained":["Golden Idol"],"max_hp_gain":0,"max_hp_loss":0,"event_name":"Golden Idol","floor":3,"gold_loss":0},{"damage_healed":0,"gold_gain":0,"player_choice":"Relic","damage_taken":0,"max_hp_gain":0,"max_hp_loss":0,"event_name":"Wheel of Change","floor":4,"gold_loss":0},{"damage_healed":0,"gold_gain":175,"player_choice":"AGREE","damage_taken":0,"max_hp_gain":0,"max_hp_loss":0,"event_name":"Liars Game","floor":11,"gold_loss":0,"cards_obtained":["Doubt"]},{"cards_removed":["Doubt"],"damage_healed":0,"gold_gain":0,"player_choice":"Purged","damage_taken":0,"max_hp_gain":0,"max_hp_loss":0,"event_name":"Purifier","floor":12,"gold_loss":0},{"damage_healed":0,"gold_gain":0,"player_choice":"Read","damage_taken":0,"max_hp_gain":0,"max_hp_loss":0,"event_name":"The Library","floor":19,"gold_loss":0,"cards_obtained":["Force Field"]},{"damage_healed":0,"gold_gain":0,"player_choice":"Obtained Relic","damage_taken":0,"relics_obtained":["Letter Opener"],"max_hp_gain":0,"max_hp_loss":0,"event_name":"Addict","floor":22,"gold_loss":85}],"is_beta":false,"boss_relics":[{"not_picked":["Runic Pyramid","Empty Cage"],"picked":"Orrery"}],"items_purged_floors":[],"is_endless":false,"potions_floor_spawned":[2,8,16,21],"killed_by":"Book of Stabbing","ascension_level":2}