{"gold_per_floor":[114,114,114,16,35,35,52,52,121,121,152,152,163,227,227,322,322,341,301,316,90,109,109,119,139,187,187,220,220,220,239,239,344,344,357,357,372,472,482,482,103,103,103,103,103,121,71,83,83,83],"floor_reached":51,"playtime":3440,"items_purged":["Strike_R","Strike_R","Parasite","Strike_R"],"score":765,"play_id":"a81918b6-2bc9-4a30-a185-db70e962ffc6","local_time":"20190422104130","is_ascension_mode":false,"campfire_choices":[{"data":"Bash","floor":6,"key":"SMITH"},{"data":"Sword Boomerang","floor":8,"key":"SMITH"},{"data":"Shrug It Off","floor":10,"key":"SMITH"},{"data":"Feed","floor":12,"key":"SMITH"},{"floor":15,"key":"REST"},{"data":"Evolve","floor":23,"key":"SMITH"},{"data":"Offering","floor":27,"key":"SMITH"},{"data":"Power Through","floor":29,"key":"SMITH"},{"data":"Shrug It Off","floor":32,"key":"SMITH"},{"data":"Dark Embrace","floor":40,"key":"SMITH"},{"data":"Chrysalis","floor":42,"key":"SMITH"},{"data":"Battle Trance","floor":44,"key":"SMITH"},{"data":"Offering","floor":49,"key":"SMITH"}],"neow_cost":"PERCENT_DAMAGE","seed_source_timestamp":1089477601737581,"circlet_count":0,"master_deck":["Defend_R","Defend_R","Defend_R","Bash+1","Shrug It Off+1","Shrug It Off+1","Sword Boomerang+1","Feed+1","Battle Trance+1","Power Through+1","Offering+1","Dropkick","Body Slam+1","Evolve+1","Dark Embrace+1","Chrysalis+1","Offering+1"],"relics":["Burning Blood","Gremlin Horn","Letter Opener","Anchor","Art of War","Mark of Pain","Red Skull","Smiling Mask","Centennial Puzzle","Cursed Key","Thread and Needle","Potion Belt"],"potions_floor_usage":[11,11,25,33,39,50,50,50,50,50,50,50,50],"damage_taken":[{"damage":12,"enemies":"Small Slimes","floor":1,"turns":4},{"damage":8,"enemies":"Jaw Worm","floor":5,"turns":4},{"damage":0,"enemies":"Cultist","floor":7,"turns":3},{"damage":15,"enemies":"Lagavulin","floor":11,"turns":4},{"damage":0,"enemies":"Large Slime","floor":13,"turns":6},{"damage":50,"enemies":"Lagavulin Event","floor":14,"turns":10},{"damage":14,"enemies":"The Guardian","floor":16,"turns":15},{"damage":8,"enemies":"Spheric Guardian","floor":18,"turns":6},{"damage":2,"enemies":"Shell Parasite","floor":20,"turns":4},{"damage":5,"enemies":"Centurion and Healer","floor":22,"turns":6},{"damage":6,"enemies":"Shelled Parasite and Fungi","floor":24,"turns":3},{"damage":6,"enemies":"Snecko","floor":25,"turns":3},{"damage":11,"enemies":"Book of Stabbing","floor":28,"turns":3},{"damage":6,"enemies":"3 Cultists","floor":31,"turns":2},{"damage":54,"enemies":"Champ","floor":33,"turns":9},{"damage":6,"enemies":"3 Shapes","floor":35,"turns":2},{"damage":9,"enemies":"3 Darklings","floor":37,"turns":4},{"damage":12,"enemies":"Mind Bloom Boss Battle","floor":38,"turns":6},{"damage":24,"enemies":"Writhing Mass","floor":39,"turns":4},{"damage":12,"enemies":"Spire Growth","floor":46,"turns":4},{"damage":12,"enemies":"Maw","floor":48,"turns":6},{"damage":12,"enemies":"Donu and Deca","floor":50,"turns":2}],"seed_played":"-206812249120536600","potions_obtained":[{"floor":1,"key":"PowerPotion"},{"floor":5,"key":"AttackPotion"},{"floor":19,"key":"SkillPotion"},{"floor":19,"key":"EntropicBrew"},{"floor":19,"key":"FearPotion"},{"floor":20,"key":"SkillPotion"},{"floor":28,"key":"AttackPotion"},{"floor":33,"key":"SmokeBomb"},{"floor":38,"key":"SkillPotion"},{"floor":48,"key":"SteroidPotion"}],"is_trial":false,"path_per_floor":["M","?","?","$","M","R","M","R","T","R","E","R","M","?","R","B",null,"M","?","M","$","M","R","M","M","T","R","E","R","T","M","R","B",null,"M","?","M","?","M","R","$","R","T","R","T","M","$","M","R","B",null],"character_chosen":"IRONCLAD","items_purchased":["Shrug It Off","Evolve","Swift Potion","Potion Belt","Chrysalis"],"campfire_rested":1,"item_purchase_floors":[4,21,21,41,41],"current_hp_per_floor":[50,43,43,43,41,41,47,47,47,47,41,41,51,11,38,34,95,97,97,103,103,107,107,111,115,115,115,110,110,110,114,114,66,119,123,123,124,122,108,108,108,108,108,108,108,106,106,100,100,107],"gold":83,"neow_bonus":"REMOVE_TWO","is_prod":false,"is_daily":false,"chose_seed":false,"campfire_upgraded":12,"win_rate":0,"timestamp":1555944090,"path_taken":["M","?","?","$","M","R","M","R","T","R","E","R","?","?","R","BOSS","M","?","?","$","M","R","M","?","T","R","E","R","?","M","R","BOSS","M","?","M","?","M","R","$","R","T","R","?","M","$","M","R","BOSS"],"build_version":"2019-01-23","purchased_purges":4,"victory":true,"max_hp_per_floor":[80,80,80,80,80,80,80,80,80,80,83,83,87,91,91,95,95,99,99,103,103,107,107,111,115,115,115,115,115,115,119,119,119,119,123,123,127,131,135,135,132,132,132,132,132,136,136,136,136,136],"card_choices":[{"not_picked":["Armaments","Uppercut"],"picked":"Shrug It Off","floor":1},{"not_picked":["Havoc","Headbutt"],"picked":"Sword Boomerang","floor":5},{"not_picked":["Cleave","Disarm"],"picked":"Feed","floor":7},{"not_picked":["Iron Wave","Clash"],"picked":"Battle Trance","floor":11},{"not_picked":["Cleave","Anger","Blood for Blood"],"picked":"SKIP","floor":13},{"not_picked":["Armaments","Warcry"],"picked":"Power Through","floor":14},{"not_picked":["Berserk","Fiend Fire"],"picked":"Offering","floor":16},{"not_picked":["Searing Blow","Shrug It Off+1"],"picked":"Dropkick","floor":18},{"not_picked":["Wild Strike+1","Flex"],"picked":"Body Slam+1","floor":20},{"not_picked":["Headbutt","Heavy Blade","Fire Breathing"],"picked":"SKIP","floor":22},{"not_picked":["Heavy Blade+1","Cleave","Flame Barrier"],"picked":"SKIP","floor":24},{"not_picked":["True Grit+1","Shockwave","Metallicize"],"picked":"SKIP","floor":25},{"not_picked":["Wild Strike","True Grit","Pommel Strike"],"picked":"SKIP","floor":28},{"not_picked":["Warcry","Body Slam","Shrug It Off"],"picked":"SKIP","floor":31},{"not_picked":["Juggernaut","Offering"],"picked":"Dark Embrace","floor":33},{"not_picked":["Clothesline+1","Perfected Strike+1","Blood for Blood"],"picked":"SKIP","floor":35},{"not_picked":["Sword Boomerang+1","Combust","Flame Barrier"],"picked":"SKIP","floor":37},{"not_picked":["Fire Breathing+1","Headbutt+1","Wild Strike+1"],"picked":"SKIP","floor":39},{"not_picked":["Heavy Blade","Cleave"],"picked":"Offering","floor":46},{"not_picked":["Body Slam+1","Combust","Clash"],"picked":"SKIP","floor":48}],"player_experience":3444525,"relics_obtained":[{"floor":3,"key":"Gremlin Horn"},{"floor":9,"key":"Letter Opener"},{"floor":11,"key":"Anchor"},{"floor":14,"key":"Art of War"},{"floor":26,"key":"Red Skull"},{"floor":28,"key":"Smiling Mask"},{"floor":30,"key":"Centennial Puzzle"},{"floor":38,"key":"Thread and Needle"}],"event_choices":[{"cards_removed":["Strike_R"],"damage_healed":0,"gold_gain":0,"player_choice":"Card Removal","damage_taken":7,"max_hp_gain":0,"max_hp_loss":0,"event_name":"Golden Wing","floor":2,"gold_loss":0},{"damage_healed":0,"gold_gain":0,"player_choice":"Relic","damage_taken":0,"max_hp_gain":0,"max_hp_loss":0,"event_name":"Wheel of Change","floor":3,"gold_loss":0},{"damage_healed":0,"gold_gain":30,"player_choice":"Searched \u00272\u0027 times","damage_taken":0,"max_hp_gain":0,"max_hp_loss":0,"event_name":"Dead Adventurer","floor":14,"gold_loss":0},{"damage_healed":0,"gold_gain":0,"player_choice":"Bought 3 Potions","damage_taken":0,"max_hp_gain":0,"max_hp_loss":0,"event_name":"The Woman in Blue","floor":19,"gold_loss":0},{"damage_healed":0,"gold_gain":0,"player_choice":"Ignored","damage_taken":0,"max_hp_gain":0,"max_hp_loss":0,"event_name":"Tomb of Lord Red Mask","floor":36,"gold_loss":0},{"damage_healed":0,"gold_gain":0,"player_choice":"Fight","damage_taken":0,"max_hp_gain":0,"max_hp_loss":0,"event_name":"MindBloom","floor":38,"gold_loss":0}],"is_beta":false,"boss_relics":[{"not_picked":["Calling Bell","Black Blood"],"picked":"Mark of Pain"},{"not_picked":["Coffee Dripper","Velvet Choker"],"picked":"Cursed Key"}],"items_purged_floors":[4,21,41,47],"is_endless":false,"potions_floor_spawned":[1,5,20,28,31,33,38,48],"ascension_level":0}