{"gold_per_floor":[114,114,12,37,62,62,80,80,127,127,127,127,140,155,155,284,284,268,268,283,299,314,314,338,338,338,25,25,68,18,18,18,148,148,168,192,205,155,155,155,179,179,179,179,195,64,128,128,128,128],"floor_reached":50,"playtime":2885,"items_purged":["Strike_R","Strike_R","Strike_R","Strike_R"],"score":477,"play_id":"f5841619-65ec-4642-b6b4-d4be00b5c6a4","local_time":"20190422192131","is_ascension_mode":false,"campfire_choices":[{"data":"Bash","floor":6,"key":"SMITH"},{"data":"Shrug It Off","floor":8,"key":"SMITH"},{"data":"Dropkick","floor":10,"key":"SMITH"},{"data":"Dropkick","floor":12,"key":"SMITH"},{"data":"Sentinel","floor":15,"key":"SMITH"},{"data":"Burning Pact","floor":23,"key":"SMITH"},{"floor":28,"key":"REST"},{"data":"Dual Wield","floor":32,"key":"SMITH"},{"data":"True Grit","floor":40,"key":"SMITH"},{"data":"Offering","floor":42,"key":"SMITH"},{"data":"Sentinel","floor":44,"key":"SMITH"},{"data":"Burning Pact","floor":49,"key":"SMITH"}],"neow_cost":"NONE","seed_source_timestamp":1121242242364581,"circlet_count":0,"master_deck":["Defend_R","Defend_R","Defend_R","Defend_R","Bash+1","Thunderclap+1","Feel No Pain","Dropkick+1","Shrug It Off+1","Dropkick+1","Dropkick+1","Sentinel+1","True Grit+1","Burning Pact+1","Sentinel+1","Uppercut","Dual Wield+1","Intimidate","Offering+1","Bloodletting+1","Warcry+1","Finesse","Finesse","Parasite","Dual Wield+1","Burning Pact+1","Doubt"],"relics":["Burning Blood","Golden Idol","Bag of Marbles","Sozu","Pantograph","Singing Bowl","Smiling Mask","Mark of Pain","Bottled Lightning","Girya"],"potions_floor_usage":[16,16,16],"damage_taken":[{"damage":0,"enemies":"2 Louse","floor":1,"turns":3},{"damage":2,"enemies":"Small Slimes","floor":4,"turns":4},{"damage":2,"enemies":"Cultist","floor":5,"turns":4},{"damage":27,"enemies":"Large Slime","floor":7,"turns":8},{"damage":0,"enemies":"Lots of Slimes","floor":13,"turns":2},{"damage":0,"enemies":"Looter","floor":14,"turns":3},{"damage":14,"enemies":"Hexaghost","floor":16,"turns":9},{"damage":6,"enemies":"2 Thieves","floor":18,"turns":4},{"damage":35,"enemies":"Spheric Guardian","floor":20,"turns":6},{"damage":16,"enemies":"3 Cultists","floor":21,"turns":5},{"damage":2,"enemies":"Centurion and Healer","floor":22,"turns":5},{"damage":15,"enemies":"Shelled Parasite and Fungi","floor":24,"turns":5},{"damage":10,"enemies":"Book of Stabbing","floor":29,"turns":5},{"damage":73,"enemies":"Champ","floor":33,"turns":10},{"damage":6,"enemies":"3 Darklings","floor":35,"turns":3},{"damage":6,"enemies":"3 Shapes","floor":36,"turns":5},{"damage":9,"enemies":"3 Darklings","floor":37,"turns":8},{"damage":6,"enemies":"Writhing Mass","floor":41,"turns":5},{"damage":7,"enemies":"Jaw Worm Horde","floor":45,"turns":4},{"damage":45,"enemies":"2 Orb Walkers","floor":47,"turns":7},{"damage":89,"enemies":"Donu and Deca","floor":50,"turns":9}],"seed_played":"5428945418188412506","potions_obtained":[{"floor":1,"key":"Swift Potion"},{"floor":4,"key":"FearPotion"},{"floor":5,"key":"GamblersBrew"},{"floor":7,"key":"BloodPotion"}],"is_trial":false,"path_per_floor":["M","?","$","M","M","R","M","R","T","R","?","R","M","M","R","B",null,"M","?","M","M","M","R","M","?","T","$","R","E","$","?","R","B",null,"M","M","M","$","?","R","M","R","T","R","M","$","?","?","R","B"],"character_chosen":"IRONCLAD","items_purchased":["Dropkick","Shrug It Off","Singing Bowl","Burning Pact"],"campfire_rested":1,"item_purchase_floors":[3,3,27,46],"current_hp_per_floor":[80,60,60,64,68,68,47,47,47,47,47,47,53,59,59,59,80,80,80,51,41,45,45,36,36,36,36,60,56,56,56,56,13,80,80,82,79,79,74,74,76,76,76,76,75,75,38,86,86,0],"gold":128,"neow_bonus":"THREE_CARDS","is_prod":false,"is_daily":false,"chose_seed":false,"campfire_upgraded":11,"win_rate":0,"timestamp":1555975291,"path_taken":["M","?","$","M","M","R","M","R","T","R","?","R","M","?","R","BOSS","M","?","M","M","M","R","?","?","T","?","R","E","$","?","R","BOSS","M","M","M","$","?","R","M","R","T","R","M","$","?","?","R","BOSS"],"build_version":"2019-01-23","purchased_purges":4,"victory":false,"max_hp_per_floor":[80,80,80,80,80,80,80,80,80,80,80,80,80,80,80,80,80,80,80,80,80,80,80,80,80,80,80,80,80,80,80,80,80,80,80,82,82,82,82,82,84,84,84,84,84,84,86,86,86,86],"card_choices":[{"not_picked":["Headbutt","Warcry"],"picked":"Thunderclap","floor":0},{"not_picked":["Inflame","Clothesline"],"picked":"Feel No Pain","floor":1},{"not_picked":["Headbutt","Rupture"],"picked":"Dropkick","floor":4},{"not_picked":["Iron Wave","Clothesline","Exhume"],"picked":"SKIP","floor":5},{"not_picked":["Shrug It Off","Heavy Blade"],"picked":"Dropkick","floor":7},{"not_picked":["Sword Boomerang","Fiend Fire"],"picked":"Sentinel","floor":13},{"not_picked":["Perfected Strike","Headbutt","Battle Trance"],"picked":"SKIP","floor":14},{"not_picked":["Armaments","Iron Wave","Perfected Strike"],"picked":"SKIP","floor":18},{"not_picked":["Ghostly Armor","Clothesline","Hemokinesis"],"picked":"SKIP","floor":20},{"not_picked":["Havoc+1","Thunderclap"],"picked":"True Grit","floor":21},{"not_picked":["Warcry","Searing Blow"],"picked":"Burning Pact","floor":22},{"not_picked":["Cleave","Pommel Strike"],"picked":"Sentinel","floor":24},{"not_picked":["Fiend Fire","Body Slam"],"picked":"Dual Wield","floor":29},{"not_picked":["Berserk","Feed"],"picked":"Offering","floor":33},{"not_picked":["Disarm","Twin Strike"],"picked":"Bloodletting+1","floor":35},{"not_picked":["Thunderclap","Hemokinesis+1","Anger+1"],"picked":"Singing Bowl","floor":36},{"not_picked":["Anger","Rupture+1"],"picked":"Warcry+1","floor":37},{"not_picked":["Dark Shackles","Bandage Up"],"picked":"Finesse","floor":39},{"not_picked":["Blind","Swift Strike"],"picked":"Finesse","floor":39},{"not_picked":["Clothesline+1","Thunderclap","Intimidate"],"picked":"Singing Bowl","floor":41},{"not_picked":["True Grit","Anger+1"],"picked":"Dual Wield+1","floor":45},{"not_picked":["Rupture","Rage","Heavy Blade"],"picked":"Singing Bowl","floor":47}],"player_experience":3466501,"relics_obtained":[{"floor":9,"key":"Bag of Marbles"},{"floor":26,"key":"Pantograph"},{"floor":29,"key":"Smiling Mask"},{"floor":43,"key":"Bottled Lightning"},{"floor":47,"key":"Girya"}],"event_choices":[{"damage_healed":0,"gold_gain":0,"player_choice":"Take Damage","damage_taken":20,"relics_obtained":["Golden Idol"],"max_hp_gain":0,"max_hp_loss":0,"event_name":"Golden Idol","floor":2,"gold_loss":0},{"damage_healed":0,"gold_gain":0,"player_choice":"Forge","damage_taken":0,"max_hp_gain":0,"max_hp_loss":0,"event_name":"Accursed Blacksmith","floor":11,"gold_loss":0,"cards_upgraded":["Dropkick"]},{"damage_healed":0,"gold_gain":0,"player_choice":"Upgraded","damage_taken":0,"max_hp_gain":0,"max_hp_loss":0,"event_name":"Upgrade Shrine","floor":19,"gold_loss":0,"cards_upgraded":["Thunderclap"]},{"damage_healed":0,"gold_gain":0,"cards_transformed":["Strike_R"],"player_choice":"Transformed","damage_taken":0,"max_hp_gain":0,"max_hp_loss":0,"event_name":"Transmorgrifier","floor":25,"gold_loss":0,"cards_obtained":["Uppercut"]},{"damage_healed":0,"gold_gain":0,"player_choice":"Read","damage_taken":0,"max_hp_gain":0,"max_hp_loss":0,"event_name":"The Library","floor":31,"gold_loss":0,"cards_obtained":["Intimidate"]},{"damage_healed":0,"gold_gain":0,"player_choice":"Memory 2","damage_taken":5,"max_hp_gain":0,"max_hp_loss":0,"event_name":"SensoryStone","floor":39,"gold_loss":0},{"damage_healed":0,"gold_gain":0,"player_choice":"Fight","damage_taken":0,"max_hp_gain":0,"max_hp_loss":0,"event_name":"Mysterious Sphere","floor":47,"gold_loss":0},{"damage_healed":48,"gold_gain":0,"player_choice":"Heal","damage_taken":0,"max_hp_gain":0,"max_hp_loss":0,"event_name":"MindBloom","floor":48,"gold_loss":0,"cards_obtained":["Doubt"]}],"is_beta":false,"boss_relics":[{"not_picked":["Cursed Key","Black Blood"],"picked":"Sozu"},{"not_picked":["Snecko Eye","Calling Bell"],"picked":"Mark of Pain"}],"items_purged_floors":[27,30,38,46],"is_endless":false,"potions_floor_spawned":[1,4,5,7,20,24,33,35,37,41],"killed_by":"Donu and Deca","ascension_level":0}