{"gold_per_floor":[109,184,204,204,7,7,22,22,22,41,41,52,66,76,76,181,181],"floor_reached":17,"playtime":577,"items_purged":["Strike_G"],"score":149,"play_id":"4e35f1ca-104c-4403-bef7-3a74311f193f","local_time":"20190417151415","is_ascension_mode":false,"campfire_choices":[{"data":"Caltrops","floor":6,"key":"SMITH"},{"data":"Neutralize","floor":8,"key":"SMITH"},{"data":"Bouncing Flask","floor":11,"key":"SMITH"},{"data":"Calculated Gamble","floor":15,"key":"SMITH"}],"neow_cost":"NONE","seed_source_timestamp":676714962216990,"circlet_count":0,"master_deck":["Defend_G","Defend_G","Defend_G","Defend_G","Defend_G","Strike_G","Survivor","Neutralize+1","Envenom+1","Deadly Poison+1","Backflip+1","Dagger Spray","PiercingWail","Caltrops+1","Backflip","PiercingWail","Bouncing Flask+1","Backflip","PiercingWail","Calculated Gamble+1","After Image"],"relics":["Astrolabe","NlothsMask"],"potions_floor_usage":[16,16],"damage_taken":[{"damage":1,"enemies":"2 Louse","floor":1,"turns":3},{"damage":0,"enemies":"Small Slimes","floor":3,"turns":3},{"damage":0,"enemies":"Cultist","floor":7,"turns":4},{"damage":0,"enemies":"Lots of Slimes","floor":10,"turns":3},{"damage":3,"enemies":"Looter","floor":12,"turns":3},{"damage":1,"enemies":"Exordium Thugs","floor":13,"turns":5},{"damage":0,"enemies":"2 Fungi Beasts","floor":14,"turns":4},{"damage":18,"enemies":"The Guardian","floor":16,"turns":8}],"seed_played":"3546429691304145367","potions_obtained":[{"floor":1,"key":"Regen Potion"},{"floor":12,"key":"PowerPotion"},{"floor":13,"key":"FairyPotion"}],"is_trial":false,"path_per_floor":["M","?","M","?","$","R","M","R","T","M","R","M","M","M","R","B",null],"character_chosen":"THE_SILENT","items_purchased":["Caltrops","Backflip"],"campfire_rested":0,"item_purchase_floors":[5,5],"current_hp_per_floor":[69,58,58,58,58,58,58,58,58,58,58,55,54,54,54,51,70],"gold":181,"neow_bonus":"BOSS_RELIC","is_prod":false,"is_daily":false,"chose_seed":false,"campfire_upgraded":4,"win_rate":0,"timestamp":1555528455,"path_taken":["M","?","M","?","$","R","M","R","T","M","R","M","M","M","R","BOSS"],"build_version":"2019-01-23","purchased_purges":1,"victory":false,"max_hp_per_floor":[70,70,70,70,70,70,70,70,70,70,70,70,70,70,70,70,70],"card_choices":[{"not_picked":["Eviscerate","All Out Attack"],"picked":"Dagger Spray","floor":1},{"not_picked":["Sucker Punch","Poisoned Stab"],"picked":"PiercingWail","floor":3},{"not_picked":["Infinite Blades","Flechettes"],"picked":"PiercingWail","floor":7},{"not_picked":["Cloak And Dagger","Blade Dance"],"picked":"Bouncing Flask","floor":10},{"not_picked":["Concentrate","Envenom"],"picked":"Backflip","floor":12},{"not_picked":["Bane","Deadly Poison"],"picked":"PiercingWail","floor":13},{"not_picked":["Slice","Choke"],"picked":"Calculated Gamble","floor":14},{"not_picked":["Envenom","Wraith Form v2"],"picked":"After Image","floor":16}],"player_experience":3389948,"relics_obtained":[],"event_choices":[{"damage_healed":0,"gold_gain":75,"player_choice":"Gather Gold","damage_taken":11,"max_hp_gain":0,"max_hp_loss":0,"event_name":"World of Goop","floor":2,"gold_loss":0},{"damage_healed":0,"gold_gain":0,"player_choice":"Trade","damage_taken":0,"relics_obtained":["NlothsMask"],"max_hp_gain":0,"max_hp_loss":0,"event_name":"FaceTrader","floor":4,"gold_loss":0}],"is_beta":false,"boss_relics":[{"not_picked":["Lizard Tail","Pandora\u0027s Box","Busted Crown"]}],"items_purged_floors":[5],"is_endless":false,"potions_floor_spawned":[1,12,13],"ascension_level":0}