{"gold_per_floor":[118,138,154,154,154,184,184,209,209,221,221,221,26,45,45,149,149,159,171,171,171,187,213,228,255,308,30,44,54,54,69,69,173,173,193,163,175,275,275,309,309,338,362,36,36,47,47,47,47,47],"floor_reached":51,"playtime":2948,"items_purged":[],"score":805,"play_id":"fa1af7c9-7891-4ad9-af9a-a542d50f8b84","local_time":"20190628182332","is_ascension_mode":false,"campfire_choices":[{"floor":7.0,"key":"REST"},{"floor":12.0,"key":"REST"},{"floor":15.0,"key":"REST"},{"floor":32.0,"key":"REST"},{"floor":41.0,"key":"REST"},{"data":"Juggernaut","floor":49,"key":"SMITH"}],"neow_cost":"NONE","seed_source_timestamp":0,"circlet_count":0,"master_deck":["Defend_G+1","Defend_G+1","Defend_G+1","Defend_G+1","Defend_G+1","Survivor","Neutralize","Quick Slash","PiercingWail","Blade Dance","Noxious Fumes","Dodge and Roll","Deadly Poison+1","Footwork","Prepared+1","Terror+1","Leg Sweep+1","Night Terror+1","Deadly Poison+1","Backflip+1","Slice","Outmaneuver+1","Expertise+1","Dagger Throw","Accuracy+1","Footwork","Beam Cell","PiercingWail+1","Bite","Bite","Bite","Bite","Beam Cell+1","Juggernaut+1","Stack+1","Armaments+1","Reboot+1","Backflip+1","Pommel Strike","Caltrops","Dodge and Roll+1","Infinite Blades"],"special_seed":0,"relics":["Ring of the Serpent","Mummified Hand","Blue Candle","Ornamental Fan","Toxic Egg 2","Ninja Scroll","Bottled Lightning","Happy Flower","PrismaticShard","Black Star","Dead Branch","Darkstone Periapt","Art of War","Boot","Torii","Vajra","Shuriken"],"potions_floor_usage":[42],"damage_taken":[{"damage":2.0,"enemies":"Small Slimes","floor":1.0,"turns":3.0},{"damage":1.0,"enemies":"2 Louse","floor":2.0,"turns":3.0},{"damage":1.0,"enemies":"Jaw Worm","floor":3.0,"turns":4.0},{"damage":41.0,"enemies":"Lagavulin","floor":6.0,"turns":11.0},{"damage":41.0,"enemies":"Gremlin Nob","floor":8.0,"turns":5.0},{"damage":0.0,"enemies":"Exordium Wildlife","floor":10.0,"turns":4.0},{"damage":2.0,"enemies":"Looter","floor":14.0,"turns":2.0},{"damage":11.0,"enemies":"Slime Boss","floor":16.0,"turns":8.0},{"damage":20.0,"enemies":"2 Thieves","floor":18.0,"turns":4.0},{"damage":0.0,"enemies":"Chosen","floor":19.0,"turns":5.0},{"damage":7.0,"enemies":"Snake Plant","floor":22.0,"turns":6.0},{"damage":4.0,"enemies":"Gremlin Leader","floor":23.0,"turns":5.0},{"damage":12.0,"enemies":"Centurion and Healer","floor":24.0,"turns":5.0},{"damage":26.0,"enemies":"Slavers","floor":25.0,"turns":4.0},{"damage":1.0,"enemies":"Sentry and Sphere","floor":28.0,"turns":8.0},{"damage":0.0,"enemies":"Snecko","floor":29.0,"turns":4.0},{"damage":4.0,"enemies":"Cultist and Chosen","floor":31.0,"turns":5.0},{"damage":46.0,"enemies":"Collector","floor":33.0,"turns":12.0},{"damage":22.0,"enemies":"3 Darklings","floor":35.0,"turns":7.0},{"damage":0.0,"enemies":"3 Shapes","floor":37.0,"turns":5.0},{"damage":0.0,"enemies":"Mind Bloom Boss Battle","floor":38.0,"turns":8.0},{"damage":31.0,"enemies":"Nemesis","floor":40.0,"turns":5.0},{"damage":35,"enemies":"Reptomancer","floor":42,"turns":6},{"damage":10,"enemies":"Jaw Worm Horde","floor":46,"turns":5},{"damage":25,"enemies":"Donu and Deca","floor":50,"turns":8}],"seed_played":"-59027998459902882","potions_obtained":[{"floor":2.0,"key":"Dexterity Potion"},{"floor":3.0,"key":"Weak Potion"},{"floor":14.0,"key":"Explosive Potion"},{"floor":19.0,"key":"Fire Potion"},{"floor":22.0,"key":"PowerPotion"},{"floor":23.0,"key":"Strength Potion"},{"floor":35.0,"key":"SpeedPotion"},{"floor":36.0,"key":"FairyPotion"},{"floor":36.0,"key":"AttackPotion"},{"floor":37.0,"key":"Strength Potion"},{"floor":46,"key":"SpeedPotion"}],"is_trial":false,"path_per_floor":["M","M","M","?","?","E","R","E","T","M","T","R","$","M","R","B",null,"M","M","?","?","M","E","M","E","T","$","M","M","?","M","R","B",null,"M","?","M","?","?","E","R","E","T","$","?","M","$","?","R","B",null],"character_chosen":"THE_SILENT","items_purchased":["Footwork","Prepared+1","Terror+1","PrismaticShard","Regen Potion","Shuriken","Caltrops","Dodge and Roll+1"],"campfire_rested":5,"item_purchase_floors":[13,13,13,27,27,44,44,44],"current_hp_per_floor":[75,74,73,73,66,25,48,7,7,7,7,30,30,28,51,40,77,57,57,57,57,50,46,34,8,8,8,22,22,22,26,41,19,53,31,31,41,50,50,23,38,11,11,11,46,42,42,42,42,23],"gold":47,"neow_bonus":"TEN_PERCENT_HP_BONUS","is_prod":false,"is_daily":false,"chose_seed":false,"campfire_upgraded":1,"win_rate":0,"timestamp":1561767812,"path_taken":["M","M","M","?","?","E","R","E","T","M","?","R","$","M","R","BOSS","M","M","?","?","M","E","?","E","T","?","M","M","?","M","R","BOSS","M","?","?","?","?","E","R","E","T","$","?","M","?","?","R","BOSS"],"build_version":"2019-06-24","purchased_purges":0,"victory":true,"max_hp_per_floor":[77,77,77,77,77,77,77,77,77,77,77,77,77,77,77,77,77,77,77,77,77,77,77,77,77,77,77,77,77,53,53,53,53,53,53,53,53,53,53,53,53,53,53,53,46,46,46,46,46,46],"card_choices":[{"not_picked":["Dagger Throw","Expertise"],"picked":"Quick Slash","floor":1.0},{"not_picked":["Poisoned Stab","Escape Plan"],"picked":"PiercingWail","floor":2.0},{"not_picked":["Concentrate","Outmaneuver"],"picked":"Blade Dance","floor":3.0},{"not_picked":["Venomology","Blade Dance"],"picked":"Noxious Fumes","floor":6.0},{"not_picked":["Slice","Bouncing Flask"],"picked":"Dodge and Roll","floor":8.0},{"not_picked":["Heel Hook","Setup+1"],"picked":"Deadly Poison+1","floor":10.0},{"not_picked":["Riddle With Holes","Flying Knee"],"picked":"Leg Sweep+1","floor":14.0},{"not_picked":["Die Die Die","Unload"],"picked":"Night Terror+1","floor":16.0},{"not_picked":["Heel Hook","Quick Slash+1"],"picked":"Deadly Poison+1","floor":18.0},{"not_picked":["Backstab","Tactician+1"],"picked":"Backflip+1","floor":19.0},{"not_picked":["Masterful Stab","Skewer"],"picked":"Expertise+1","floor":22.0},{"not_picked":["Skewer","Sucker Punch"],"picked":"Dagger Throw","floor":23.0},{"not_picked":["Escape Plan+1","Eviscerate"],"picked":"Accuracy+1","floor":24.0},{"not_picked":["Doppelganger+1","Dash+1"],"picked":"Footwork","floor":25.0},{"not_picked":["Anger","Deflect+1"],"picked":"Beam Cell","floor":28.0},{"not_picked":["Ball Lightning","Carnage+1"],"picked":"PiercingWail+1","floor":29.0},{"not_picked":["Clash","Force Field+1"],"picked":"Beam Cell+1","floor":31.0},{"not_picked":["Doppelganger+1","Demon Form"],"picked":"Juggernaut","floor":33.0},{"not_picked":["Wild Strike+1","Gash"],"picked":"Stack+1","floor":35.0},{"not_picked":["PanicButton+1","White Noise+1"],"picked":"Armaments+1","floor":37.0},{"not_picked":["Dagger Throw","Bane+1"],"picked":"Reboot+1","floor":38.0},{"not_picked":["Cleave","Scrape+1"],"picked":"Backflip+1","floor":40.0},{"not_picked":["Defragment","Rampage"],"picked":"Pommel Strike","floor":42},{"not_picked":["Sucker Punch+1","Quick Slash+1"],"picked":"Infinite Blades","floor":46}],"player_experience":1111988,"relics_obtained":[{"floor":6.0,"key":"Blue Candle"},{"floor":8.0,"key":"Ornamental Fan"},{"floor":9.0,"key":"Toxic Egg 2"},{"floor":11.0,"key":"Ninja Scroll"},{"floor":23.0,"key":"Bottled Lightning"},{"floor":25.0,"key":"Happy Flower"},{"floor":38.0,"key":"Dead Branch"},{"floor":40.0,"key":"Darkstone Periapt"},{"floor":40.0,"key":"Art of War"},{"floor":42,"key":"Boot"},{"floor":42,"key":"Torii"},{"floor":43,"key":"Vajra"}],"event_choices":[{"damage_healed":0.0,"max_hp_gain":0.0,"max_hp_loss":0.0,"gold_gain":0.0,"event_name":"Big Fish","player_choice":"Box","floor":4.0,"gold_loss":0.0,"damage_taken":0.0,"relics_obtained":["Mummified Hand"],"cards_obtained":["Regret"]},{"cards_removed":["Regret"],"damage_healed":0.0,"max_hp_gain":0.0,"max_hp_loss":0.0,"gold_gain":0.0,"event_name":"Golden Wing","player_choice":"Card Removal","floor":5.0,"gold_loss":0.0,"damage_taken":7.0},{"damage_healed":0.0,"max_hp_gain":0.0,"max_hp_loss":0.0,"gold_gain":0.0,"cards_transformed":["Strike_G","Strike_G"],"event_name":"Drug Dealer","player_choice":"Became Test Subject","floor":20.0,"gold_loss":0.0,"damage_taken":0.0,"cards_obtained":["Slice","Outmaneuver"]},{"damage_healed":0.0,"max_hp_gain":0.0,"max_hp_loss":0.0,"gold_gain":0.0,"event_name":"Back to Basics","player_choice":"Simplicity","floor":21.0,"gold_loss":0.0,"damage_taken":0.0,"cards_upgraded":["Strike_G","Strike_G","Strike_G","Defend_G","Defend_G","Defend_G","Defend_G","Defend_G"]},{"damage_healed":0.0,"max_hp_gain":0.0,"max_hp_loss":24.0,"gold_gain":0.0,"event_name":"Vampires","player_choice":"Became a vampire","floor":30.0,"gold_loss":0.0,"damage_taken":0.0,"cards_obtained":["Bite","Bite","Bite","Bite","Bite"]},{"damage_healed":0.0,"max_hp_gain":0.0,"max_hp_loss":0.0,"gold_gain":0.0,"event_name":"The Woman in Blue","player_choice":"Bought 2 Potions","floor":36.0,"gold_loss":0.0,"damage_taken":0.0},{"damage_healed":0.0,"max_hp_gain":0.0,"max_hp_loss":0.0,"gold_gain":0.0,"event_name":"MindBloom","player_choice":"Fight","floor":38.0,"gold_loss":0.0,"damage_taken":0.0},{"damage_healed":0.0,"max_hp_gain":0.0,"max_hp_loss":0.0,"gold_gain":0.0,"event_name":"Tomb of Lord Red Mask","player_choice":"Ignored","floor":39.0,"gold_loss":0.0,"damage_taken":0.0},{"damage_healed":46,"gold_gain":0,"player_choice":"Heal","damage_taken":0,"max_hp_gain":0,"max_hp_loss":7,"event_name":"The Moai Head","floor":45,"gold_loss":0},{"cards_removed":["Bite"],"damage_healed":0,"gold_gain":0,"player_choice":"Removed Attack","damage_taken":0,"max_hp_gain":0,"max_hp_loss":0,"event_name":"Falling","floor":48,"gold_loss":0}],"is_beta":true,"boss_relics":[{"not_picked":["HoveringKite","White Beast Statue"],"picked":"Ring of the Serpent"},{"not_picked":["Velvet Choker","Empty Cage"],"picked":"Black Star"}],"items_purged_floors":[],"is_endless":false,"potions_floor_spawned":[2,3,14,19,22,23,35,37,46],"ascension_level":0}