{"path_per_floor":["M","M","$","?","M","R","?","E","T","R","M","E","R","?","R","B",null,"M","$","$","M","?","R","E","R","T"],"character_chosen":"THE_SILENT","items_purchased":["Dexterity Potion","Flying Knee","Dexterity Potion"],"gold_per_floor":[113,133,8,0,17,17,17,51,51,51,68,102,102,102,102,173,173,184,60,12,30,30,30,56,56,124],"floor_reached":27,"campfire_rested":3,"playtime":1748,"current_hp_per_floor":[51,47,47,47,47,47,63,51,51,51,50,37,37,37,55,41,58,28,28,28,24,29,47,19,40,40],"items_purged":["Parasite","Strike_G"],"gold":124,"score":403,"play_id":"3e643419-daf0-4676-9dea-ea059786b6f3","local_time":"20180310171055","is_prod":false,"is_daily":false,"is_ascension_mode":true,"campfire_upgraded":3,"timestamp":1520719855,"path_taken":["M","M","$","?","?","R","?","E","T","R","M","E","R","?","R","BOSS","M","?","$","?","?","R","E","R","T","E"],"build_version":"2018-03-09","purchased_purges":3,"victory":false,"master_deck":["Defend_G","Defend_G","Defend_G","Defend_G","Defend_G","Strike_G","Strike_G","Strike_G","Strike_G","Survivor","Neutralize+1","Bouncing Flask+1","Dash+1","Terror","Malaise+1","Glass Knife","Flying Knee"],"max_hp_per_floor":[66,66,63,63,63,63,63,63,63,63,63,63,63,63,63,63,63,63,63,63,63,63,63,70,70,70],"relics":["Ring of the Snake","Oddly Smooth Stone","Kunai","Ornamental Fan","Philosopher\u0027s Stone","Strawberry","Tough Bandages"],"card_choices":[{"not_picked":["Prepared","Deflect"],"picked":"Bouncing Flask"},{"not_picked":["Skewer","Flechettes"],"picked":"Dash"},{"not_picked":["Underhanded Strike","Deadly Poison"],"picked":"Terror"},{"not_picked":["Well Laid Plans","Backflip"],"picked":"Cloak And Dagger"},{"not_picked":["Dodge and Roll","Underhanded Strike"],"picked":"Malaise"},{"not_picked":["Burst","Storm of Steel"],"picked":"Glass Knife"}],"player_experience":965601,"potions_floor_usage":[8,8,12,16,18,21,21],"damage_taken":[{"damage":8,"enemies":"Cultist","floor":1,"turns":4},{"damage":4,"enemies":"Small Slimes","floor":2,"turns":4},{"damage":0,"enemies":"2 Louse","floor":5,"turns":3},{"damage":12,"enemies":"3 Sentries","floor":8,"turns":9},{"damage":1,"enemies":"Blue Slaver","floor":11,"turns":3},{"damage":13,"enemies":"Lagavulin","floor":12,"turns":6},{"damage":14,"enemies":"The Guardian","floor":16,"turns":10},{"damage":30,"enemies":"3 Byrds","floor":18,"turns":7},{"damage":4,"enemies":"Spheric Guardian","floor":21,"turns":4},{"damage":35,"enemies":"Book of Stabbing","floor":24,"turns":7},{"damage":47,"enemies":"Slavers","floor":27,"turns":5}],"event_choices":[{"event_name":"World of Goop","player_choice":"Left","floor":4,"damage_taken":0},{"event_name":"Big Fish","player_choice":"Banana","floor":7,"damage_taken":0},{"event_name":"Upgrade Shrine","player_choice":"Upgraded","floor":14,"damage_taken":0},{"event_name":"Bonfire Elementals","player_choice":"COMMON","floor":22,"damage_taken":0}],"boss_relics":[{"not_picked":["Black Star","White Beast Statue"],"picked":"Philosopher\u0027s Stone"}],"potions_floor_spawned":[2,8,11,12,18],"seed_played":"-2825497355884769625","killed_by":"Slavers","ascension_level":14,"is_trial":false}