{"path_per_floor":["M","$","M","M","M","R","?","?","T","R","?","M","?","M","R","B",null,"M","M","?","M","$","?","M"],"character_chosen":"THE_SILENT","items_purchased":["Choke","Kunai","Infinite Blades","Backflip"],"gold_per_floor":[118,44,63,73,91,91,91,165,190,190,212,222,222,233,233,336,336,351,367,367,385,6,6,20],"floor_reached":25,"campfire_rested":0,"playtime":3393,"current_hp_per_floor":[70,70,70,70,70,70,52,52,52,52,52,51,51,51,51,51,70,56,47,47,37,37,37,16],"items_purged":[],"gold":20,"play_id":"4a9bb776-e818-4f07-b48b-f70252fa8c16","is_prod":false,"is_daily":false,"is_ascension_mode":true,"campfire_upgraded":3,"path_taken":["M","$","M","M","M","R","?","?","T","R","?","M","?","M","R","BOSS","M","M","?","M","$","?","M","M"],"build_version":"2018-02-01-PROD3","purchased_purges":0,"victory":false,"master_deck":["Defend_G","Defend_G","Defend_G","Defend_G","Strike_G","Strike_G","Strike_G","Strike_G","Survivor","Neutralize+1","Venomology+1","Choke+1","Dash","Malaise","Dagger Spray","Dagger Spray","Burst","Sucker Punch+1","Endless Agony","Neutralize+1","Dodge and Roll+1","Infinite Blades","Backflip","Blur"],"max_hp_per_floor":[70,70,70,70,70,70,70,70,70,70,70,70,70,70,70,70,70,70,70,70,70,70,70,70],"relics":["Ring of the Snake","Bag of Marbles","Lantern","Odd Mushroom","Eternal Feather","Kunai"],"card_choices":[{"not_picked":["Acrobatics","Dodge and Roll"],"picked":"Dash"},{"not_picked":["Predator","Riddle With Holes"],"picked":"Malaise"},{"not_picked":["Choke","Flying Knee"],"picked":"Dagger Spray"},{"not_picked":["Envenom","Grand Finale"],"picked":"Burst"},{"not_picked":["Deadly Poison","Poisoned Stab"],"picked":"Sucker Punch"},{"not_picked":["Acrobatics","Choke"],"picked":"Endless Agony"},{"not_picked":["Cloak And Dagger","Bane"],"picked":"Dodge and Roll"},{"not_picked":["Heel Hook","Flechettes"],"picked":"Blur"}],"player_experience":455152,"potions_floor_usage":[4,5,11,11,14,16,16,16,16,18,18,21,21,21,24,24,25],"damage_taken":[{"damage":0,"enemies":"Jaw Worm","floor":1,"turns":9},{"damage":0,"enemies":"Cultist","floor":3,"turns":4},{"damage":0,"enemies":"Small Slimes","floor":4,"turns":3},{"damage":0,"enemies":"2 Fungi Beasts","floor":5,"turns":5},{"damage":0,"enemies":"The Mushroom Lair","floor":11,"turns":3},{"damage":1,"enemies":"Exordium Thugs","floor":12,"turns":4},{"damage":0,"enemies":"Looter","floor":14,"turns":1},{"damage":0,"enemies":"Slime Boss","floor":16,"turns":7},{"damage":14,"enemies":"2 Thieves","floor":18,"turns":3},{"damage":9,"enemies":"Chosen","floor":19,"turns":6},{"damage":10,"enemies":"Snake Plant","floor":21,"turns":4},{"damage":21,"enemies":"Sentry and Sphere","floor":24,"turns":6},{"damage":16,"enemies":"Centurion and Healer","floor":25,"turns":7}],"event_choices":[{"event_name":"Scrap Ooze","player_choice":"success","floor":7,"damage_taken":18},{"event_name":"Golden Wing","player_choice":"Gained Gold","floor":8,"damage_taken":0},{"event_name":"Mushrooms","player_choice":"Fought Mushrooms","floor":11,"damage_taken":0},{"event_name":"Transmorgrifier","player_choice":"Transform","floor":13,"damage_taken":0},{"event_name":"Duplicator","player_choice":"One dupe","floor":20,"damage_taken":0},{"event_name":"Beggar","player_choice":"Ignored","floor":23,"damage_taken":0}],"boss_relics":[{"not_picked":["Philosopher\u0027s Stone","Runic Dome"],"picked":"Eternal Feather"}],"potions_floor_spawned":[1,4,14,16,19],"seed_played":"-7746004752797352363","killed_by":"Centurion and Healer","ascension_level":3,"is_trial":false}