{"gold_per_floor":[144,199,244,194,194,284,284,329,379,379,424,424,469,514,514,814,814,859,904,949,994,1039,1039,1084,1129,1154,1154,1154,571,571,661,661,961,961,1006,1051,1096,1141,1186,1186,1231,1276,1301,1391,1391,433,433,478,478,478],"floor_reached":51,"playtime":4223,"items_purged":["Rebound"],"score":907,"play_id":"bbf27327-99b5-490f-952b-d27eaf6099d9","local_time":"20181203215200","daily_mods":["Draft","Uncertain Future","Midas"],"is_ascension_mode":false,"campfire_choices":[{"floor":7,"key":"REST"},{"floor":10,"key":"REST"},{"floor":15,"key":"REST"},{"floor":27,"key":"REST"},{"floor":30,"key":"REST"},{"floor":32,"key":"REST"},{"floor":40,"key":"REST"},{"floor":47,"key":"REST"},{"floor":49,"key":"REST"}],"neow_cost":"","seed_source_timestamp":1706578216091659,"circlet_count":0,"master_deck":["White Noise","Conserve Battery","Stack","Genetic Algorithm","Cold Snap","BootSequence","Leap","Hologram","Go for the Eyes","Compile Driver","Defragment+1","White Noise","Chaos","Barrage","Conserve Battery","White Noise","White Noise+1","Darkness","Rainbow+1","Leap","Amplify","White Noise","Capacitor+1","Buffer","Force Field+1","Loop+1","Apotheosis","Seek","Leap+1","Madness","Madness","Echo Form","Capacitor"],"special_seed":17869,"relics":["Cracked Core","Blood Vial","Oddly Smooth Stone","Sozu","War Paint","Omamori","Shuriken","Bag of Preparation","Runic Pyramid","Smiling Mask","Pantograph","Runic Capacitor","Mummified Hand","Nunchaku"],"potions_floor_usage":[6,14,21,50,50],"damage_taken":[{"damage":0,"enemies":"Jaw Worm","floor":1,"turns":4},{"damage":0,"enemies":"2 Louse","floor":3,"turns":4},{"damage":13,"enemies":"Gremlin Nob","floor":6,"turns":4},{"damage":0,"enemies":"Small Slimes","floor":8,"turns":4},{"damage":8,"enemies":"Exordium Thugs","floor":11,"turns":3},{"damage":1,"enemies":"Blue Slaver","floor":13,"turns":4},{"damage":0,"enemies":"Lots of Slimes","floor":14,"turns":4},{"damage":8,"enemies":"The Guardian","floor":16,"turns":9},{"damage":0,"enemies":"Spheric Guardian","floor":18,"turns":3},{"damage":14,"enemies":"3 Byrds","floor":19,"turns":5},{"damage":0,"enemies":"Snecko","floor":20,"turns":7},{"damage":7,"enemies":"3 Cultists","floor":21,"turns":6},{"damage":10,"enemies":"Snake Plant","floor":22,"turns":4},{"damage":2,"enemies":"Centurion and Healer","floor":24,"turns":6},{"damage":24,"enemies":"3 Cultists","floor":25,"turns":6},{"damage":0,"enemies":"Slavers","floor":31,"turns":2},{"damage":0,"enemies":"Automaton","floor":33,"turns":9},{"damage":0,"enemies":"3 Darklings","floor":35,"turns":4},{"damage":9,"enemies":"Orb Walker","floor":36,"turns":4},{"damage":1,"enemies":"Jaw Worm Horde","floor":37,"turns":4},{"damage":0,"enemies":"4 Shapes","floor":38,"turns":5},{"damage":0,"enemies":"Transient","floor":39,"turns":5},{"damage":0,"enemies":"Maw","floor":41,"turns":9},{"damage":0,"enemies":"Sphere and 2 Shapes","floor":42,"turns":5},{"damage":0,"enemies":"Giant Head","floor":44,"turns":6},{"damage":9,"enemies":"Jaw Worm Horde","floor":48,"turns":6},{"damage":0,"enemies":"Time Eater","floor":50,"turns":9}],"seed_played":"4835321096654724248","potions_obtained":[{"floor":3,"key":"SpeedPotion"},{"floor":6,"key":"Block Potion"},{"floor":11,"key":"PowerPotion"},{"floor":16,"key":"FocusPotion"}],"is_trial":false,"path_per_floor":["M","?","M","$","?","E","R","M","T","R","M","?","M","M","R","B",null,"M","M","M","M","M","?","M","M","T","R","?","$","R","E","R","B",null,"M","M","M","M","M","R","M","M","T","E","?","$","R","M","R","B",null],"character_chosen":"DEFECT","items_purchased":["Fire Potion","Apotheosis","Omamori","Shuriken","Runic Capacitor","Mummified Hand","Echo Form","Nunchaku"],"campfire_rested":9,"item_purchase_floors":[4,29,29,29,46,46,46,46],"current_hp_per_floor":[75,75,75,75,75,62,75,75,75,75,67,67,68,70,75,67,75,75,61,63,58,50,50,50,28,28,50,75,75,75,75,75,75,75,75,66,67,69,71,75,75,75,75,75,66,66,75,66,75,75],"gold":478,"neow_bonus":"","is_prod":false,"is_daily":true,"chose_seed":false,"campfire_upgraded":0,"win_rate":0,"timestamp":1543891920,"path_taken":["M","?","M","$","?","E","R","M","T","R","M","?","M","M","R","BOSS","M","M","M","M","M","?","M","?","T","R","?","$","R","E","R","BOSS","M","M","?","?","M","R","M","M","T","E","?","$","R","M","R","BOSS"],"build_version":"2018-11-15","purchased_purges":1,"victory":true,"max_hp_per_floor":[75,75,75,75,75,75,75,75,75,75,75,75,75,75,75,75,75,75,75,75,75,75,75,75,75,75,75,75,75,75,75,75,75,75,75,75,75,75,75,75,75,75,75,75,75,75,75,75,75,75],"card_choices":[{"not_picked":["Streamline","Storm"],"picked":"White Noise","floor":0},{"not_picked":["Recycle","Doom and Gloom"],"picked":"Conserve Battery","floor":0},{"not_picked":["Scrape","Turbo"],"picked":"Stack","floor":0},{"not_picked":["Double Energy","Turbo"],"picked":"Genetic Algorithm","floor":0},{"not_picked":["Conserve Battery","Gash"],"picked":"Cold Snap","floor":0},{"not_picked":["Beam Cell","Coolheaded"],"picked":"BootSequence","floor":0},{"not_picked":["Rip and Tear","Streamline"],"picked":"Leap","floor":0},{"not_picked":["Turbo","Streamline"],"picked":"Hologram","floor":0},{"not_picked":["Reinforced Body","Barrage"],"picked":"Go for the Eyes","floor":0},{"not_picked":["Gash","Stack"],"picked":"Compile Driver","floor":0},{"not_picked":["Streamline","Sweeping Beam"],"picked":"Defragment","floor":0},{"not_picked":["Compile Driver","Heatsinks"],"picked":"White Noise","floor":0},{"not_picked":["Static Discharge","Gash"],"picked":"Chaos","floor":0},{"not_picked":["Rebound","Double Energy"],"picked":"Barrage","floor":0},{"not_picked":["Fusion","Reprogram"],"picked":"Rebound","floor":0},{"not_picked":["Redo","Hologram"],"picked":"Melter","floor":1},{"not_picked":["Sweeping Beam","Gash"],"picked":"Conserve Battery","floor":3},{"not_picked":["Sweeping Beam","Coolheaded"],"picked":"White Noise","floor":6},{"not_picked":["Coolheaded","Gash"],"picked":"White Noise","floor":8},{"not_picked":["Force Field","Rebound"],"picked":"Darkness","floor":11},{"not_picked":["Streamline","Undo"],"picked":"Rainbow","floor":13},{"not_picked":["Force Field","Barrage"],"picked":"Leap","floor":14},{"not_picked":["Thunder Strike","Core Surge"],"picked":"Amplify","floor":16},{"not_picked":["Tempest","Doom and Gloom","Redo"],"picked":"SKIP","floor":18},{"not_picked":["Auto Shields+1","Rebound"],"picked":"White Noise","floor":19},{"not_picked":["Conserve Battery+1","Hologram"],"picked":"Capacitor+1","floor":20},{"not_picked":["Recycle+1","Sunder"],"picked":"Buffer","floor":21},{"not_picked":["Streamline","Redo"],"picked":"Force Field+1","floor":22},{"not_picked":["Turbo","Steam+1"],"picked":"Loop+1","floor":24},{"not_picked":["Heatsinks+1","Cold Snap","Hologram"],"picked":"SKIP","floor":25},{"not_picked":["Chaos","Force Field"],"picked":"Seek","floor":31},{"not_picked":["Heatsinks","Cold Snap","Rip and Tear+1"],"picked":"SKIP","floor":35},{"not_picked":["Barrage","Static Discharge+1"],"picked":"Leap+1","floor":36},{"not_picked":["Chaos","Rebound+1","Darkness"],"picked":"SKIP","floor":37},{"not_picked":["Reprogram+1","Sweeping Beam+1","Coolheaded"],"picked":"SKIP","floor":38},{"not_picked":["Gash+1","Melter","Conserve Battery"],"picked":"SKIP","floor":39},{"not_picked":["FTL+1","Doom and Gloom+1","Steam"],"picked":"SKIP","floor":41},{"not_picked":["Beam Cell+1","Reboot","BootSequence"],"picked":"SKIP","floor":42},{"not_picked":["Cold Snap","Stack+1","Go for the Eyes+1"],"picked":"SKIP","floor":44},{"not_picked":["Hello World","Rebound"],"picked":"Capacitor","floor":48}],"player_experience":2629365,"relics_obtained":[{"floor":6,"key":"Blood Vial"},{"floor":9,"key":"Oddly Smooth Stone"},{"floor":26,"key":"War Paint"},{"floor":31,"key":"Bag of Preparation"},{"floor":43,"key":"Smiling Mask"},{"floor":44,"key":"Pantograph"}],"event_choices":[{"damage_healed":0,"gold_gain":55,"player_choice":"Gained Gold","damage_taken":0,"max_hp_gain":0,"max_hp_loss":0,"event_name":"Golden Wing","floor":2,"gold_loss":0},{"damage_healed":0,"gold_gain":0,"player_choice":"Grow","damage_taken":0,"max_hp_gain":0,"max_hp_loss":0,"event_name":"Living Wall","floor":5,"gold_loss":0,"cards_upgraded":["Defragment"]},{"damage_healed":0,"gold_gain":0,"player_choice":"Ignored","damage_taken":0,"max_hp_gain":0,"max_hp_loss":0,"event_name":"Liars Game","floor":12,"gold_loss":0},{"damage_healed":0,"gold_gain":0,"player_choice":"Ignored","damage_taken":0,"max_hp_gain":0,"max_hp_loss":0,"event_name":"N\u0027loth","floor":23,"gold_loss":0},{"cards_removed":["Melter"],"damage_healed":25,"gold_gain":0,"player_choice":"Offered Uncommon","damage_taken":0,"max_hp_gain":0,"max_hp_loss":0,"event_name":"Bonfire Elementals","floor":28,"gold_loss":0},{"damage_healed":0,"gold_gain":0,"player_choice":"Embrace Madness","damage_taken":9,"max_hp_gain":0,"max_hp_loss":0,"event_name":"Winding Halls","floor":45,"gold_loss":0,"cards_obtained":["Madness","Madness"]}],"is_beta":false,"boss_relics":[{"not_picked":["Black Star","Astrolabe"],"picked":"Sozu"},{"not_picked":["Eternal Feather","Velvet Choker"],"picked":"Runic Pyramid"}],"items_purged_floors":[46],"is_endless":false,"potions_floor_spawned":[3,6,11,16,18,24,25,33,35,36,42,48],"ascension_level":0}