{"gold_per_floor":[111,124,124,124,124,156,173,204,204,234,234,255,255,215,215,215],"floor_reached":16,"playtime":617,"items_purged":[],"score":259,"play_id":"cb3cf0ff-91dc-4809-8687-373aaac5629a","local_time":"20190709215446","is_ascension_mode":true,"campfire_choices":[{"floor":15,"key":"REST"}],"neow_cost":"NONE","seed_source_timestamp":2256372671911397,"circlet_count":0,"master_deck":["AscendersBane","Strike_G","Strike_G","Strike_G","Strike_G","Strike_G","Defend_G","Defend_G","Defend_G","Defend_G","Defend_G","Survivor","Neutralize+1","Prepared","Dodge and Roll","Dodge and Roll","Dodge and Roll","Choke","Cloak And Dagger+1","Leg Sweep+1"],"relics":["Ring of the Snake","NeowsBlessing","Sundial","Ornamental Fan","Oddly Smooth Stone","Toxic Egg 2","Letter Opener","Golden Idol"],"potions_floor_usage":[16,16],"damage_taken":[{"damage":0,"enemies":"Jaw Worm","floor":1,"turns":1},{"damage":0,"enemies":"2 Louse","floor":2,"turns":1},{"damage":0,"enemies":"Lagavulin","floor":6,"turns":1},{"damage":0,"enemies":"Small Slimes","floor":7,"turns":5},{"damage":51,"enemies":"3 Sentries","floor":8,"turns":23},{"damage":2,"enemies":"2 Fungi Beasts","floor":12,"turns":5},{"damage":0,"enemies":"Looter","floor":14,"turns":4},{"damage":25,"enemies":"Slime Boss","floor":16,"turns":9}],"seed_played":"-1633979792427602301","potions_obtained":[{"floor":1,"key":"SpeedPotion"},{"floor":8,"key":"Explosive Potion"}],"is_trial":false,"path_per_floor":["M","M","?","T","?","E","M","E","T","?","?","M","?","M","R","B"],"character_chosen":"THE_SILENT","items_purchased":[],"campfire_rested":1,"item_purchase_floors":[],"current_hp_per_floor":[59,59,59,59,54,54,54,3,3,3,3,1,1,1,19,0],"gold":215,"neow_bonus":"THREE_ENEMY_KILL","is_prod":false,"is_daily":false,"chose_seed":false,"campfire_upgraded":0,"win_rate":0,"timestamp":1562730886,"path_taken":["M","M","?","?","?","E","?","E","T","?","?","M","?","M","R","BOSS"],"build_version":"2019-07-03","purchased_purges":0,"victory":false,"max_hp_per_floor":[66,66,66,66,66,66,66,66,66,66,60,60,60,60,60,60],"card_choices":[{"not_picked":["Concentrate","Deflect"],"picked":"Prepared","floor":1},{"not_picked":["Poisoned Stab","Slice"],"picked":"Dodge and Roll","floor":2},{"not_picked":["Deadly Poison","Infinite Blades"],"picked":"Dodge and Roll","floor":6},{"not_picked":["Bouncing Flask","Riddle With Holes"],"picked":"Dodge and Roll","floor":7},{"not_picked":["Deadly Poison","Phantasmal Killer"],"picked":"Choke","floor":8},{"not_picked":["Flechettes","Predator"],"picked":"Cloak And Dagger+1","floor":12},{"not_picked":["Reflex+1","Flechettes"],"picked":"Leg Sweep+1","floor":14}],"player_experience":1172807,"relics_obtained":[{"floor":4,"key":"Sundial"},{"floor":6,"key":"Oddly Smooth Stone"},{"floor":8,"key":"Toxic Egg 2"},{"floor":9,"key":"Letter Opener"}],"event_choices":[{"damage_healed":0,"gold_gain":0,"player_choice":"Ignored","damage_taken":0,"max_hp_gain":0,"max_hp_loss":0,"event_name":"Golden Wing","floor":3,"gold_loss":0},{"damage_healed":0,"gold_gain":0,"player_choice":"Success","damage_taken":5,"relics_obtained":["Ornamental Fan"],"max_hp_gain":0,"max_hp_loss":0,"event_name":"Scrap Ooze","floor":5,"gold_loss":0},{"damage_healed":0,"gold_gain":30,"player_choice":"Searched \u00271\u0027 times","damage_taken":0,"max_hp_gain":0,"max_hp_loss":0,"event_name":"Dead Adventurer","floor":10,"gold_loss":0},{"damage_healed":0,"gold_gain":0,"player_choice":"Lose Max HP","damage_taken":0,"relics_obtained":["Golden Idol"],"max_hp_gain":0,"max_hp_loss":6,"event_name":"Golden Idol","floor":11,"gold_loss":0},{"damage_healed":0,"gold_gain":0,"player_choice":"Grow","damage_taken":0,"max_hp_gain":0,"max_hp_loss":0,"event_name":"Living Wall","floor":13,"gold_loss":0,"cards_upgraded":["Neutralize"]}],"is_beta":true,"boss_relics":[],"items_purged_floors":[],"is_endless":false,"potions_floor_spawned":[1,8,12],"killed_by":"Slime Boss","ascension_level":19}