{"path_per_floor":["M","?","M","M","?","R","$","?","T","E","$","R","?","M","R","B",null,"M","M","M","$","M","R","E","M","T","R","M","R","?","M","R"],"character_chosen":"IRONCLAD","items_purchased":["Inflame","Iron Wave","Shockwave","Feel No Pain","Body Slam"],"gold_per_floor":[116,116,136,154,154,154,32,62,62,90,50,50,50,70,70,165,165,181,193,212,82,98,98,130,147,170,170,183,183,183,197,197],"floor_reached":33,"campfire_rested":1,"playtime":3955,"current_hp_per_floor":[80,73,71,71,71,71,71,68,68,59,59,59,64,64,64,41,85,85,85,85,85,60,60,43,58,58,58,51,51,36,52,79],"items_purged":[],"gold":197,"play_id":"ed16bb60-532b-47c3-8100-b2ae99f5afc5","is_prod":false,"is_daily":false,"is_ascension_mode":false,"campfire_upgraded":6,"path_taken":["M","?","M","?","?","R","$","?","T","E","$","R","?","M","R","BOSS","M","M","M","$","M","R","E","M","T","R","M","R","?","M","R","BOSS"],"build_version":"2018-02-01-PROD3","purchased_purges":0,"victory":false,"master_deck":["Strike_R","Strike_R","Strike_R","Defend_R","Defend_R","Defend_R","Defend_R","Bash+1","Shrug It Off","Flame Barrier","True Grit+1","Inflame+1","Iron Wave","Body Slam+1","Shockwave+1","Fiend Fire","Headbutt","Spot Weakness+1","Shrug It Off","Feel No Pain","Body Slam+1","Cleave+1","Seeing Red","Shrug It Off"],"max_hp_per_floor":[80,80,80,80,80,80,80,80,80,80,80,80,85,85,85,85,85,85,85,85,85,85,85,85,85,85,85,85,85,90,90,90],"relics":["Burning Blood","Odd Mushroom","Self Forming Clay","Meat on the Bone","White Beast Statue","Art of War","Bag of Marbles"],"card_choices":[{"not_picked":["Anger","True Grit"],"picked":"Shrug It Off"},{"not_picked":["Heavy Blade","Reckless Charge"],"picked":"Flame Barrier"},{"not_picked":["Sword Boomerang","Rampage"],"picked":"True Grit"},{"not_picked":["Rampage","Shrug It Off"],"picked":"Body Slam"},{"not_picked":["Bludgeon","Brutality"],"picked":"Fiend Fire"},{"not_picked":["Clothesline","True Grit"],"picked":"Headbutt"},{"not_picked":["Perfected Strike","Evolve"],"picked":"Spot Weakness"},{"not_picked":["Intimidate","Dual Wield"],"picked":"Shrug It Off"},{"not_picked":["Thunderclap","Clothesline"],"picked":"Cleave"},{"not_picked":["Rampage","Cleave"],"picked":"Seeing Red"},{"not_picked":["Fire Breathing","Rage"],"picked":"Shrug It Off"}],"player_experience":545150,"potions_floor_usage":[8,10,10,19,22,24,25,28,31,33,33],"damage_taken":[{"damage":3,"enemies":"Jaw Worm","floor":1,"turns":5},{"damage":8,"enemies":"Blue Slaver","floor":3,"turns":8},{"damage":6,"enemies":"Cultist","floor":4,"turns":6},{"damage":9,"enemies":"The Mushroom Lair","floor":8,"turns":6},{"damage":15,"enemies":"Gremlin Nob","floor":10,"turns":4},{"damage":6,"enemies":"Lots of Slimes","floor":14,"turns":4},{"damage":41,"enemies":"Hexaghost","floor":16,"turns":10},{"damage":0,"enemies":"Chosen","floor":18,"turns":5},{"damage":0,"enemies":"Spheric Guardian","floor":19,"turns":3},{"damage":3,"enemies":"Snecko","floor":20,"turns":5},{"damage":43,"enemies":"3 Cultists","floor":22,"turns":8},{"damage":35,"enemies":"Gremlin Leader","floor":24,"turns":7},{"damage":3,"enemies":"Centurion and Healer","floor":25,"turns":6},{"damage":13,"enemies":"Snake Plant","floor":28,"turns":4},{"damage":2,"enemies":"Cultist and Chosen","floor":31,"turns":4},{"damage":82,"enemies":"Automaton","floor":33,"turns":6}],"event_choices":[{"event_name":"Golden Wing","player_choice":"Card Removal","floor":2,"damage_taken":0},{"event_name":"Upgrade Shrine","player_choice":"Upgraded","floor":5,"damage_taken":0},{"event_name":"Mushrooms","player_choice":"Fought Mushrooms","floor":8,"damage_taken":0},{"event_name":"Big Fish","player_choice":"Donut","floor":13,"damage_taken":0},{"event_name":"Forgotten Altar","player_choice":"Shed Blood","floor":30,"damage_taken":0}],"boss_relics":[{"not_picked":["Snecko Eye","Runic Cube"],"picked":"White Beast Statue"}],"potions_floor_spawned":[3,4,8,18,19,20,22,24,25,28,31],"seed_played":"3371176481777348870","killed_by":"Automaton","ascension_level":0,"is_trial":false}