{"path_per_floor":["M","?","M","M","M","R","$","?","T","M","R","M","R","E","R","B",null,"M","$","?","$","?","R","M","M","T","M","R","?","R","M","R"],"character_chosen":"THE_SILENT","items_purchased":["Catalyst","Tough Bandages"],"gold_per_floor":[115,115,135,150,164,164,10,85,85,101,101,115,115,148,148,253,253,267,7,7,7,7,7,26,36,60,76,76,76,76,87,87],"floor_reached":33,"campfire_rested":3,"playtime":2451,"current_hp_per_floor":[63,56,56,54,54,54,54,43,43,43,43,37,55,42,42,40,55,36,36,36,36,60,60,33,30,30,18,36,36,54,45,45],"items_purged":["Strike_G"],"gold":87,"score":435,"play_id":"c9d154d0-c80f-4088-9452-db4e3a7e4eb9","is_prod":false,"is_daily":false,"is_ascension_mode":true,"campfire_upgraded":5,"path_taken":["M","?","M","?","M","R","$","?","T","M","R","M","R","E","R","BOSS","M","$","?","$","?","R","M","M","T","M","R","?","R","M","R","BOSS"],"build_version":"2018-02-12-PROD1","purchased_purges":1,"victory":false,"master_deck":["Defend_G","Defend_G","Defend_G","Defend_G","Defend_G","Strike_G","Strike_G","Survivor","Neutralize+1","Dodge and Roll","Die Die Die","Bouncing Flask+1","Bouncing Flask+1","Catalyst+1","Prepared","Backflip","Night Terror","Acrobatics","Malaise+1","Blur+1"],"max_hp_per_floor":[63,60,60,60,60,60,60,60,60,60,60,60,60,60,60,60,60,60,60,60,60,60,60,60,60,60,60,60,60,60,60,60],"relics":["Ring of the Snake","Gremlin Horn","Ninja Scroll","The Specimen","Tough Bandages","Snake Skull"],"card_choices":[{"not_picked":["Acrobatics","Outmaneuver"],"picked":"Bouncing Flask"},{"not_picked":["Masterful Stab","Skewer"],"picked":"Bouncing Flask"},{"not_picked":["Poisoned Stab","Outmaneuver"],"picked":"Prepared"},{"not_picked":["Slice","Blade Dance"],"picked":"Backflip"},{"not_picked":["Unload","Die Die Die"],"picked":"Night Terror"},{"not_picked":["Dodge and Roll","Skewer"],"picked":"Acrobatics"},{"not_picked":["Cloak And Dagger","Slice"],"picked":"Blur"}],"player_experience":731175,"potions_floor_usage":[5,5,12,14,27,33],"damage_taken":[{"damage":0,"enemies":"Cultist","floor":1,"turns":5},{"damage":0,"enemies":"Jaw Worm","floor":3,"turns":3},{"damage":2,"enemies":"Small Slimes","floor":4,"turns":3},{"damage":0,"enemies":"Gremlin Gang","floor":5,"turns":3},{"damage":0,"enemies":"Exordium Thugs","floor":10,"turns":3},{"damage":18,"enemies":"Exordium Wildlife","floor":12,"turns":5},{"damage":13,"enemies":"3 Sentries","floor":14,"turns":7},{"damage":2,"enemies":"The Guardian","floor":16,"turns":6},{"damage":19,"enemies":"Shell Parasite","floor":18,"turns":7},{"damage":27,"enemies":"3 Byrds","floor":24,"turns":6},{"damage":3,"enemies":"Centurion and Healer","floor":25,"turns":5},{"damage":12,"enemies":"3 Cultists","floor":27,"turns":3},{"damage":9,"enemies":"Snake Plant","floor":31,"turns":4},{"damage":52,"enemies":"Champ","floor":33,"turns":8}],"event_choices":[{"event_name":"Golden Wing","player_choice":"Card Removal","floor":2,"damage_taken":0},{"event_name":"World of Goop","player_choice":"Gather Gold","floor":8,"damage_taken":0},{"event_name":"Drug Dealer","player_choice":"Ignored","floor":20,"damage_taken":0},{"event_name":"Wheel of Change","player_choice":"Full Heal","floor":22,"damage_taken":0},{"event_name":"The Library","player_choice":"Read","floor":29,"damage_taken":0}],"boss_relics":[{"not_picked":["Orrery","Ectoplasm"],"picked":"The Specimen"}],"potions_floor_spawned":[3,4,10,12,24,25,27],"seed_played":"-920349307560673315","killed_by":"Champ","ascension_level":12,"is_trial":false}