{"gold_per_floor":[111,122,134,148,223,256,256,274,274,71,102,102,116,130,130,227,227,241,258,276,66,86,113,113,128,196,196,213,213,232,246,246,246],"floor_reached":33,"playtime":1957,"items_purged":[],"score":328,"play_id":"fbe76dfb-8998-4f57-9e58-b6ee312669da","local_time":"20190717210011","is_ascension_mode":true,"campfire_choices":[{"floor":7,"key":"REST"},{"floor":12,"key":"REST"},{"floor":15,"key":"RECALL"},{"floor":27,"key":"REST"},{"data":"Blade Dance","floor":29,"key":"SMITH"},{"data":"Wraith Form v2","floor":32,"key":"SMITH"}],"neow_cost":"NONE","seed_source_timestamp":7976041003499,"circlet_count":0,"master_deck":["Strike_G+1","Strike_G+1","Strike_G+1","Strike_G+1","Strike_G+1","Defend_G+1","Defend_G+1","Defend_G+1","Defend_G+1","Defend_G+1","Survivor","Neutralize","Deflect","Finisher","Quick Slash","Choke","Cloak And Dagger","Deflect","Backstab","Cloak And Dagger","Wraith Form v2+1","Blade Dance+1","Blade Dance+1","Calculated Gamble","Dagger Spray+1","Cloak And Dagger","Escape Plan"],"relics":["WristBlade","Pen Nib","Bag of Marbles","WingedGreaves","Philosopher\u0027s Stone","Toolbox","Torii","Singing Bowl"],"potions_floor_usage":[6,6,11,11,16,23,23,33,33,33],"damage_taken":[{"damage":0,"enemies":"2 Louse","floor":1,"turns":3},{"damage":2,"enemies":"Cultist","floor":2,"turns":5},{"damage":1,"enemies":"Small Slimes","floor":3,"turns":3},{"damage":0,"enemies":"Exordium Wildlife","floor":4,"turns":2},{"damage":37,"enemies":"Lagavulin","floor":6,"turns":6},{"damage":3,"enemies":"Blue Slaver","floor":8,"turns":3},{"damage":12,"enemies":"Gremlin Nob","floor":11,"turns":3},{"damage":0,"enemies":"Looter","floor":13,"turns":2},{"damage":0,"enemies":"Large Slime","floor":14,"turns":1},{"damage":27,"enemies":"Slime Boss","floor":16,"turns":7},{"damage":11,"enemies":"2 Thieves","floor":18,"turns":5},{"damage":0,"enemies":"3 Byrds","floor":19,"turns":3},{"damage":11,"enemies":"Centurion and Healer","floor":20,"turns":4},{"damage":4,"enemies":"Cultist and Chosen","floor":22,"turns":4},{"damage":4,"enemies":"Gremlin Leader","floor":23,"turns":3},{"damage":2,"enemies":"3 Cultists","floor":25,"turns":4},{"damage":6,"enemies":"Chosen and Byrds","floor":28,"turns":2},{"damage":0,"enemies":"Sentry and Sphere","floor":30,"turns":3},{"damage":0,"enemies":"Snake Plant","floor":31,"turns":1},{"damage":59,"enemies":"Collector","floor":33,"turns":8}],"seed_played":"-7429121586434721284","potions_obtained":[{"floor":2,"key":"Explosive Potion"},{"floor":4,"key":"GamblersBrew"},{"floor":6,"key":"Energy Potion"},{"floor":11,"key":"AttackPotion"},{"floor":14,"key":"GhostInAJar"},{"floor":20,"key":"Weak Potion"},{"floor":22,"key":"Ancient Potion"},{"floor":30,"key":"SpeedPotion"},{"floor":31,"key":"Fire Potion"}],"is_trial":false,"path_per_floor":["M","M","M","M","?","E","R","M","T","$","E","R","M","M","R","B",null,"M","M","M","$","M","E","?","M","T","R","M","R","M","M","R","B"],"character_chosen":"THE_SILENT","items_purchased":["Bag of Marbles","Explosive Potion","Toolbox"],"campfire_rested":3,"item_purchase_floors":[10,10,21],"current_hp_per_floor":[70,68,67,67,60,23,44,41,41,41,29,50,50,50,50,23,70,59,59,48,48,44,40,40,38,38,59,55,55,55,55,55,0],"gold":246,"neow_bonus":"BOSS_RELIC","is_prod":false,"is_daily":false,"chose_seed":false,"campfire_upgraded":2,"win_rate":0,"timestamp":1563390011,"path_taken":["M","M","M","M","?","E","R","M","T","$","E","R","M","M","R","BOSS","M","?","M","?","M","E","?","M","T","R","M","R","?","M","R","BOSS"],"build_version":"2019-07-05","purchased_purges":0,"victory":false,"max_hp_per_floor":[70,70,70,70,70,70,70,70,70,70,70,70,70,70,70,70,70,70,70,70,70,70,70,70,70,70,70,72,72,72,72,72,72],"card_choices":[{"not_picked":["Dodge and Roll","Poisoned Stab"],"picked":"Deflect","floor":1},{"not_picked":["Footwork","Flying Knee"],"picked":"Finisher","floor":2},{"not_picked":["Noxious Fumes","Prepared"],"picked":"Quick Slash","floor":3},{"not_picked":["PiercingWail","All Out Attack"],"picked":"Choke","floor":4},{"not_picked":["Dodge and Roll","Slice"],"picked":"Cloak And Dagger","floor":6},{"not_picked":["Prepared","Blur"],"picked":"Deflect","floor":8},{"not_picked":["A Thousand Cuts","Acrobatics"],"picked":"Backstab","floor":11},{"not_picked":["All Out Attack","Catalyst","Dodge and Roll"],"picked":"SKIP","floor":13},{"not_picked":["Dagger Throw","Crippling Poison"],"picked":"Cloak And Dagger","floor":14},{"not_picked":["Storm of Steel","Venomology"],"picked":"Wraith Form v2","floor":16},{"not_picked":["Flying Knee","Quick Slash"],"picked":"Blade Dance+1","floor":18},{"not_picked":["Noxious Fumes","Terror","Footwork"],"picked":"SKIP","floor":19},{"not_picked":["Bouncing Flask+1","Dodge and Roll","Bane"],"picked":"SKIP","floor":20},{"not_picked":["All Out Attack","Prepared"],"picked":"Blade Dance","floor":22},{"not_picked":["Slice","Dagger Throw"],"picked":"Calculated Gamble","floor":23},{"not_picked":["Dodge and Roll","Acrobatics"],"picked":"Dagger Spray+1","floor":25},{"not_picked":["Dodge and Roll+1","Flying Knee","Terror"],"picked":"Singing Bowl","floor":28},{"not_picked":["All Out Attack","Dagger Spray"],"picked":"Cloak And Dagger","floor":30},{"not_picked":["Riddle With Holes","Tactician+1"],"picked":"Escape Plan","floor":31}],"player_experience":135628,"relics_obtained":[{"floor":6,"key":"Pen Nib"},{"floor":11,"key":"WingedGreaves"},{"floor":23,"key":"Torii"},{"floor":26,"key":"Singing Bowl"}],"event_choices":[{"damage_healed":0,"gold_gain":75,"player_choice":"Touch","damage_taken":7,"max_hp_gain":0,"max_hp_loss":0,"event_name":"FaceTrader","floor":5,"gold_loss":0},{"damage_healed":0,"gold_gain":0,"player_choice":"Simplicity","damage_taken":0,"max_hp_gain":0,"max_hp_loss":0,"event_name":"Back to Basics","floor":24,"gold_loss":0,"cards_upgraded":["Strike_G","Strike_G","Strike_G","Strike_G","Strike_G","Defend_G","Defend_G","Defend_G","Defend_G","Defend_G"]}],"is_beta":false,"boss_relics":[{"not_picked":["Velvet Choker","Lizard Tail"],"picked":"Philosopher\u0027s Stone"}],"items_purged_floors":[],"is_endless":false,"potions_floor_spawned":[2,4,6,11,14,20,22,30,31],"killed_by":"Collector","ascension_level":3}