{"gold_per_floor":[215,365,440,458,39,67,79,121,160,182,194,219,231,57,57,134,134,144,144,59,72,90,90,90],"floor_reached":24,"playtime":2534,"items_purged":["Doubt"],"score":340,"play_id":"bf91fa6e-aa1e-4020-be0d-fb11e0892f1b","local_time":"20190420210933","is_ascension_mode":true,"campfire_choices":[{"data":"Neutralize","floor":11.0,"key":"SMITH"},{"data":"Glass Knife","floor":13.0,"key":"SMITH"},{"data":"Catalyst","floor":15.0,"key":"SMITH"},{"floor":23,"key":"REST"}],"neow_cost":"NONE","seed_source_timestamp":0,"circlet_count":0,"master_deck":["AscendersBane","Defend_G","Defend_G","Defend_G","Defend_G","Strike_G","Strike_G","Strike_G","Survivor","Neutralize+1","Blade Dance","Blur","Well Laid Plans+1","Cloak And Dagger","Glass Knife+1","Noxious Fumes+1","PiercingWail","Deadly Poison","Catalyst+1","Phantasmal Killer","Burst+1","Choke+1","Die Die Die+1","Noxious Fumes+1","Writhe","Noxious Fumes+1"],"special_seed":0,"relics":["Ring of the Snake","Membership Card","Frozen Egg 2","MawBank","Vajra","Mummified Hand","Astrolabe","Matryoshka","Anchor"],"potions_floor_usage":[22],"damage_taken":[{"damage":4.0,"enemies":"Small Slimes","floor":1.0,"turns":5.0},{"damage":2.0,"enemies":"2 Louse","floor":4.0,"turns":3.0},{"damage":18.0,"enemies":"3 Sentries","floor":6.0,"turns":13.0},{"damage":7.0,"enemies":"Jaw Worm","floor":10.0,"turns":4.0},{"damage":2.0,"enemies":"2 Fungi Beasts","floor":12.0,"turns":3.0},{"damage":27.0,"enemies":"Slime Boss","floor":16.0,"turns":9.0},{"damage":19,"enemies":"2 Thieves","floor":18,"turns":4},{"damage":10,"enemies":"Spheric Guardian","floor":21,"turns":4},{"damage":17,"enemies":"Centurion and Healer","floor":22,"turns":6},{"damage":30,"enemies":"Slavers","floor":24,"turns":3}],"seed_played":"-7863971933092303292","potions_obtained":[{"floor":4.0,"key":"Energy Potion"},{"floor":6.0,"key":"PowerPotion"},{"floor":16.0,"key":"Swift Potion"}],"is_trial":false,"path_per_floor":["M","?","?","M","$","E","?","?","T","M","R","M","R","$","R","B",null,"M","?","?","M","M","R","E"],"character_chosen":"THE_SILENT","items_purchased":["Membership Card","Frozen Egg 2","Well Laid Plans+1","Cloak And Dagger","Mummified Hand","Deadly Poison","Catalyst"],"campfire_rested":1,"item_purchase_floors":[5,5,5,5,14,14,14],"current_hp_per_floor":[55,55,44,42,42,24,46,46,46,39,39,37,37,37,37,10,52,33,33,33,23,6,25,0],"gold":90,"neow_bonus":"HUNDRED_GOLD","is_prod":false,"is_daily":false,"chose_seed":false,"campfire_upgraded":3,"win_rate":0,"timestamp":1555816173,"path_taken":["M","?","?","M","$","E","?","?","T","M","R","?","R","$","R","BOSS","M","?","?","M","M","R","E"],"build_version":"2019-04-20","purchased_purges":1,"victory":false,"max_hp_per_floor":[66,66,66,66,66,66,66,66,66,66,66,66,66,66,66,66,66,66,66,66,66,66,66,66],"card_choices":[{"not_picked":["PiercingWail","Finisher"],"picked":"Blade Dance","floor":1.0},{"not_picked":["Cloak And Dagger","Outmaneuver"],"picked":"Blur","floor":4.0},{"not_picked":["Eviscerate","Slice"],"picked":"Glass Knife","floor":6.0},{"not_picked":["Tactician","Poisoned Stab"],"picked":"Noxious Fumes+1","floor":10.0},{"not_picked":["Poisoned Stab","Outmaneuver"],"picked":"PiercingWail","floor":12.0},{"not_picked":["Unload","Die Die Die"],"picked":"Phantasmal Killer","floor":16.0},{"not_picked":["Quick Slash","Dagger Spray"],"picked":"Noxious Fumes+1","floor":18},{"not_picked":["Dodge and Roll","Deflect","Blade Dance"],"picked":"SKIP","floor":21},{"not_picked":["Well Laid Plans+1","Acrobatics"],"picked":"Noxious Fumes+1","floor":22}],"player_experience":892336,"relics_obtained":[{"floor":6.0,"key":"MawBank"},{"floor":9.0,"key":"Vajra"}],"event_choices":[{"damage_healed":0.0,"max_hp_gain":0.0,"max_hp_loss":0.0,"gold_gain":150.0,"event_name":"Liars Game","player_choice":"AGREE","floor":2.0,"gold_loss":0.0,"damage_taken":0.0,"cards_obtained":["Doubt"]},{"damage_healed":0.0,"max_hp_gain":0.0,"max_hp_loss":0.0,"gold_gain":75.0,"event_name":"World of Goop","player_choice":"Gather Gold","floor":3.0,"gold_loss":0.0,"damage_taken":11.0},{"damage_healed":22.0,"max_hp_gain":0.0,"max_hp_loss":0.0,"gold_gain":0.0,"event_name":"Big Fish","player_choice":"Banana","floor":7.0,"gold_loss":0.0,"damage_taken":0.0},{"damage_healed":0.0,"max_hp_gain":0.0,"max_hp_loss":0.0,"gold_gain":30.0,"event_name":"Dead Adventurer","player_choice":"Searched \u00272\u0027 times","floor":8.0,"gold_loss":0.0,"damage_taken":0.0},{"damage_healed":0,"gold_gain":0,"player_choice":"Opened","damage_taken":0,"relics_obtained":["Matryoshka"],"max_hp_gain":0,"max_hp_loss":0,"event_name":"The Mausoleum","floor":19,"gold_loss":0,"cards_obtained":["Writhe"]},{"damage_healed":0,"gold_gain":0,"player_choice":"Obtained Relic","damage_taken":0,"relics_obtained":["Anchor"],"max_hp_gain":0,"max_hp_loss":0,"event_name":"Addict","floor":20,"gold_loss":85}],"is_beta":true,"boss_relics":[{"not_picked":["Empty Cage","HoveringKite"],"picked":"Astrolabe"}],"items_purged_floors":[5],"is_endless":false,"potions_floor_spawned":[4,6,16],"killed_by":"Slavers","ascension_level":15}