{"gold_per_floor":[119,136,24,42,58,58,91,108,108,133,13,13,23,50,50,50],"floor_reached":16,"playtime":967,"items_purged":["Strike_R"],"score":244,"play_id":"24073456-b7b0-48cb-9d1f-c7a6d80eb10c","local_time":"20190511153826","is_ascension_mode":true,"campfire_choices":[{"data":"Bash","floor":6,"key":"SMITH"},{"data":"Shockwave","floor":15,"key":"SMITH"}],"neow_cost":"NONE","seed_source_timestamp":2751379608334828,"circlet_count":0,"master_deck":["AscendersBane","Strike_R","Strike_R+1","Strike_R+1","Strike_R","Defend_R","Defend_R","Defend_R","Defend_R","Bash+1","Inflame","Rampage","Battle Trance","Iron Wave","Seeing Red","Disarm","Spot Weakness","Fire Breathing","Flame Barrier","Shockwave+1"],"relics":["Burning Blood","Whetstone","Dodecahedron","Ornamental Fan","Mummified Hand","CultistMask","Shuriken"],"potions_floor_usage":[7,13,14,14],"damage_taken":[{"damage":7,"enemies":"2 Louse","floor":1,"turns":3},{"damage":1,"enemies":"Cultist","floor":2,"turns":3},{"damage":4,"enemies":"Small Slimes","floor":4,"turns":3},{"damage":1,"enemies":"2 Fungi Beasts","floor":5,"turns":3},{"damage":5,"enemies":"Lagavulin","floor":7,"turns":4},{"damage":3,"enemies":"Blue Slaver","floor":8,"turns":2},{"damage":31,"enemies":"3 Sentries","floor":10,"turns":9},{"damage":22,"enemies":"Exordium Thugs","floor":13,"turns":4},{"damage":8,"enemies":"Lagavulin","floor":14,"turns":8},{"damage":32,"enemies":"The Guardian","floor":16,"turns":11}],"seed_played":"-4215817965749922513","potions_obtained":[{"floor":1,"key":"SpeedPotion"},{"floor":2,"key":"AttackPotion"},{"floor":7,"key":"Energy Potion"},{"floor":13,"key":"EssenceOfSteel"}],"is_trial":false,"path_per_floor":["M","M","$","M","M","R","E","M","T","E","$","?","M","E","R","B"],"character_chosen":"IRONCLAD","items_purchased":["Battle Trance","Spot Weakness","Fire Breathing"],"campfire_rested":0,"item_purchase_floors":[3,11,11],"current_hp_per_floor":[67,72,72,74,75,75,75,75,75,50,50,50,34,32,32,0],"gold":50,"neow_bonus":"RANDOM_COMMON_RELIC","is_prod":false,"is_daily":false,"chose_seed":false,"campfire_upgraded":2,"win_rate":0,"timestamp":1557603506,"path_taken":["M","M","$","M","M","R","E","M","T","E","$","?","?","E","R","BOSS"],"build_version":"2019-01-23","purchased_purges":1,"victory":false,"max_hp_per_floor":[75,75,75,75,75,75,75,75,75,75,75,75,75,75,75,75],"card_choices":[{"not_picked":["Heavy Blade","Fire Breathing"],"picked":"Inflame","floor":1},{"not_picked":["Wild Strike","Pommel Strike"],"picked":"Rampage","floor":2},{"not_picked":["Armaments","Fire Breathing","Pommel Strike"],"picked":"SKIP","floor":4},{"not_picked":["Dropkick","Infernal Blade"],"picked":"Iron Wave","floor":5},{"not_picked":["Blood for Blood","Hemokinesis"],"picked":"Seeing Red","floor":7},{"not_picked":["Warcry","Impervious"],"picked":"Disarm","floor":8},{"not_picked":["Heavy Blade","Combust","Armaments"],"picked":"SKIP","floor":10},{"not_picked":["Rampage","Clash"],"picked":"Flame Barrier","floor":13},{"not_picked":["Combust","Pommel Strike"],"picked":"Shockwave","floor":14}],"player_experience":3649080,"relics_obtained":[{"floor":7,"key":"Dodecahedron"},{"floor":9,"key":"Ornamental Fan"},{"floor":10,"key":"Mummified Hand"},{"floor":14,"key":"Shuriken"}],"event_choices":[{"damage_healed":0,"gold_gain":0,"player_choice":"Trade","damage_taken":0,"relics_obtained":["CultistMask"],"max_hp_gain":0,"max_hp_loss":0,"event_name":"FaceTrader","floor":12,"gold_loss":0}],"is_beta":false,"boss_relics":[],"items_purged_floors":[3],"is_endless":false,"potions_floor_spawned":[1,2,7,13],"killed_by":"The Guardian","ascension_level":20}