{"gold_per_floor":[112,127,39,39,49,49,68,68,93,93,93,113,113,125,125,229,229],"floor_reached":17,"playtime":417,"items_purged":[],"score":147,"play_id":"fbb90722-64ba-429b-be90-18a3672d393f","local_time":"20190417152929","is_ascension_mode":false,"campfire_choices":[{"data":"Poisoned Stab","floor":6,"key":"SMITH"},{"data":"Neutralize","floor":8,"key":"SMITH"},{"data":"Sucker Punch","floor":10,"key":"SMITH"},{"data":"Malaise","floor":13,"key":"SMITH"},{"floor":15,"key":"REST"}],"neow_cost":"NONE","seed_source_timestamp":677789048005746,"circlet_count":0,"master_deck":["Defend_G+1","Defend_G","Defend_G","Defend_G","Defend_G","Strike_G","Strike_G","Strike_G","Survivor","Neutralize+1","Backflip","Sucker Punch+1","Well Laid Plans+1","Poisoned Stab+1","Acrobatics","Malaise+1","Dagger Spray","Die Die Die"],"relics":["Empty Cage","Sozu"],"potions_floor_usage":[16,16,16,16,16],"damage_taken":[{"damage":3,"enemies":"2 Louse","floor":1,"turns":3},{"damage":2,"enemies":"Cultist","floor":2,"turns":5},{"damage":0,"enemies":"Jaw Worm","floor":5,"turns":3},{"damage":0,"enemies":"Red Slaver","floor":7,"turns":3},{"damage":8,"enemies":"2 Fungi Beasts","floor":12,"turns":4},{"damage":1,"enemies":"3 Louse","floor":14,"turns":3},{"damage":22,"enemies":"Slime Boss","floor":16,"turns":8}],"seed_played":"3028956523772881526","potions_obtained":[{"floor":5,"key":"SteroidPotion"},{"floor":7,"key":"AttackPotion"},{"floor":14,"key":"EntropicBrew"}],"is_trial":false,"path_per_floor":["M","M","$","?","M","R","M","R","T","R","?","M","R","M","R","B",null],"character_chosen":"THE_SILENT","items_purchased":["Well Laid Plans","Poisoned Stab"],"campfire_rested":1,"item_purchase_floors":[3,3],"current_hp_per_floor":[67,65,65,51,51,51,51,51,51,51,51,43,43,42,63,41,70],"gold":229,"neow_bonus":"BOSS_RELIC","is_prod":false,"is_daily":false,"chose_seed":false,"campfire_upgraded":4,"win_rate":0,"timestamp":1555529369,"path_taken":["M","M","$","?","M","R","M","R","T","R","?","M","R","M","R","BOSS"],"build_version":"2019-01-23","purchased_purges":0,"victory":false,"max_hp_per_floor":[70,70,70,70,70,70,70,70,70,70,70,70,70,70,70,70,70],"card_choices":[{"not_picked":["Acrobatics","Terror"],"picked":"Backflip","floor":1},{"not_picked":["Prepared","Tactician"],"picked":"Sucker Punch","floor":2},{"not_picked":["Terror","Slice"],"picked":"Acrobatics","floor":5},{"not_picked":["Flying Knee","Acrobatics","Slice"],"picked":"SKIP","floor":7},{"not_picked":["PiercingWail","Blur"],"picked":"Malaise","floor":12},{"not_picked":["Slice","Blade Dance"],"picked":"Dagger Spray","floor":14},{"not_picked":["Doppelganger","Venomology"],"picked":"Die Die Die","floor":16}],"player_experience":3390992,"relics_obtained":[],"event_choices":[{"damage_healed":0,"gold_gain":0,"player_choice":"Entered Light","damage_taken":14,"max_hp_gain":0,"max_hp_loss":0,"event_name":"Shining Light","floor":4,"gold_loss":0,"cards_upgraded":["Defend_G","Well Laid Plans"]},{"damage_healed":0,"gold_gain":0,"player_choice":"Leave","damage_taken":0,"max_hp_gain":0,"max_hp_loss":0,"event_name":"FaceTrader","floor":11,"gold_loss":0}],"is_beta":false,"boss_relics":[{"not_picked":["Runic Pyramid","Busted Crown"],"picked":"Sozu"}],"items_purged_floors":[],"is_endless":false,"potions_floor_spawned":[5,7,14],"ascension_level":0}