{"gold_per_floor":[119,133,144,157,173,205,217,367,367,367,367,15,31,42,42,119,119,131,149,166,185,185,185,185,218,218,218,236,248,248,298,298,376,376,391,30,81,81,96,96,130,147,147,166,166,166,166,2,2,2],"floor_reached":51,"playtime":5776,"items_purged":["Riddle With Holes"],"score":1266,"play_id":"e3077276-5bc0-488c-aa40-b9d6d6da8375","local_time":"20190519040427","is_ascension_mode":true,"campfire_choices":[{"floor":11.0,"key":"REST"},{"floor":15.0,"key":"REST"},{"data":"Cloak And Dagger","floor":23.0,"key":"SMITH"},{"floor":27.0,"key":"REST"},{"data":"Calculated Gamble","floor":30.0,"key":"SMITH"},{"data":"Cloak And Dagger","floor":32.0,"key":"SMITH"},{"data":"1","floor":40,"key":"LIFT"},{"floor":45,"key":"REST"},{"data":"2","floor":47,"key":"LIFT"},{"floor":49,"key":"REST"}],"neow_cost":"NONE","seed_source_timestamp":0,"circlet_count":0,"master_deck":["AscendersBane","Survivor","Neutralize","Well Laid Plans","Backstab","Blade Dance","Blur","Venomology","Poisoned Stab","Cloak And Dagger+1","Footwork","Tools of the Trade","Cloak And Dagger+1","Adrenaline","Backstab","Bullet Time","Choke","Unload","Blur","Outmaneuver","Glass Knife","Malaise","Calculated Gamble+1","Leg Sweep","Cloak And Dagger","Backflip","Corpse Explosion","Dodge and Roll","Dodge and Roll","Doppelganger","Footwork","Accuracy","Setup+1","Shame","Backflip","Bandage Up","Doppelganger"],"special_seed":0,"relics":["Ring of the Snake","Kunai","Dodecahedron","Mercury Hourglass","Pandora\u0027s Box","Blue Candle","Question Card","Cursed Key","Chemical X","Girya","Juzu Bracelet","Lantern"],"potions_floor_usage":[35,35,35,39,41,41,41,41,44,44,50],"damage_taken":[{"damage":2.0,"enemies":"Cultist","floor":1.0,"turns":5.0},{"damage":1.0,"enemies":"Jaw Worm","floor":2.0,"turns":4.0},{"damage":1.0,"enemies":"2 Louse","floor":3.0,"turns":2.0},{"damage":10.0,"enemies":"Red Slaver","floor":4.0,"turns":4.0},{"damage":12.0,"enemies":"Exordium Wildlife","floor":5.0,"turns":5.0},{"damage":33.0,"enemies":"Gremlin Nob","floor":6.0,"turns":4.0},{"damage":0.0,"enemies":"Looter","floor":7.0,"turns":3.0},{"damage":0.0,"enemies":"Large Slime","floor":13.0,"turns":7.0},{"damage":0.0,"enemies":"2 Fungi Beasts","floor":14.0,"turns":3.0},{"damage":5.0,"enemies":"Hexaghost","floor":16.0,"turns":17.0},{"damage":13.0,"enemies":"2 Thieves","floor":18.0,"turns":4.0},{"damage":0.0,"enemies":"Spheric Guardian","floor":19.0,"turns":1.0},{"damage":14.0,"enemies":"Snecko","floor":20.0,"turns":7.0},{"damage":3.0,"enemies":"Snake Plant","floor":21.0,"turns":3.0},{"damage":0.0,"enemies":"Shelled Parasite and Fungi","floor":24.0,"turns":1.0},{"damage":5.0,"enemies":"Slavers","floor":25.0,"turns":7.0},{"damage":0.0,"enemies":"Chosen and Byrds","floor":28.0,"turns":3.0},{"damage":0.0,"enemies":"Cultist and Chosen","floor":29.0,"turns":3.0},{"damage":27.0,"enemies":"Collector","floor":33.0,"turns":10.0},{"damage":11,"enemies":"3 Darklings","floor":35,"turns":5},{"damage":11,"enemies":"2 Orb Walkers","floor":37,"turns":5},{"damage":2,"enemies":"3 Shapes","floor":39,"turns":5},{"damage":13,"enemies":"Giant Head","floor":41,"turns":11},{"damage":0,"enemies":"Maw","floor":42,"turns":9},{"damage":6,"enemies":"Writhing Mass","floor":44,"turns":9},{"damage":43,"enemies":"Awakened One","floor":50,"turns":25}],"seed_played":"-4235558262811551027","potions_obtained":[{"floor":1.0,"key":"Poison Potion"},{"floor":4.0,"key":"SneckoOil"},{"floor":7.0,"key":"GhostInAJar"},{"floor":13.0,"key":"Block Potion"},{"floor":16.0,"key":"SmokeBomb"},{"floor":28.0,"key":"Poison Potion"},{"floor":35,"key":"Ancient Potion"}],"is_trial":false,"path_per_floor":["M","M","M","M","M","E","M","?","T","?","R","$","M","M","R","B",null,"M","M","M","M","?","R","M","E","T","R","M","M","R","?","R","B",null,"M","$","?","?","M","R","E","M","T","M","R","?","R","$","R","B",null],"character_chosen":"THE_SILENT","items_purchased":["Footwork","Mercury Hourglass","Footwork","Chemical X","Doppelganger"],"campfire_rested":5,"item_purchase_floors":[12,12,36,36,48],"current_hp_per_floor":[63,62,61,51,39,6,6,6,6,6,27,27,27,27,48,43,65,52,52,38,35,35,35,35,30,30,51,51,51,51,51,51,24,60,49,49,38,38,36,36,23,23,23,17,38,38,38,38,59,20],"gold":2,"neow_bonus":"TEN_PERCENT_HP_BONUS","is_prod":false,"is_daily":false,"chose_seed":false,"campfire_upgraded":3,"win_rate":0,"timestamp":1558260267,"path_taken":["M","?","?","M","M","E","M","?","T","?","R","$","M","M","R","BOSS","M","M","M","M","?","R","M","E","T","R","?","M","R","?","R","BOSS","M","$","?","?","M","R","E","M","T","M","R","?","R","$","R","BOSS"],"build_version":"2019-05-07","purchased_purges":1,"victory":true,"max_hp_per_floor":[72,72,72,72,72,72,72,72,72,72,72,72,72,72,72,72,72,72,72,72,72,72,72,72,72,72,72,72,72,72,72,72,72,72,72,72,72,72,72,72,72,72,72,72,72,72,72,72,72,72],"card_choices":[{"not_picked":["Outmaneuver","Flying Knee"],"picked":"Well Laid Plans","floor":1.0},{"not_picked":["Distraction","Reflex"],"picked":"Backstab","floor":2.0},{"not_picked":["Prepared","Poisoned Stab"],"picked":"Blade Dance","floor":3.0},{"not_picked":["Cloak And Dagger","Terror"],"picked":"Blur","floor":4.0},{"not_picked":["Prepared","Bane"],"picked":"Venomology","floor":5.0},{"not_picked":["Flying Knee","Crippling Poison"],"picked":"Poisoned Stab","floor":6.0},{"not_picked":["Deflect","Acrobatics"],"picked":"Cloak And Dagger","floor":7.0},{"not_picked":["Riddle With Holes","Prepared"],"picked":"Tools of the Trade","floor":13.0},{"not_picked":["PiercingWail","Blade Dance"],"picked":"Cloak And Dagger","floor":14.0},{"not_picked":["Malaise","Tools of the Trade"],"picked":"Adrenaline","floor":16.0},{"not_picked":["Deadly Poison","Quick Slash"],"picked":"Calculated Gamble","floor":18.0},{"not_picked":["Dagger Throw","Underhanded Strike"],"picked":"Leg Sweep","floor":19.0},{"not_picked":["Flying Knee","Poisoned Stab"],"picked":"Cloak And Dagger","floor":20.0},{"not_picked":["Caltrops","Cloak And Dagger"],"picked":"Backflip","floor":21.0},{"not_picked":["Deflect","Dagger Spray"],"picked":"Corpse Explosion","floor":25.0},{"not_picked":["Reflex","Quick Slash+1","Acrobatics"],"picked":"Dodge and Roll","floor":28.0},{"not_picked":["Blade Dance","Deflect","Riddle With Holes"],"picked":"Dodge and Roll","floor":29.0},{"not_picked":["Tools of the Trade","Die Die Die","Bullet Time"],"picked":"Doppelganger","floor":33.0},{"not_picked":["Prepared","Concentrate+1","Bane","Escape Plan"],"picked":"SKIP","floor":35},{"not_picked":["Acrobatics+1","Deflect","Setup"],"picked":"Accuracy","floor":37},{"not_picked":["Deadly Poison","Crippling Poison","Poisoned Stab+1","Predator"],"picked":"SKIP","floor":39},{"not_picked":["Expertise","Terror","Escape Plan"],"picked":"Setup+1","floor":41},{"not_picked":["Masterful Stab","Distraction","Riddle With Holes+1","Blade Dance"],"picked":"SKIP","floor":42},{"not_picked":["Bane+1","Well Laid Plans","All Out Attack+1"],"picked":"Backflip","floor":44},{"not_picked":["The Bomb","Forethought","Mayhem"],"picked":"Bandage Up","floor":46}],"player_experience":1025799,"relics_obtained":[{"floor":6.0,"key":"Kunai"},{"floor":9.0,"key":"Dodecahedron"},{"floor":25.0,"key":"Blue Candle"},{"floor":26.0,"key":"Question Card"},{"floor":37,"key":"Girya"},{"floor":41,"key":"Juzu Bracelet"},{"floor":43,"key":"Lantern"}],"event_choices":[{"damage_healed":0.0,"max_hp_gain":0.0,"max_hp_loss":0.0,"gold_gain":150.0,"event_name":"Liars Game","player_choice":"AGREE","floor":8.0,"gold_loss":0.0,"damage_taken":0.0,"cards_obtained":["Doubt"]},{"cards_removed":["Doubt"],"damage_healed":0.0,"max_hp_gain":0.0,"max_hp_loss":0.0,"gold_gain":0.0,"event_name":"Living Wall","player_choice":"Forget","floor":10.0,"gold_loss":0.0,"damage_taken":0.0},{"damage_healed":0.0,"max_hp_gain":0.0,"max_hp_loss":0.0,"gold_gain":0.0,"event_name":"N\u0027loth","player_choice":"Ignored","floor":22.0,"gold_loss":0.0,"damage_taken":0.0},{"damage_healed":0.0,"max_hp_gain":0.0,"max_hp_loss":0.0,"gold_gain":50.0,"event_name":"Nest","player_choice":"Stole From Cult","floor":31.0,"gold_loss":0.0,"damage_taken":0.0},{"damage_healed":0,"gold_gain":0,"player_choice":"Fight","damage_taken":0,"max_hp_gain":0,"max_hp_loss":0,"event_name":"Mysterious Sphere","floor":37,"gold_loss":0},{"cards_removed":["Riddle With Holes"],"damage_healed":0,"gold_gain":0,"player_choice":"Removed Attack","damage_taken":0,"max_hp_gain":0,"max_hp_loss":0,"event_name":"Falling","floor":38,"gold_loss":0},{"damage_healed":0,"gold_gain":0,"player_choice":"Memory 1","damage_taken":0,"max_hp_gain":0,"max_hp_loss":0,"event_name":"SensoryStone","floor":46,"gold_loss":0}],"is_beta":true,"boss_relics":[{"not_picked":["Astrolabe","Snecko Eye"],"picked":"Pandora\u0027s Box"},{"not_picked":["White Beast Statue","Calling Bell"],"picked":"Cursed Key"}],"items_purged_floors":[36],"is_endless":false,"potions_floor_spawned":[1,4,7,13,14,16,19,24,28,35,39],"ascension_level":18}