{"gold_per_floor":[111,7,7,20,36,36,68,29,29,29,47,59,72,89,89,188,188,198,297,313,330,35,35,53,78,103,103,53,81,100,116,116,212,212,223,234,250,250,103,138,138,148,175,195,210,227,24,38,38,38],"floor_reached":51,"playtime":3766,"items_purged":[],"score":727,"play_id":"42f59f56-7bf3-45a5-b7d2-ed39f7926df5","local_time":"20190617153911","is_ascension_mode":false,"campfire_choices":[{"floor":15,"key":"REST"},{"data":"Defragment","floor":23,"key":"SMITH"},{"data":"Loop","floor":27,"key":"SMITH"},{"floor":32,"key":"REST"},{"floor":41,"key":"DIG"},{"floor":49,"key":"DIG"}],"neow_cost":"NONE","seed_source_timestamp":397846929952356,"circlet_count":0,"master_deck":["Zap","Dualcast","Gash","Ball Lightning","Turbo","Ball Lightning","Gash","Recycle","Steam","Defragment+1","Doom and Gloom","Coolheaded","Biased Cognition","Loop+1","Self Repair","Barrage","Redo","White Noise","Leap","Go for the Eyes","Genetic Algorithm+1","Conserve Battery","Steam Power","Loop+1","Reinforced Body","Genetic Algorithm","Redo+1","Core Surge+1","Steam","Glacier","Aggregate+1","All For One+1","Defragment","Compile Driver+1","Leap+1","Steam","Leap+1","Go for the Eyes+1"],"relics":["White Beast Statue","Torii","Omamori","Dead Branch","Pandora\u0027s Box","Symbiotic Virus","Molten Egg 2","Vajra","Shovel","Coffee Dripper","Kunai","Oddly Smooth Stone","Bronze Scales","ClockworkSouvenir","Happy Flower"],"potions_floor_usage":[7,7,7,13,13,14,16,16,18,20,24,24,25,25,29,31,33,33,36,40,42,42,44,46,48,50,50,50],"damage_taken":[{"damage":5,"enemies":"Small Slimes","floor":1,"turns":3},{"damage":1,"enemies":"2 Louse","floor":4,"turns":2},{"damage":10,"enemies":"Cultist","floor":5,"turns":4},{"damage":6,"enemies":"Gremlin Nob","floor":7,"turns":3},{"damage":1,"enemies":"2 Fungi Beasts","floor":11,"turns":4},{"damage":8,"enemies":"Blue Slaver","floor":12,"turns":3},{"damage":2,"enemies":"Gremlin Gang","floor":13,"turns":5},{"damage":8,"enemies":"Exordium Thugs","floor":14,"turns":4},{"damage":6,"enemies":"Hexaghost","floor":16,"turns":11},{"damage":29,"enemies":"2 Thieves","floor":18,"turns":5},{"damage":11,"enemies":"Spheric Guardian","floor":20,"turns":3},{"damage":14,"enemies":"Centurion and Healer","floor":21,"turns":7},{"damage":2,"enemies":"Snecko","floor":24,"turns":5},{"damage":8,"enemies":"Gremlin Leader","floor":25,"turns":8},{"damage":32,"enemies":"Slavers","floor":29,"turns":5},{"damage":1,"enemies":"Cultist and Chosen","floor":30,"turns":5},{"damage":8,"enemies":"3 Cultists","floor":31,"turns":5},{"damage":30,"enemies":"Automaton","floor":33,"turns":7},{"damage":1,"enemies":"3 Shapes","floor":35,"turns":4},{"damage":38,"enemies":"3 Darklings","floor":36,"turns":4},{"damage":0,"enemies":"Writhing Mass","floor":37,"turns":6},{"damage":14,"enemies":"Giant Head","floor":40,"turns":8},{"damage":0,"enemies":"Transient","floor":42,"turns":5},{"damage":7,"enemies":"Jaw Worm Horde","floor":44,"turns":4},{"damage":27,"enemies":"Spire Growth","floor":45,"turns":5},{"damage":0,"enemies":"Transient","floor":46,"turns":5},{"damage":1,"enemies":"Maw","floor":48,"turns":8},{"damage":16,"enemies":"Awakened One","floor":50,"turns":11}],"seed_played":"387292261054548181","potions_obtained":[{"floor":1,"key":"AttackPotion"},{"floor":4,"key":"Weak Potion"},{"floor":5,"key":"Fire Potion"},{"floor":7,"key":"Ancient Potion"},{"floor":11,"key":"SpeedPotion"},{"floor":12,"key":"FearPotion"},{"floor":13,"key":"Block Potion"},{"floor":14,"key":"Swift Potion"},{"floor":16,"key":"Dexterity Potion"},{"floor":18,"key":"Regen Potion"},{"floor":20,"key":"PowerPotion"},{"floor":21,"key":"SpeedPotion"},{"floor":24,"key":"Fire Potion"},{"floor":25,"key":"Weak Potion"},{"floor":29,"key":"PowerPotion"},{"floor":30,"key":"Regen Potion"},{"floor":31,"key":"PowerPotion"},{"floor":33,"key":"Swift Potion"},{"floor":35,"key":"AttackPotion"},{"floor":36,"key":"Poison Potion"},{"floor":37,"key":"Fire Potion"},{"floor":40,"key":"PowerPotion"},{"floor":42,"key":"Explosive Potion"},{"floor":44,"key":"Fire Potion"},{"floor":45,"key":"Block Potion"},{"floor":46,"key":"SkillPotion"},{"floor":48,"key":"PowerPotion"}],"is_trial":false,"path_per_floor":["M","$","?","M","M","?","E","$","T","?","M","M","M","M","R","B",null,"M","?","M","M","$","R","M","E","T","R","?","E","M","M","R","B",null,"M","M","M","?","$","E","R","M","T","M","M","M","$","M","R","B",null],"character_chosen":"DEFECT","items_purchased":["Ball Lightning","SteroidPotion","Recycle","Symbiotic Virus","Fire Potion","All For One+1","ClockworkSouvenir"],"campfire_rested":2,"item_purchase_floors":[2,2,8,22,22,39,47],"current_hp_per_floor":[70,70,63,62,52,40,34,34,34,34,33,25,23,15,37,31,75,53,53,54,47,47,47,52,51,51,51,51,26,32,36,58,42,75,75,37,44,44,44,37,37,44,44,44,24,24,24,30,30,14],"gold":38,"neow_bonus":"BOSS_RELIC","is_prod":false,"is_daily":false,"chose_seed":false,"campfire_upgraded":2,"win_rate":0,"timestamp":1560800351,"path_taken":["M","$","?","M","M","?","E","$","T","?","?","M","M","M","R","BOSS","M","?","M","M","$","R","M","E","T","R","?","E","M","M","R","BOSS","M","?","?","?","?","E","R","M","T","M","M","M","$","M","R","BOSS"],"build_version":"2019-01-23","purchased_purges":0,"victory":true,"max_hp_per_floor":[75,75,75,75,75,75,75,75,75,75,75,75,75,75,75,75,75,75,75,75,75,75,75,75,75,75,75,75,75,75,75,75,75,75,75,75,75,75,75,75,75,75,75,75,75,75,75,75,75,75],"card_choices":[{"not_picked":["Undo","Rebound"],"picked":"Gash","floor":1},{"not_picked":["Scrape","Reprogram"],"picked":"Turbo","floor":4},{"not_picked":["Hologram","Melter"],"picked":"Ball Lightning","floor":5},{"not_picked":["Barrage","Hologram"],"picked":"Gash","floor":7},{"not_picked":["Blizzard","Rebound"],"picked":"Defragment","floor":11},{"not_picked":["Ball Lightning","Rip and Tear","Scrape"],"picked":"SKIP","floor":12},{"not_picked":["Recycle","BootSequence"],"picked":"Doom and Gloom","floor":13},{"not_picked":["FTL","Rip and Tear"],"picked":"Coolheaded","floor":14},{"not_picked":["Creative AI","Electrodynamics"],"picked":"Biased Cognition","floor":16},{"not_picked":["Streamline+1","Sunder"],"picked":"Go for the Eyes","floor":18},{"not_picked":["Sweeping Beam+1","Scrape+1"],"picked":"Genetic Algorithm+1","floor":20},{"not_picked":["Chaos","Electrodynamics"],"picked":"Conserve Battery","floor":21},{"not_picked":["Leap","Chaos"],"picked":"Steam Power","floor":24},{"not_picked":["Aggregate","Scrape+1"],"picked":"Loop+1","floor":25},{"not_picked":["Beam Cell+1","Streamline+1"],"picked":"Reinforced Body","floor":29},{"not_picked":["Rebound+1","Hello World"],"picked":"Genetic Algorithm","floor":30},{"not_picked":["Melter+1","Coolheaded"],"picked":"Redo+1","floor":31},{"not_picked":["Amplify","Electrodynamics"],"picked":"Core Surge+1","floor":33},{"not_picked":["Hologram","Recycle+1"],"picked":"Steam","floor":35},{"not_picked":["Gash+1","Streamline+1"],"picked":"Glacier","floor":36},{"not_picked":["Coolheaded","Turbo"],"picked":"Aggregate+1","floor":37},{"not_picked":["Rebound+1","Ball Lightning+1"],"picked":"Defragment","floor":40},{"not_picked":["Leap","Redo"],"picked":"Compile Driver+1","floor":42},{"not_picked":["Genetic Algorithm+1","Ball Lightning+1"],"picked":"Leap+1","floor":44},{"not_picked":["Thunder Strike+1","Reprogram+1"],"picked":"Steam","floor":45},{"not_picked":["Redo+1","Gash+1"],"picked":"Leap+1","floor":46},{"not_picked":["Steam","Gash+1"],"picked":"Go for the Eyes+1","floor":48}],"player_experience":3764225,"relics_obtained":[{"floor":7,"key":"Omamori"},{"floor":9,"key":"Dead Branch"},{"floor":25,"key":"Molten Egg 2"},{"floor":26,"key":"Vajra"},{"floor":29,"key":"Shovel"},{"floor":40,"key":"Kunai"},{"floor":41,"key":"Oddly Smooth Stone"},{"floor":43,"key":"Bronze Scales"},{"floor":49,"key":"Happy Flower"}],"event_choices":[{"cards_removed":["Strike_B"],"damage_healed":0,"gold_gain":0,"player_choice":"Card Removal","damage_taken":7,"max_hp_gain":0,"max_hp_loss":0,"event_name":"Golden Wing","floor":3,"gold_loss":0},{"damage_healed":0,"gold_gain":0,"player_choice":"Success","damage_taken":12,"relics_obtained":["Torii"],"max_hp_gain":0,"max_hp_loss":0,"event_name":"Scrap Ooze","floor":6,"gold_loss":0},{"damage_healed":0,"gold_gain":0,"cards_transformed":["Strike_B"],"player_choice":"Transformed","damage_taken":0,"max_hp_gain":0,"max_hp_loss":0,"event_name":"Transmorgrifier","floor":10,"gold_loss":0,"cards_obtained":["Steam"]},{"damage_healed":0,"gold_gain":99,"player_choice":"Stole From Cult","damage_taken":0,"max_hp_gain":0,"max_hp_loss":0,"event_name":"Nest","floor":19,"gold_loss":0},{"damage_healed":0,"gold_gain":0,"player_choice":"Bet on Murderer","damage_taken":0,"max_hp_gain":0,"max_hp_loss":0,"event_name":"The Joust","floor":28,"gold_loss":50},{"damage_healed":0,"gold_gain":0,"player_choice":"Ignored","damage_taken":0,"max_hp_gain":0,"max_hp_loss":0,"event_name":"Tomb of Lord Red Mask","floor":38,"gold_loss":0}],"is_beta":false,"boss_relics":[{"not_picked":["Cursed Key","Eternal Feather"],"picked":"Pandora\u0027s Box"},{"not_picked":["Snecko Eye","Empty Cage"],"picked":"Coffee Dripper"}],"items_purged_floors":[],"is_endless":false,"potions_floor_spawned":[1,4,5,7,11,12,13,14,16,18,20,21,24,25,29,30,31,33,35,36,37,40,42,44,45,46,48],"ascension_level":0}