{"gold_per_floor":[116,116,96,46,64,94,94,124,124,143,143,158,178,12,12,113,113,131,231,251,32,32,32,57,72,72,104,29,45,45,61,61,156,156,176,196,196,541,554,589,603,603,630,630,646,40,52,63,63,63],"floor_reached":51,"playtime":11381,"items_purged":["Strike_G","Defend_G"],"score":804,"play_id":"bbccefa5-3bf4-4819-aad4-990ed3d0bab3","local_time":"20190716215950","is_ascension_mode":false,"campfire_choices":[{"floor":7,"key":"REST"},{"data":"All Out Attack","floor":11,"key":"SMITH"},{"floor":15,"key":"REST"},{"data":"Skewer","floor":23,"key":"SMITH"},{"floor":32,"key":"REST"},{"data":"Dash","floor":44,"key":"SMITH"},{"floor":49,"key":"REST"}],"neow_cost":"TEN_PERCENT_HP_LOSS","seed_source_timestamp":246611281680738,"circlet_count":0,"master_deck":["Strike_G","Strike_G","Strike_G","Defend_G","Defend_G","Defend_G","Survivor","Neutralize","Corpse Explosion","Dagger Spray+1","Flying Knee","Dash+1","Finisher","All Out Attack+1","Crippling Poison+1","Deflect+1","Skewer+1","Leg Sweep+1","Outmaneuver+1","Bullet Time+1","Deflect+1","Blur+1","Forethought+1","Terror+1","Sucker Punch+1","Tactician+1","Bane+1","Crippling Poison+1","Burst+1","Catalyst+1","Distraction+1","Flying Knee","Deflect+1","Backflip+1","Flying Knee+1","Flying Knee+1","Catalyst+1","Deflect+1","Blur+1","Burst+1","Secret Technique+1","Deflect+1","Dark Shackles+1","Leg Sweep+1"],"relics":["Ring of the Snake","Toxic Egg 2","Shuriken","Vajra","Runic Pyramid","Thread and Needle","Boot","Pantograph","Orrery","Old Coin","Nunchaku","Ancient Tea Set","DollysMirror"],"potions_floor_usage":[8,16,33,33,38,38,41,50,50],"damage_taken":[{"damage":1,"enemies":"Cultist","floor":1,"turns":5},{"damage":0,"enemies":"Small Slimes","floor":5,"turns":2},{"damage":26,"enemies":"Gremlin Nob","floor":6,"turns":5},{"damage":9,"enemies":"3 Sentries","floor":8,"turns":2},{"damage":0,"enemies":"2 Louse","floor":10,"turns":2},{"damage":0,"enemies":"Large Slime","floor":12,"turns":3},{"damage":9,"enemies":"Exordium Thugs","floor":13,"turns":3},{"damage":11,"enemies":"Hexaghost","floor":16,"turns":12},{"damage":0,"enemies":"Shell Parasite","floor":18,"turns":4},{"damage":0,"enemies":"2 Thieves","floor":20,"turns":1},{"damage":11,"enemies":"Book of Stabbing","floor":24,"turns":5},{"damage":0,"enemies":"Sentry and Sphere","floor":25,"turns":6},{"damage":9,"enemies":"Gremlin Leader","floor":27,"turns":8},{"damage":3,"enemies":"Shelled Parasite and Fungi","floor":29,"turns":3},{"damage":0,"enemies":"3 Cultists","floor":31,"turns":2},{"damage":31,"enemies":"Champ","floor":33,"turns":12},{"damage":3,"enemies":"Orb Walker","floor":35,"turns":3},{"damage":0,"enemies":"3 Shapes","floor":36,"turns":4},{"damage":21,"enemies":"2 Orb Walkers","floor":38,"turns":4},{"damage":6,"enemies":"Writhing Mass","floor":39,"turns":4},{"damage":17,"enemies":"Reptomancer","floor":40,"turns":6},{"damage":1,"enemies":"Jaw Worm Horde","floor":41,"turns":4},{"damage":5,"enemies":"4 Shapes","floor":45,"turns":4},{"damage":1,"enemies":"Maw","floor":47,"turns":6},{"damage":3,"enemies":"Sphere and 2 Shapes","floor":48,"turns":4},{"damage":44,"enemies":"Awakened One","floor":50,"turns":20}],"seed_played":"-2363912754120355951","potions_obtained":[{"floor":5,"key":"Explosive Potion"},{"floor":13,"key":"EssenceOfSteel"},{"floor":16,"key":"SpeedPotion"},{"floor":18,"key":"SpeedPotion"},{"floor":24,"key":"Explosive Potion"},{"floor":29,"key":"EssenceOfSteel"},{"floor":33,"key":"SpeedPotion"},{"floor":35,"key":"GhostInAJar"},{"floor":40,"key":"Block Potion"},{"floor":45,"key":"SneckoOil"},{"floor":47,"key":"Dexterity Potion"},{"floor":48,"key":"Block Potion"}],"is_trial":false,"path_per_floor":["M","?","?","?","M","E","R","E","T","M","R","M","M","$","R","B",null,"M","?","M","$","?","R","E","M","T","E","?","M","?","M","R","B",null,"M","M","?","?","M","E","M","?","T","R","M","$","M","M","R","B",null],"character_chosen":"THE_SILENT","items_purchased":["Skewer","Leg Sweep+1","Outmaneuver+1","Forethought+1","Energy Potion","DollysMirror","Secret Technique+1","Deflect+1","Dark Shackles+1"],"campfire_rested":4,"item_purchase_floors":[14,14,14,21,21,46,46,46,46],"current_hp_per_floor":[62,62,62,62,62,36,54,45,45,45,45,45,36,36,54,43,63,63,63,63,63,63,63,52,52,52,43,43,40,40,40,58,32,63,60,60,60,39,33,16,15,55,55,55,50,50,49,46,55,11],"gold":63,"neow_bonus":"THREE_RARE_CARDS","is_prod":false,"is_daily":false,"chose_seed":false,"campfire_upgraded":3,"win_rate":0.0,"timestamp":1563332390,"path_taken":["M","?","?","?","M","E","R","E","T","M","R","M","M","$","R","BOSS","M","?","M","?","?","R","E","M","T","E","?","M","?","M","R","BOSS","M","M","?","?","M","E","M","?","T","R","M","$","?","M","R","BOSS"],"build_version":"2019-07-05","purchased_purges":2,"victory":true,"max_hp_per_floor":[63,63,63,63,63,63,63,63,63,63,63,63,63,63,63,63,63,63,63,63,63,63,63,63,63,63,63,63,63,63,63,63,63,63,63,63,63,63,63,63,63,55,55,55,55,55,55,55,55,55],"card_choices":[{"not_picked":["Wraith Form v2","Phantasmal Killer"],"picked":"Corpse Explosion","floor":0},{"not_picked":["Well Laid Plans","Blade Dance"],"picked":"Dagger Spray","floor":1},{"not_picked":["Prepared","Blade Dance"],"picked":"Flying Knee","floor":5},{"not_picked":["Dagger Spray","Endless Agony"],"picked":"Dash","floor":6},{"not_picked":["Dash","Well Laid Plans"],"picked":"Finisher","floor":8},{"not_picked":["Acrobatics+1","Prepared+1"],"picked":"All Out Attack","floor":10},{"not_picked":["Unload","Flying Knee"],"picked":"Crippling Poison+1","floor":12},{"not_picked":["Escape Plan+1","Prepared+1"],"picked":"Deflect+1","floor":13},{"not_picked":["Wraith Form v2","Unload"],"picked":"Bullet Time+1","floor":16},{"not_picked":["Backflip+1","Slice"],"picked":"Deflect+1","floor":18},{"not_picked":["Leg Sweep+1","Flechettes"],"picked":"Blur+1","floor":20},{"not_picked":["Noxious Fumes","Flying Knee"],"picked":"Terror+1","floor":24},{"not_picked":["Predator","Acrobatics+1"],"picked":"Sucker Punch+1","floor":25},{"not_picked":["Underhanded Strike","Doppelganger+1"],"picked":"Tactician+1","floor":27},{"not_picked":["Deadly Poison+1","Slice"],"picked":"Bane+1","floor":29},{"not_picked":["PiercingWail+1","Bane"],"picked":"Skewer+1","floor":31},{"not_picked":["After Image","Malaise+1"],"picked":"Burst+1","floor":33},{"not_picked":["Sucker Punch","Crippling Poison+1"],"picked":"Catalyst+1","floor":34},{"not_picked":["Expertise+1","All Out Attack"],"picked":"Distraction+1","floor":34},{"not_picked":["Leg Sweep+1","Malaise+1"],"picked":"Flying Knee","floor":34},{"not_picked":["Reflex+1","Well Laid Plans+1"],"picked":"Deflect+1","floor":34},{"not_picked":["Dagger Throw","Flying Knee"],"picked":"Backflip+1","floor":34},{"not_picked":["Distraction+1","Underhanded Strike+1"],"picked":"Flying Knee+1","floor":35},{"not_picked":["Well Laid Plans","Expertise+1","Crippling Poison+1"],"picked":"SKIP","floor":36},{"not_picked":["Escape Plan+1","Leg Sweep+1"],"picked":"Flying Knee+1","floor":39},{"not_picked":["Choke+1","Blur+1"],"picked":"Catalyst+1","floor":40},{"not_picked":["Prepared+1","All Out Attack"],"picked":"Deflect+1","floor":41},{"not_picked":["Distraction+1","Flying Knee+1"],"picked":"Blur+1","floor":45},{"not_picked":["Quick Slash","Bane+1"],"picked":"Leg Sweep+1","floor":47},{"not_picked":["Caltrops","Terror+1","Dagger Spray"],"picked":"SKIP","floor":48}],"player_experience":44765,"relics_obtained":[{"floor":6,"key":"Toxic Egg 2"},{"floor":8,"key":"Shuriken"},{"floor":9,"key":"Vajra"},{"floor":24,"key":"Thread and Needle"},{"floor":26,"key":"Boot"},{"floor":27,"key":"Pantograph"},{"floor":38,"key":"Old Coin"},{"floor":40,"key":"Nunchaku"},{"floor":43,"key":"Ancient Tea Set"}],"event_choices":[{"damage_healed":0,"gold_gain":0,"player_choice":"Grow","damage_taken":0,"max_hp_gain":0,"max_hp_loss":0,"event_name":"Living Wall","floor":2,"gold_loss":0,"cards_upgraded":["Dagger Spray"]},{"damage_healed":0,"gold_gain":0,"player_choice":"Left Gold","damage_taken":0,"max_hp_gain":0,"max_hp_loss":0,"event_name":"World of Goop","floor":3,"gold_loss":20},{"cards_removed":["Strike_G"],"damage_healed":0,"gold_gain":0,"player_choice":"Card Removal","damage_taken":0,"max_hp_gain":0,"max_hp_loss":0,"event_name":"The Cleric","floor":4,"gold_loss":50},{"damage_healed":0,"gold_gain":100,"player_choice":"Pray","damage_taken":0,"max_hp_gain":0,"max_hp_loss":0,"event_name":"Golden Shrine","floor":19,"gold_loss":0},{"damage_healed":0,"gold_gain":0,"player_choice":"Ignored","damage_taken":0,"max_hp_gain":0,"max_hp_loss":0,"event_name":"Ghosts","floor":22,"gold_loss":0},{"cards_removed":["Defend_G"],"damage_healed":0,"gold_gain":0,"player_choice":"Gave Gold","damage_taken":0,"max_hp_gain":0,"max_hp_loss":0,"event_name":"Beggar","floor":28,"gold_loss":75},{"damage_healed":0,"gold_gain":0,"player_choice":"Read","damage_taken":0,"max_hp_gain":0,"max_hp_loss":0,"event_name":"The Library","floor":30,"gold_loss":0,"cards_obtained":["Crippling Poison"]},{"cards_removed":["Skewer"],"damage_healed":0,"gold_gain":0,"player_choice":"Removed Attack","damage_taken":0,"max_hp_gain":0,"max_hp_loss":0,"event_name":"Falling","floor":37,"gold_loss":0},{"damage_healed":0,"gold_gain":0,"player_choice":"Fight","damage_taken":0,"max_hp_gain":0,"max_hp_loss":0,"event_name":"Mysterious Sphere","floor":38,"gold_loss":0},{"damage_healed":55,"gold_gain":0,"player_choice":"Heal","damage_taken":0,"max_hp_gain":0,"max_hp_loss":8,"event_name":"The Moai Head","floor":42,"gold_loss":0}],"is_beta":false,"boss_relics":[{"not_picked":["Ectoplasm","Tiny House"],"picked":"Runic Pyramid"},{"not_picked":["White Beast Statue","Velvet Choker"],"picked":"Orrery"}],"items_purged_floors":[21,46],"is_endless":false,"potions_floor_spawned":[5,13,16,18,24,29,31,33,35,40,45,47,48],"ascension_level":0}