{"gold_per_floor":[216,236,11,11,27,68,89,89,89,89,89,107,107,159,159,252,252,276,201,219,219,219,219],"floor_reached":23,"playtime":859,"items_purged":["Strike_R"],"score":378,"play_id":"d3271f43-38f9-42dc-8ece-38de01024b93","local_time":"20190507161556","is_ascension_mode":true,"campfire_choices":[{"floor":8,"key":"REST"},{"data":"Bash","floor":10,"key":"SMITH"},{"floor":13,"key":"REST"},{"data":"Clothesline","floor":15,"key":"SMITH"}],"neow_cost":"NONE","seed_source_timestamp":2408136233474444,"circlet_count":0,"master_deck":["AscendersBane","Strike_R","Strike_R","Defend_R","Defend_R","Defend_R","Defend_R","Bash+1","Spot Weakness","Flame Barrier","Rampage","Clothesline+1","Seeing Red","Heavy Blade","Limit Break","Clothesline+1","Power Through+1","Rampage+1","True Grit"],"relics":["Burning Blood","Regal Pillow","Bloody Idol","Pear","Prayer Wheel","Champion Belt","Strawberry","Astrolabe"],"potions_floor_usage":[6,12,12,16,23,23],"damage_taken":[{"damage":17,"enemies":"Small Slimes","floor":1,"turns":5},{"damage":12,"enemies":"2 Louse","floor":2,"turns":3},{"damage":9,"enemies":"Jaw Worm","floor":5,"turns":3},{"damage":29,"enemies":"Gremlin Nob","floor":6,"turns":4},{"damage":22,"enemies":"3 Louse","floor":7,"turns":5},{"damage":27,"enemies":"Exordium Wildlife","floor":12,"turns":4},{"damage":51,"enemies":"Hexaghost","floor":16,"turns":10},{"damage":19,"enemies":"Chosen","floor":18,"turns":6},{"damage":33,"enemies":"Shell Parasite","floor":20,"turns":7},{"damage":42,"enemies":"Gremlin Leader","floor":23,"turns":3}],"seed_played":"-8013448380425736507","potions_obtained":[{"floor":1,"key":"Weak Potion"},{"floor":6,"key":"Regen Potion"},{"floor":12,"key":"Poison Potion"},{"floor":16,"key":"LiquidBronze"},{"floor":18,"key":"SteroidPotion"}],"is_trial":false,"path_per_floor":["M","M","$","?","M","E","M","R","T","R","?","M","R","T","R","B",null,"M","$","M","?","?","E"],"character_chosen":"IRONCLAD","items_purchased":["Regal Pillow","SkillPotion"],"campfire_rested":2,"item_purchase_floors":[3,3],"current_hp_per_floor":[57,51,51,51,48,35,19,57,57,57,22,10,48,55,55,10,66,53,53,26,26,26,0],"gold":219,"neow_bonus":"HUNDRED_GOLD","is_prod":false,"is_daily":false,"chose_seed":false,"campfire_upgraded":2,"win_rate":0,"timestamp":1557260156,"path_taken":["M","M","$","?","M","E","M","R","T","R","?","M","R","?","R","BOSS","M","$","M","?","?","E"],"build_version":"2019-01-23","purchased_purges":1,"victory":false,"max_hp_per_floor":[75,75,75,68,68,78,78,78,78,78,78,78,78,85,85,85,85,85,85,85,85,85,85],"card_choices":[{"not_picked":["Ghostly Armor","Wild Strike"],"picked":"Perfected Strike","floor":1},{"not_picked":["Warcry","Combust"],"picked":"Spot Weakness","floor":2},{"not_picked":["Clash","Iron Wave"],"picked":"Flame Barrier","floor":5},{"not_picked":["Armaments","True Grit"],"picked":"Rampage","floor":6},{"not_picked":["Sword Boomerang","Iron Wave"],"picked":"Clothesline","floor":7},{"not_picked":["Power Through","Dual Wield"],"picked":"Seeing Red","floor":12},{"not_picked":["Dual Wield","Combust"],"picked":"Heavy Blade","floor":12},{"not_picked":["Juggernaut","Brutality"],"picked":"Limit Break","floor":16},{"not_picked":["Heavy Blade","Twin Strike"],"picked":"True Grit","floor":18},{"not_picked":["Dark Embrace","Heavy Blade","Power Through"],"picked":"SKIP","floor":18},{"not_picked":["Headbutt","Armaments","Bloodletting"],"picked":"SKIP","floor":20},{"not_picked":["Rage","Armaments","Infernal Blade"],"picked":"SKIP","floor":20}],"player_experience":3622469,"relics_obtained":[{"floor":6,"key":"Pear"},{"floor":9,"key":"Prayer Wheel"},{"floor":14,"key":"Strawberry"}],"event_choices":[{"damage_healed":0,"gold_gain":0,"player_choice":"Lose Max HP","damage_taken":0,"relics_obtained":["Golden Idol"],"max_hp_gain":0,"max_hp_loss":7,"event_name":"Golden Idol","floor":4,"gold_loss":0},{"damage_healed":0,"gold_gain":0,"player_choice":"Success","damage_taken":35,"relics_obtained":["Champion Belt"],"max_hp_gain":0,"max_hp_loss":0,"event_name":"Scrap Ooze","floor":11,"gold_loss":0},{"damage_healed":0,"gold_gain":0,"player_choice":"Gave Idol","damage_taken":0,"relics_obtained":["Bloody Idol"],"max_hp_gain":0,"max_hp_loss":0,"event_name":"Forgotten Altar","floor":21,"relics_lost":["Golden Idol"],"gold_loss":0},{"damage_healed":0,"gold_gain":0,"player_choice":"Ignored","damage_taken":0,"max_hp_gain":0,"max_hp_loss":0,"event_name":"The Mausoleum","floor":22,"gold_loss":0}],"is_beta":false,"boss_relics":[{"not_picked":["Snecko Eye","Black Blood"],"picked":"Astrolabe"}],"items_purged_floors":[19],"is_endless":false,"potions_floor_spawned":[1,6,12,16,18,20],"killed_by":"Gremlin Leader","ascension_level":20}