{"path_per_floor":["M","?","?","M","M","R","E","$","T","M","M","R","?","T","R","B",null,"M","?","$","M","?","E","R","M","T","R","$","M","M","M","R","B",null,"M","M","?","?","M","R","M","R","T","R","M","E","M","$","R","B"],"character_chosen":"THE_SILENT","items_purchased":["Ice Cream","Vajra","Noxious Fumes","Regen Potion","Predator","Dexterity Potion"],"gold_per_floor":[359,359,359,370,389,389,417,37,64,81,91,91,91,160,160,264,264,277,277,8,19,19,45,45,62,85,85,46,64,75,90,90,194,194,206,224,0,0,11,11,22,22,46,46,64,96,112,60,60,60],"floor_reached":51,"campfire_rested":0,"playtime":5744,"current_hp_per_floor":[63,50,50,50,50,50,37,37,37,37,52,52,52,52,52,44,63,62,46,46,56,56,54,54,52,52,52,52,52,52,52,52,38,63,63,63,63,63,61,63,62,63,63,63,62,56,56,56,63,47],"items_purged":["Strike_G"],"gold":60,"score":499,"play_id":"ad23c49f-852c-4698-b93e-0af2357c2f7e","is_prod":false,"is_daily":false,"is_ascension_mode":false,"campfire_upgraded":10,"path_taken":["M","?","?","M","M","R","E","$","T","M","M","R","?","?","R","BOSS","M","?","$","M","?","E","R","?","T","R","$","M","M","M","R","BOSS","M","M","?","?","?","R","M","R","T","R","M","E","M","?","R","BOSS"],"build_version":"2018-02-15-PROD1","purchased_purges":1,"victory":true,"master_deck":["Defend_G","Defend_G","Defend_G","Defend_G+1","Strike_G","Strike_G+1","Strike_G+1","Survivor+1","Neutralize+1","Flying Knee+1","Crippling Poison+1","Acrobatics","Well Laid Plans","Backflip+1","Tactician+1","Backflip","Malaise+1","Prepared","Dagger Spray+1","Necronomicurse","Noxious Fumes+1","Dash+1","Expertise+1","Predator+1","Blur","Footwork+1","Venomology","Concentrate+1","Burst+1"],"max_hp_per_floor":[63,63,63,63,63,63,63,63,63,63,63,63,63,63,63,63,63,63,63,63,63,63,63,63,63,63,63,63,63,63,63,63,63,63,63,63,63,63,63,63,63,63,63,63,63,63,63,63,63,63],"relics":["Ring of the Snake","Bag of Marbles","Ice Cream","Pen Nib","Bottled Lightning","Orrery","Necronomicon","Vajra","Bag of Preparation","Anchor","Eternal Feather","Red Mask","War Paint","Ancient Tea Set"],"card_choices":[{"not_picked":["Catalyst","Quick Slash"],"picked":"Flying Knee"},{"not_picked":["Underhanded Strike","Sucker Punch"],"picked":"Acrobatics"},{"not_picked":["Acrobatics","Distraction"],"picked":"Well Laid Plans"},{"not_picked":["Leg Sweep","Sucker Punch"],"picked":"Backflip"},{"not_picked":["Storm of Steel","Grand Finale"],"picked":"Tactician"},{"not_picked":["Slice","PiercingWail"],"picked":"Backflip"},{"not_picked":["Prepared","Blade Dance"],"picked":"Malaise"},{"not_picked":["Slice","Distraction"],"picked":"Prepared"},{"not_picked":["Poisoned Stab","A Thousand Cuts"],"picked":"Dagger Spray"},{"not_picked":["Venomology","PiercingWail"],"picked":"Dash"},{"not_picked":["Bane","Slice"],"picked":"Expertise"},{"not_picked":["Outmaneuver","A Thousand Cuts"],"picked":"Blur"},{"not_picked":["Backflip","Underhanded Strike"],"picked":"Footwork"},{"not_picked":["Grand Finale","Unload"],"picked":"Venomology"},{"not_picked":["Acrobatics","Heel Hook"],"picked":"Concentrate"},{"not_picked":["Caltrops","Bane"],"picked":"Burst"}],"player_experience":822041,"potions_floor_usage":[7,11,11,21,23,23,39,39,41,45,50,50,50],"damage_taken":[{"damage":0,"enemies":"Small Slimes","floor":1,"turns":6},{"damage":0,"enemies":"Jaw Worm","floor":4,"turns":4},{"damage":0,"enemies":"2 Louse","floor":5,"turns":2},{"damage":13,"enemies":"3 Sentries","floor":7,"turns":12},{"damage":0,"enemies":"Large Slime","floor":10,"turns":5},{"damage":0,"enemies":"Lots of Slimes","floor":11,"turns":5},{"damage":8,"enemies":"The Guardian","floor":16,"turns":13},{"damage":1,"enemies":"Chosen","floor":18,"turns":8},{"damage":5,"enemies":"Spheric Guardian","floor":21,"turns":6},{"damage":2,"enemies":"Slavers","floor":23,"turns":3},{"damage":2,"enemies":"Centurion and Healer","floor":25,"turns":5},{"damage":0,"enemies":"Snecko","floor":29,"turns":2},{"damage":0,"enemies":"3 Cultists","floor":30,"turns":4},{"damage":0,"enemies":"Centurion and Healer","floor":31,"turns":4},{"damage":14,"enemies":"Automaton","floor":33,"turns":10},{"damage":0,"enemies":"3 Shapes","floor":35,"turns":4},{"damage":0,"enemies":"Orb Walker","floor":36,"turns":2},{"damage":2,"enemies":"Sphere and 2 Shapes","floor":39,"turns":8},{"damage":1,"enemies":"Maw","floor":41,"turns":8},{"damage":1,"enemies":"3 Darklings","floor":45,"turns":3},{"damage":6,"enemies":"Giant Head","floor":46,"turns":10},{"damage":0,"enemies":"Sphere and 2 Shapes","floor":47,"turns":5},{"damage":16,"enemies":"Awakened One","floor":50,"turns":15}],"event_choices":[{"event_name":"Shining Light","player_choice":"Entered Light","floor":2,"damage_taken":0},{"event_name":"Transmorgrifier","player_choice":"Transform","floor":3,"damage_taken":0},{"event_name":"Accursed Blacksmith","player_choice":"Forge","floor":13,"damage_taken":0},{"event_name":"Cursed Tome","player_choice":"Obtained Book","floor":19,"damage_taken":0},{"event_name":"Beggar","player_choice":"Ignored","floor":22,"damage_taken":0},{"event_name":"Tomb of Lord Red Mask","player_choice":"Paid","floor":37,"damage_taken":0}],"boss_relics":[{"not_picked":["Black Star","Question Card"],"picked":"Orrery"},{"not_picked":["Pandora\u0027s Box","Calling Bell"],"picked":"Eternal Feather"}],"potions_floor_spawned":[1,5,7,11,18,33,36,39,47],"seed_played":"-144620976449870999","ascension_level":0,"is_trial":false}