{"gold_per_floor":[209,209,232,257,29,29,73,73,73,73,113,89,108,143,143,272,272,241,241,264,264,13,13,36,77,102,117,117,216,249,274,274,399,399,417,377,391,48,63,94,94,94,163,219,255,392,67,92,92,92,92,92,17,60,60],"floor_reached":56,"playtime":14896,"items_purged":["Strike_B+1","Strike_B+1","Defend_B+1"],"score":1651,"play_id":"4a6dea20-be2e-4be1-8b99-c2d2edfe9675","local_time":"20181203203827","is_ascension_mode":true,"campfire_choices":[{"data":"Sweeping Beam","floor":6,"key":"SMITH"},{"floor":10,"key":"REST"},{"floor":15,"key":"REST"},{"data":"Defragment","floor":23,"key":"SMITH"},{"floor":28,"key":"REST"},{"floor":32,"key":"REST"},{"floor":41,"key":"REST"},{"floor":49,"key":"RECALL"},{"floor":52,"key":"REST"}],"neow_cost":"NONE","seed_source_timestamp":1706578216091659,"circlet_count":0,"master_deck":["Defend_B+1","Defend_B+1","Defend_B+1","Zap+1","Dualcast","Glacier","Sweeping Beam+1","Conserve Battery","Coolheaded+1","BootSequence","Reinforced Body","Leap","Defragment+1","Seek+1","Doom and Gloom","Compile Driver+1","Recycle","Static Discharge","Force Field","Rebound+1","Stack+1","White Noise","Meteor Strike","Glacier","Echo Form","Leap+1","Static Discharge+1","Glacier+1","Chaos+1","Thunder Strike","Chill","Stack+1","Capacitor","Capacitor","Consume","White Noise+1","Capacitor","Capacitor","Storm","Seek"],"relics":["Cracked Core","Golden Idol","Sling","The Courier","Ornamental Fan","Lantern","Emotion Chip","Snecko Eye","Membership Card","Ice Cream","Strawberry","Dream Catcher","Fusion Hammer","Bottled Lightning","Mummified Hand","Pear","Bag of Preparation","Incense Burner","MawBank","Mango","War Paint","Lee\u0027s Waffle","Ancient Tea Set","DataDisk"],"potions_floor_usage":[7,16,25,25,27,30,33,44,55,55,55],"damage_taken":[{"damage":14,"enemies":"Jaw Worm","floor":1,"turns":4},{"damage":0,"enemies":"2 Louse","floor":3,"turns":3},{"damage":3,"enemies":"Cultist","floor":4,"turns":5},{"damage":27,"enemies":"Gremlin Nob","floor":7,"turns":4},{"damage":11,"enemies":"3 Sentries","floor":11,"turns":6},{"damage":0,"enemies":"Blue Slaver","floor":13,"turns":5},{"damage":32,"enemies":"Lagavulin","floor":14,"turns":12},{"damage":24,"enemies":"The Guardian","floor":16,"turns":15},{"damage":6,"enemies":"2 Thieves","floor":18,"turns":5},{"damage":0,"enemies":"Chosen","floor":20,"turns":4},{"damage":0,"enemies":"Snecko","floor":24,"turns":7},{"damage":9,"enemies":"Book of Stabbing","floor":25,"turns":5},{"damage":0,"enemies":"Centurion and Healer","floor":27,"turns":7},{"damage":3,"enemies":"Slavers","floor":30,"turns":6},{"damage":21,"enemies":"Snake Plant","floor":31,"turns":6},{"damage":32,"enemies":"Champ","floor":33,"turns":15},{"damage":3,"enemies":"Orb Walker","floor":35,"turns":2},{"damage":2,"enemies":"3 Shapes","floor":37,"turns":5},{"damage":6,"enemies":"Maw","floor":39,"turns":7},{"damage":1,"enemies":"Nemesis","floor":40,"turns":7},{"damage":15,"enemies":"2 Orb Walkers","floor":44,"turns":7},{"damage":0,"enemies":"Reptomancer","floor":45,"turns":5},{"damage":0,"enemies":"Mind Bloom Boss Battle","floor":46,"turns":5},{"damage":0,"enemies":"Jaw Worm Horde","floor":48,"turns":5},{"damage":0,"enemies":"Awakened One","floor":50,"turns":13},{"damage":14,"enemies":"Shield and Spear","floor":54,"turns":5},{"damage":6,"enemies":"The Heart","floor":55,"turns":7}],"seed_played":"6258642863773131832","potions_obtained":[{"floor":3,"key":"Regen Potion"},{"floor":14,"key":"LiquidBronze"},{"floor":16,"key":"Explosive Potion"},{"floor":20,"key":"GamblersBrew"},{"floor":24,"key":"SkillPotion"},{"floor":25,"key":"LiquidBronze"},{"floor":30,"key":"Poison Potion"},{"floor":33,"key":"SkillPotion"},{"floor":37,"key":"FocusPotion"},{"floor":39,"key":"FocusPotion"},{"floor":44,"key":"Fire Potion"}],"is_trial":false,"path_per_floor":["M","?","M","M","$","R","E","?","T","R","E","?","M","E","R","B",null,"M","?","M","?","$","R","M","E","T","M","R","?","E","M","R","B",null,"M","?","M","$","M","E","R","?","T","?","E","?","$","M","R","B",null,"R","$","E","B",null],"character_chosen":"DEFECT","items_purchased":["Sling","Conserve Battery","Recycle","Membership Card","Static Discharge","Bottled Lightning","Mummified Hand","Pear","Capacitor","War Paint","Capacitor","Consume","Lee\u0027s Waffle","Ancient Tea Set","Capacitor","Storm","FocusPotion"],"campfire_rested":6,"item_purchase_floors":[5,5,22,22,22,38,38,38,47,47,47,47,47,47,53,53,53],"current_hp_per_floor":[61,61,61,58,58,58,40,40,40,60,49,49,49,17,37,13,55,49,49,49,49,49,49,49,40,47,47,69,69,66,45,67,35,66,63,63,61,71,65,64,86,82,82,67,67,81,103,103,103,103,103,103,103,89,83],"gold":60,"neow_bonus":"HUNDRED_GOLD","is_prod":false,"is_daily":false,"chose_seed":false,"campfire_upgraded":2,"win_rate":0,"timestamp":1543887507,"path_taken":["M","?","M","M","$","R","E","?","T","R","E","?","M","E","R","BOSS","M","?","?","?","?","R","M","E","T","M","R","?","E","M","R","BOSS","M","?","M","$","?","E","R","?","T","?","E","?","$","M","R","BOSS","R","$","E","BOSS"],"build_version":"2018-11-15","purchased_purges":3,"victory":true,"max_hp_per_floor":[75,69,69,69,69,69,69,69,69,69,69,69,69,69,69,69,69,69,69,69,69,69,69,69,69,76,76,76,76,76,76,76,76,76,76,76,76,86,86,86,86,82,82,82,82,96,103,103,103,103,103,103,103,103,103],"card_choices":[{"not_picked":["Leap","Stack"],"picked":"Glacier","floor":1},{"not_picked":["Scrape","Aggregate","Streamline"],"picked":"SKIP","floor":3},{"not_picked":["Rebound","Beam Cell"],"picked":"Sweeping Beam","floor":4},{"not_picked":["Force Field","Redo"],"picked":"Coolheaded","floor":7},{"not_picked":["Barrage","Darkness"],"picked":"Reinforced Body","floor":11},{"not_picked":["Coolheaded","Reinforced Body"],"picked":"Leap","floor":13},{"not_picked":["Amplify","BootSequence"],"picked":"Defragment","floor":14},{"not_picked":["Core Surge","Meteor Strike"],"picked":"Seek","floor":16},{"not_picked":["Heatsinks","Scrape+1"],"picked":"Doom and Gloom","floor":18},{"not_picked":["Redo","Cold Snap"],"picked":"Compile Driver+1","floor":20},{"not_picked":["Double Energy","Rebound"],"picked":"Force Field","floor":24},{"not_picked":["Tempest","Streamline"],"picked":"Rebound+1","floor":25},{"not_picked":["Coolheaded","Hologram"],"picked":"Stack+1","floor":27},{"not_picked":["Coolheaded+1","Barrage"],"picked":"White Noise","floor":30},{"not_picked":["Undo","Gash"],"picked":"Meteor Strike","floor":31},{"not_picked":["Coolheaded+1","Heatsinks"],"picked":"Glacier","floor":32},{"not_picked":["Biased Cognition","Creative AI"],"picked":"Echo Form","floor":33},{"not_picked":["Redo","Sweeping Beam+1"],"picked":"Leap+1","floor":35},{"not_picked":["Leap","Ball Lightning"],"picked":"Static Discharge+1","floor":37},{"not_picked":["Ball Lightning","Lockon+1"],"picked":"Glacier+1","floor":39},{"not_picked":["Turbo+1","Gash"],"picked":"Chaos+1","floor":40},{"not_picked":["Barrage+1","Leap"],"picked":"Thunder Strike","floor":41},{"not_picked":["Reprogram+1","Hologram"],"picked":"Chill","floor":45},{"not_picked":["Conserve Battery","Rip and Tear"],"picked":"Stack+1","floor":46},{"not_picked":["Coolheaded+1","Gash"],"picked":"White Noise+1","floor":48},{"not_picked":["Ball Lightning+1","Go for the Eyes+1"],"picked":"Capacitor","floor":52},{"not_picked":["Recycle","Beam Cell+1"],"picked":"Seek","floor":54}],"player_experience":2614469,"relics_obtained":[{"floor":7,"key":"The Courier"},{"floor":9,"key":"Ornamental Fan"},{"floor":11,"key":"Lantern"},{"floor":14,"key":"Emotion Chip"},{"floor":25,"key":"Ice Cream"},{"floor":26,"key":"Strawberry"},{"floor":30,"key":"Dream Catcher"},{"floor":40,"key":"Bag of Preparation"},{"floor":44,"key":"Incense Burner"},{"floor":45,"key":"MawBank"},{"floor":46,"key":"Mango"},{"floor":54,"key":"DataDisk"}],"event_choices":[{"damage_healed":0,"gold_gain":0,"player_choice":"Lose Max HP","damage_taken":0,"relics_obtained":["Golden Idol"],"max_hp_gain":0,"max_hp_loss":6,"event_name":"Golden Idol","floor":2,"gold_loss":0},{"damage_healed":0,"gold_gain":0,"cards_transformed":["Strike_B"],"player_choice":"Change","damage_taken":0,"max_hp_gain":0,"max_hp_loss":0,"event_name":"Living Wall","floor":8,"gold_loss":0,"cards_obtained":["BootSequence"]},{"damage_healed":0,"gold_gain":0,"player_choice":"Left Gold","damage_taken":0,"max_hp_gain":0,"max_hp_loss":0,"event_name":"World of Goop","floor":12,"gold_loss":24},{"cards_removed":["Strike_B"],"damage_healed":0,"gold_gain":0,"player_choice":"Purged","damage_taken":0,"max_hp_gain":0,"max_hp_loss":0,"event_name":"Purifier","floor":19,"gold_loss":0},{"damage_healed":0,"gold_gain":0,"player_choice":"Simplicity","damage_taken":0,"max_hp_gain":0,"max_hp_loss":0,"event_name":"Back to Basics","floor":21,"gold_loss":0,"cards_upgraded":["Strike_B","Strike_B","Defend_B","Defend_B","Defend_B","Defend_B"]},{"damage_healed":0,"gold_gain":99,"player_choice":"Stole From Cult","damage_taken":0,"max_hp_gain":0,"max_hp_loss":0,"event_name":"Nest","floor":29,"gold_loss":0},{"damage_healed":0,"gold_gain":0,"player_choice":"Upgrade","damage_taken":0,"max_hp_gain":0,"max_hp_loss":0,"event_name":"Designer","floor":36,"gold_loss":40,"cards_upgraded":["Seek"]},{"damage_healed":0,"gold_gain":0,"player_choice":"Max HP","damage_taken":0,"max_hp_gain":0,"max_hp_loss":4,"event_name":"Winding Halls","floor":42,"gold_loss":0},{"damage_healed":0,"gold_gain":0,"player_choice":"Fight","damage_taken":0,"max_hp_gain":0,"max_hp_loss":0,"event_name":"Mysterious Sphere","floor":44,"gold_loss":0},{"damage_healed":0,"gold_gain":0,"player_choice":"Fight","damage_taken":0,"max_hp_gain":0,"max_hp_loss":0,"event_name":"MindBloom","floor":46,"gold_loss":0}],"is_beta":false,"boss_relics":[{"not_picked":["Coffee Dripper","Nuclear Battery"],"picked":"Snecko Eye"},{"not_picked":["Philosopher\u0027s Stone","White Beast Statue"],"picked":"Fusion Hammer"}],"items_purged_floors":[22,38,47],"is_endless":false,"potions_floor_spawned":[3,14,16,20,24,25,30,33,37,39,44],"ascension_level":5}