{"gold_per_floor":[211,211,231,31,50,50,62,62,62,73,73,91,147,176,176,273,273,289,204,239,250,30,30,30,30,54,74,74,93,93,93,93,194,194,212,226,226,237,252,252,252,267,341,369,369,382,382,401,401,401],"floor_reached":51,"playtime":3075,"items_purged":["Masterful Stab"],"score":704,"play_id":"fc4cb5d8-d3d4-47b0-b45b-ff1abf7a94b0","local_time":"20190719230018","is_ascension_mode":false,"campfire_choices":[{"data":"Neutralize","floor":6,"key":"SMITH"},{"data":"Deadly Poison","floor":8,"key":"SMITH"},{"data":"Dagger Spray","floor":11,"key":"SMITH"},{"floor":15,"key":"REST"},{"data":"Sucker Punch","floor":23,"key":"SMITH"},{"data":"Dash","floor":25,"key":"SMITH"},{"data":"Leg Sweep","floor":28,"key":"SMITH"},{"data":"Dodge and Roll","floor":30,"key":"SMITH"},{"data":"Backflip","floor":32,"key":"SMITH"},{"data":"Burst","floor":40,"key":"SMITH"},{"data":"Madness","floor":45,"key":"SMITH"},{"data":"Madness","floor":47,"key":"SMITH"},{"floor":49,"key":"REST"}],"neow_cost":"NONE","seed_source_timestamp":770054800764199,"circlet_count":0,"master_deck":["Survivor","Neutralize+1","Dagger Spray+1","Sucker Punch+1","Deadly Poison+1","Adrenaline","Footwork+1","Noxious Fumes+1","After Image+1","Dash+1","After Image+1","Leg Sweep+1","Caltrops+1","After Image+1","Flying Knee","Backflip+1","Flying Knee","Cloak And Dagger+1","PiercingWail+1","Bane+1","Dodge and Roll+1","Burst+1","Footwork+1","Backflip+1","Madness+1","Madness+1","Caltrops+1","Leg Sweep+1","PiercingWail"],"relics":["Ring of the Snake","Happy Flower","Darkstone Periapt","Frozen Egg 2","Anchor","Pandora\u0027s Box","Molten Egg 2","Red Mask","Potion Belt","Snake Skull","Velvet Choker","Bottled Tornado","Calipers"],"potions_floor_usage":[14,20,50,50,50,50,50],"damage_taken":[{"damage":0,"enemies":"Small Slimes","floor":1,"turns":4},{"damage":0,"enemies":"2 Louse","floor":3,"turns":3},{"damage":0,"enemies":"Cultist","floor":5,"turns":3},{"damage":0,"enemies":"Exordium Wildlife","floor":7,"turns":3},{"damage":8,"enemies":"Lots of Slimes","floor":10,"turns":4},{"damage":5,"enemies":"2 Fungi Beasts","floor":12,"turns":3},{"damage":12,"enemies":"Gremlin Nob","floor":13,"turns":3},{"damage":7,"enemies":"Lagavulin","floor":14,"turns":5},{"damage":17,"enemies":"Hexaghost","floor":16,"turns":10},{"damage":0,"enemies":"3 Byrds","floor":18,"turns":3},{"damage":0,"enemies":"Masked Bandits","floor":20,"turns":3},{"damage":0,"enemies":"Shell Parasite","floor":21,"turns":4},{"damage":0,"enemies":"Cultist and Chosen","floor":27,"turns":5},{"damage":0,"enemies":"Centurion and Healer","floor":29,"turns":7},{"damage":0,"enemies":"Champ","floor":33,"turns":13},{"damage":0,"enemies":"3 Darklings","floor":35,"turns":7},{"damage":0,"enemies":"3 Shapes","floor":36,"turns":6},{"damage":0,"enemies":"Writhing Mass","floor":38,"turns":7},{"damage":0,"enemies":"Maw","floor":39,"turns":7},{"damage":0,"enemies":"Jaw Worm Horde","floor":42,"turns":5},{"damage":8,"enemies":"Reptomancer","floor":44,"turns":7},{"damage":0,"enemies":"Spire Growth","floor":46,"turns":6},{"damage":0,"enemies":"3 Darklings","floor":48,"turns":5},{"damage":6,"enemies":"Donu and Deca","floor":50,"turns":10}],"seed_played":"7252534113808287725","potions_obtained":[{"floor":3,"key":"GhostInAJar"},{"floor":10,"key":"Energy Potion"},{"floor":12,"key":"SteroidPotion"},{"floor":13,"key":"LiquidBronze"},{"floor":14,"key":"PowerPotion"},{"floor":36,"key":"Dexterity Potion"},{"floor":38,"key":"Weak Potion"},{"floor":39,"key":"SteroidPotion"},{"floor":44,"key":"Strength Potion"}],"is_trial":false,"path_per_floor":["M","?","M","$","M","R","M","R","T","M","R","M","?","E","R","B",null,"M","?","?","M","$","R","$","R","T","M","R","M","R","?","R","B",null,"M","M","?","M","M","R","?","M","T","E","R","M","R","M","R","B",null],"character_chosen":"THE_SILENT","items_purchased":["Happy Flower","Sucker Punch","Potion Belt"],"campfire_rested":2,"item_purchase_floors":[4,4,22],"current_hp_per_floor":[70,70,70,70,70,70,70,70,70,62,62,57,45,38,59,42,70,70,70,70,70,70,70,70,70,70,70,70,70,70,70,70,70,70,70,70,70,70,70,70,61,61,61,53,53,53,53,53,70,64],"gold":401,"neow_bonus":"HUNDRED_GOLD","is_prod":false,"is_daily":false,"chose_seed":false,"campfire_upgraded":11,"win_rate":0,"timestamp":1563591618,"path_taken":["M","?","M","$","M","R","M","R","T","M","R","M","?","E","R","BOSS","M","?","?","M","$","R","$","R","T","M","R","M","R","?","R","BOSS","M","?","?","?","M","R","?","M","T","E","R","M","R","M","R","BOSS"],"build_version":"2019-07-17","purchased_purges":1,"victory":true,"max_hp_per_floor":[70,70,70,70,70,70,70,70,70,70,70,70,70,70,70,70,70,70,70,70,70,70,70,70,70,70,70,70,70,70,70,70,70,70,70,70,70,70,70,70,70,70,70,70,70,70,70,70,70,70],"card_choices":[{"not_picked":["Cloak And Dagger","Quick Slash"],"picked":"Dagger Spray","floor":1},{"not_picked":["Dagger Spray","Finisher","Bane"],"picked":"SKIP","floor":3},{"not_picked":["Concentrate","Outmaneuver","Slice"],"picked":"SKIP","floor":5},{"not_picked":["Riddle With Holes","Quick Slash"],"picked":"Deadly Poison","floor":7},{"not_picked":["Prepared","Acrobatics","Concentrate"],"picked":"SKIP","floor":10},{"not_picked":["Expertise","Distraction"],"picked":"Adrenaline","floor":12},{"not_picked":["Flying Knee","Cloak And Dagger"],"picked":"Footwork","floor":13},{"not_picked":["Flying Knee","Predator"],"picked":"Noxious Fumes+1","floor":14},{"not_picked":["Unload","Envenom+1"],"picked":"After Image+1","floor":16},{"not_picked":["Underhanded Strike","Acrobatics+1"],"picked":"Cloak And Dagger+1","floor":18},{"not_picked":["Reflex","Noxious Fumes+1"],"picked":"PiercingWail+1","floor":21},{"not_picked":["Finisher+1","Quick Slash+1"],"picked":"Bane+1","floor":27},{"not_picked":["Sucker Punch+1","Dagger Spray+1"],"picked":"Dodge and Roll","floor":29},{"not_picked":["Venomology","Adrenaline"],"picked":"Burst","floor":33},{"not_picked":["Poisoned Stab+1","Underhanded Strike+1","Dagger Spray+1"],"picked":"SKIP","floor":35},{"not_picked":["Eviscerate+1","Underhanded Strike+1"],"picked":"Footwork+1","floor":36},{"not_picked":["Quick Slash+1","Deflect+1","Acrobatics+1"],"picked":"SKIP","floor":38},{"not_picked":["Underhanded Strike+1","Storm of Steel"],"picked":"Backflip+1","floor":39},{"not_picked":["Flying Knee+1","Cloak And Dagger+1"],"picked":"Caltrops+1","floor":42},{"not_picked":["Backflip+1","Noxious Fumes+1"],"picked":"Leg Sweep+1","floor":44},{"not_picked":["Dagger Spray+1","Accuracy+1"],"picked":"PiercingWail","floor":46},{"not_picked":["Escape Plan","Bane+1","Infinite Blades+1"],"picked":"SKIP","floor":48}],"player_experience":4051543,"relics_obtained":[{"floor":9,"key":"Darkstone Periapt"},{"floor":13,"key":"Frozen Egg 2"},{"floor":14,"key":"Anchor"},{"floor":20,"key":"Red Mask"},{"floor":26,"key":"Snake Skull"},{"floor":43,"key":"Bottled Tornado"},{"floor":44,"key":"Calipers"}],"event_choices":[{"damage_healed":0,"gold_gain":0,"cards_transformed":["Strike_G"],"player_choice":"Change","damage_taken":0,"max_hp_gain":0,"max_hp_loss":0,"event_name":"Living Wall","floor":2,"gold_loss":0,"cards_obtained":["Masterful Stab"]},{"damage_healed":0,"gold_gain":30,"player_choice":"Searched \u00272\u0027 times","damage_taken":0,"max_hp_gain":0,"max_hp_loss":0,"event_name":"Dead Adventurer","floor":13,"gold_loss":0},{"damage_healed":0,"gold_gain":0,"player_choice":"Obtained Relic","damage_taken":0,"relics_obtained":["Molten Egg 2"],"max_hp_gain":0,"max_hp_loss":0,"event_name":"Addict","floor":19,"gold_loss":85},{"damage_healed":0,"gold_gain":0,"player_choice":"Fought Bandits","damage_taken":0,"max_hp_gain":0,"max_hp_loss":0,"event_name":"Masked Bandits","floor":20,"gold_loss":0},{"cards_removed":["Tactician"],"damage_healed":0,"gold_gain":0,"player_choice":"Purged","damage_taken":0,"max_hp_gain":0,"max_hp_loss":0,"event_name":"Purifier","floor":31,"gold_loss":0},{"damage_healed":0,"gold_gain":0,"player_choice":"Ignored","damage_taken":0,"max_hp_gain":0,"max_hp_loss":0,"event_name":"Transmorgrifier","floor":37,"gold_loss":0},{"damage_healed":0,"gold_gain":0,"player_choice":"Embrace Madness","damage_taken":9,"max_hp_gain":0,"max_hp_loss":0,"event_name":"Winding Halls","floor":41,"gold_loss":0,"cards_obtained":["Madness","Madness"]}],"is_beta":false,"boss_relics":[{"not_picked":["Ring of the Serpent","Tiny House"],"picked":"Pandora\u0027s Box"},{"not_picked":["Empty Cage","Orrery"],"picked":"Velvet Choker"}],"items_purged_floors":[22],"is_endless":false,"potions_floor_spawned":[3,10,12,13,14,36,38,39,44],"ascension_level":0}