{"gold_per_floor":[144,144,189,189,189,279,324,324,399,444,444,534,579,579,579,904,904,953,243,203,252,301,399,448,30,105,105,195,240,240,10,10,310,310,355,400,14,59,23,68,158,0,50,140,140,185,185,275,275,275],"floor_reached":51,"playtime":8067,"items_purged":["Regret"],"score":985,"play_id":"21c4811b-ff7a-4de4-8421-ae4ccb9a3a1a","local_time":"20181213125311","daily_mods":["Insanity","Diverse","Midas"],"is_ascension_mode":false,"campfire_choices":[{"floor":8,"key":"REST"},{"floor":15,"key":"REST"},{"floor":32,"key":"REST"},{"floor":47,"key":"REST"},{"floor":49,"key":"REST"}],"neow_cost":"","seed_source_timestamp":0,"circlet_count":0,"master_deck":["Steam","Static Discharge","Streamline","Body Slam","Heavy Blade","Rage","Sucker Punch","Ball Lightning","Chaos","Battle Trance","Go for the Eyes","Defragment","Rebound","Sentinel","Cloak And Dagger","True Grit","Cleave+1","Headbutt","Dagger Spray","Deflect+1","Heatsinks","Tactician+1","Clash","Rampage+1","Dagger Spray","Ball Lightning","Rupture","Twin Strike","Concentrate","All Out Attack","Sword Boomerang","Leg Sweep","Clash","Reflex","Carnage","PiercingWail","True Grit","Anger","Sweeping Beam","Go for the Eyes","Cloak And Dagger","Clash","Go for the Eyes","Thunderclap","Iron Wave","Flex","Cold Snap","Underhanded Strike","Pommel Strike","Battle Trance","Stack+1","Footwork","Distraction+1","Clothesline+1","Adrenaline+1","Backflip+1","Outmaneuver+1","Bandage Up+1","Havoc+1","Fusion+1","Reboot+1","Apotheosis+1","Escape Plan+1","Aggregate+1","Stack+1","Expertise+1","Immolate+1","Apotheosis+1","Stack+1","Dodge and Roll+1","Distraction+1","Escape Plan+1","Clumsy","Shrug It Off+1","Trip+1"],"special_seed":17878,"relics":["Cracked Core","DataDisk","Toxic Egg 2","Molten Egg 2","The Courier","Bloody Idol","Cursed Key","Sling","Strawberry","War Paint","Anchor","Oddly Smooth Stone","Kunai","Singing Bowl","Lantern","Blood Vial","Busted Crown","Dead Branch","Dodecahedron","Red Mask","Ancient Tea Set","Pen Nib","Letter Opener"],"potions_floor_usage":[12,13,23,28,29,33,38,50,50,50],"damage_taken":[{"damage":0,"enemies":"Cultist","floor":1,"turns":2},{"damage":11,"enemies":"Jaw Worm","floor":3,"turns":2},{"damage":7,"enemies":"3 Sentries","floor":6,"turns":5},{"damage":0,"enemies":"2 Louse","floor":7,"turns":2},{"damage":0,"enemies":"2 Fungi Beasts","floor":10,"turns":2},{"damage":2,"enemies":"Gremlin Nob","floor":12,"turns":3},{"damage":8,"enemies":"Lots of Slimes","floor":13,"turns":3},{"damage":2,"enemies":"Slime Boss","floor":16,"turns":6},{"damage":0,"enemies":"3 Byrds","floor":18,"turns":3},{"damage":1,"enemies":"Chosen","floor":21,"turns":5},{"damage":9,"enemies":"Centurion and Healer","floor":22,"turns":7},{"damage":33,"enemies":"Gremlin Leader","floor":23,"turns":7},{"damage":9,"enemies":"Shelled Parasite and Fungi","floor":24,"turns":7},{"damage":16,"enemies":"Book of Stabbing","floor":28,"turns":4},{"damage":14,"enemies":"Snake Plant","floor":29,"turns":4},{"damage":40,"enemies":"Automaton","floor":33,"turns":8},{"damage":0,"enemies":"3 Darklings","floor":35,"turns":5},{"damage":0,"enemies":"3 Shapes","floor":36,"turns":4},{"damage":37,"enemies":"Maw","floor":38,"turns":6},{"damage":0,"enemies":"Jaw Worm Horde","floor":40,"turns":4},{"damage":4,"enemies":"Nemesis","floor":41,"turns":5},{"damage":0,"enemies":"Giant Head","floor":44,"turns":6},{"damage":0,"enemies":"Sphere and 2 Shapes","floor":46,"turns":3},{"damage":0,"enemies":"Reptomancer","floor":48,"turns":4},{"damage":29,"enemies":"Awakened One","floor":50,"turns":8}],"seed_played":"3805616008344582857","potions_obtained":[{"floor":7,"key":"PowerPotion"},{"floor":10,"key":"SteroidPotion"},{"floor":12,"key":"Swift Potion"},{"floor":13,"key":"FocusPotion"},{"floor":21,"key":"Regen Potion"},{"floor":24,"key":"Energy Potion"},{"floor":33,"key":"Ancient Potion"},{"floor":36,"key":"Fire Potion"},{"floor":38,"key":"SteroidPotion"},{"floor":44,"key":"EssenceOfSteel"},{"floor":46,"key":"Dexterity Potion"}],"is_trial":false,"path_per_floor":["M","$","M","$","?","E","M","R","T","M","?","E","M","?","R","B",null,"M","$","?","M","M","E","M","$","T","?","E","M","?","$","R","B",null,"M","M","$","M","$","M","E","?","T","E","?","M","R","E","R","B",null],"character_chosen":"DEFECT","items_purchased":["Backflip+1","Sling","Strawberry","War Paint","Anchor","Outmaneuver+1","Bandage Up+1","Apotheosis+1","Kunai","Escape Plan+1","Stack+1","Blood Vial","Block Potion","Expertise+1","Dead Branch","Apotheosis+1","Dodge and Roll+1"],"campfire_rested":5,"item_purchase_floors":[19,19,19,19,19,19,19,25,25,25,31,31,31,31,37,37,39],"current_hp_per_floor":[75,75,64,64,64,57,57,75,75,75,75,73,65,47,69,67,75,75,82,82,81,78,62,59,59,59,59,48,41,41,41,66,39,84,86,88,88,62,62,75,84,84,88,88,88,90,90,92,92,63],"gold":275,"neow_bonus":"","is_prod":false,"is_daily":true,"chose_seed":false,"campfire_upgraded":0,"win_rate":0,"timestamp":1544723591,"path_taken":["M","$","M","$","?","E","M","R","T","M","?","E","?","?","R","BOSS","M","$","?","?","M","E","M","$","T","?","E","M","?","$","R","BOSS","M","M","$","?","$","M","E","?","T","E","?","M","R","E","R","BOSS"],"build_version":"2018-12-06","purchased_purges":1,"victory":true,"max_hp_per_floor":[75,75,75,75,75,75,75,75,75,75,75,75,75,75,75,75,75,75,82,82,82,82,82,82,82,82,82,82,84,84,84,84,84,84,86,88,88,88,88,88,88,88,88,88,88,90,90,92,92,92],"card_choices":[{"not_picked":["Pommel Strike","Hologram","Clothesline"],"picked":"SKIP","floor":1},{"not_picked":["Ball Lightning","Deflect"],"picked":"Battle Trance","floor":3},{"not_picked":["Brutality","Anger"],"picked":"Stack","floor":6},{"not_picked":["Chaos+1","Distraction+1"],"picked":"Footwork","floor":7},{"not_picked":["Heavy Blade+1","Blade Dance+1","Finisher+1"],"picked":"SKIP","floor":10},{"not_picked":["Electrodynamics","All Out Attack+1"],"picked":"Distraction+1","floor":12},{"not_picked":["Riddle With Holes+1","Iron Wave+1"],"picked":"Clothesline+1","floor":13},{"not_picked":["Meteor Strike+1","Demon Form"],"picked":"Adrenaline+1","floor":16},{"not_picked":["Sucker Punch+1","Dagger Spray+1","Endless Agony+1"],"picked":"SKIP","floor":18},{"not_picked":["Barrage+1","Body Slam+1"],"picked":"Havoc+1","floor":21},{"not_picked":["Dagger Throw+1","Twin Strike+1","Hemokinesis+1"],"picked":"SKIP","floor":22},{"not_picked":["Poisoned Stab+1","Underhanded Strike+1"],"picked":"Fusion+1","floor":23},{"not_picked":["Recycle+1","Flex+1"],"picked":"Reboot+1","floor":24},{"not_picked":["Barrage+1","Streamline+1"],"picked":"Aggregate+1","floor":28},{"not_picked":["Cold Snap+1","Second Wind+1","Coolheaded+1"],"picked":"Singing Bowl","floor":29},{"not_picked":["Double Tap+1","Juggernaut"],"picked":"Immolate+1","floor":33},{"not_picked":["Clash+1"],"picked":"Singing Bowl","floor":35},{"not_picked":["Rip and Tear+1"],"picked":"Singing Bowl","floor":36},{"not_picked":[],"picked":"Stack+1","floor":38},{"not_picked":[],"picked":"Distraction+1","floor":40},{"not_picked":[],"picked":"Escape Plan+1","floor":41},{"not_picked":[],"picked":"Shrug It Off+1","floor":44},{"not_picked":["Dropkick+1"],"picked":"Singing Bowl","floor":46},{"not_picked":["Blood for Blood+1"],"picked":"Singing Bowl","floor":48}],"player_experience":2848634,"relics_obtained":[{"floor":6,"key":"Toxic Egg 2"},{"floor":9,"key":"Molten Egg 2"},{"floor":12,"key":"The Courier"},{"floor":23,"key":"Oddly Smooth Stone"},{"floor":26,"key":"Singing Bowl"},{"floor":28,"key":"Lantern"},{"floor":41,"key":"Dodecahedron"},{"floor":43,"key":"Ancient Tea Set"},{"floor":44,"key":"Pen Nib"},{"floor":48,"key":"Letter Opener"}],"event_choices":[{"damage_healed":0,"gold_gain":0,"player_choice":"Box","damage_taken":0,"relics_obtained":["DataDisk"],"max_hp_gain":0,"max_hp_loss":0,"event_name":"Big Fish","floor":5,"gold_loss":0,"cards_obtained":["Regret"]},{"cards_removed":["Storm"],"damage_healed":0,"gold_gain":0,"player_choice":"Offered Uncommon","damage_taken":0,"max_hp_gain":0,"max_hp_loss":0,"event_name":"Bonfire Elementals","floor":11,"gold_loss":0},{"damage_healed":0,"gold_gain":0,"player_choice":"Take Damage","damage_taken":18,"relics_obtained":["Golden Idol"],"max_hp_gain":0,"max_hp_loss":0,"event_name":"Golden Idol","floor":14,"gold_loss":0},{"damage_healed":0,"gold_gain":0,"player_choice":"Upgraded Two","damage_taken":0,"max_hp_gain":0,"max_hp_loss":0,"event_name":"Designer","floor":20,"gold_loss":40,"cards_upgraded":["Rampage","Cleave"]},{"damage_healed":0,"gold_gain":0,"player_choice":"Gave Idol","damage_taken":0,"relics_obtained":["Bloody Idol"],"max_hp_gain":0,"max_hp_loss":0,"event_name":"Forgotten Altar","floor":27,"relics_lost":["Golden Idol"],"gold_loss":0},{"cards_removed":["Writhe"],"damage_healed":0,"gold_gain":0,"player_choice":"Purged","damage_taken":0,"max_hp_gain":0,"max_hp_loss":0,"event_name":"Purifier","floor":30,"gold_loss":0},{"damage_healed":0,"gold_gain":0,"player_choice":"Paid","damage_taken":0,"relics_obtained":["Red Mask"],"max_hp_gain":0,"max_hp_loss":0,"event_name":"Tomb of Lord Red Mask","floor":42,"gold_loss":158},{"damage_healed":0,"gold_gain":0,"player_choice":"1 cards matched","damage_taken":0,"max_hp_gain":0,"max_hp_loss":0,"event_name":"Match and Keep!","floor":45,"gold_loss":0,"cards_obtained":["Trip"]}],"is_beta":false,"boss_relics":[{"not_picked":["Velvet Choker","Orrery"],"picked":"Cursed Key"},{"not_picked":["Philosopher\u0027s Stone","FrozenCore"],"picked":"Busted Crown"}],"items_purged_floors":[19],"is_endless":false,"potions_floor_spawned":[7,10,12,13,21,24,33,36,38,44,46],"ascension_level":0}