{"gold_per_floor":[115,127,202,238,254,254,307,307,307,307,140,140,44,75,75,152,152,170,182,182,207,234,234,269,269,295,21,21,21,31,31,31,31],"floor_reached":33,"playtime":823,"items_purged":[],"score":693,"play_id":"a407e6ed-9f0f-41ec-9d5f-32f8a5067f22","local_time":"20190610172753","daily_mods":["Allstar","Hoarder","Binary"],"is_ascension_mode":true,"campfire_choices":[{"data":"Magnetism","floor":6.0,"key":"SMITH"},{"data":"Magnetism","floor":8.0,"key":"SMITH"},{"data":"Magnetism","floor":10.0,"key":"SMITH"},{"data":"Dramatic Entrance","floor":12.0,"key":"SMITH"},{"data":"Mind Blast","floor":15.0,"key":"SMITH"},{"data":"Mind Blast","floor":23,"key":"SMITH"},{"data":"Mind Blast","floor":25,"key":"SMITH"},{"data":"Madness","floor":28,"key":"SMITH"},{"floor":32,"key":"REST"}],"neow_cost":"","seed_source_timestamp":0,"circlet_count":0,"master_deck":["AscendersBane","Defend_G","Defend_G","Defend_G","Defend_G","Defend_G","Strike_G","Strike_G","Strike_G","Strike_G","Strike_G","Survivor","Neutralize","Secret Weapon","Secret Weapon","Secret Weapon","Magnetism+1","Magnetism+1","Magnetism+1","Forethought","Forethought","Forethought","Dramatic Entrance","Dramatic Entrance","Dramatic Entrance+1","Discovery","Discovery","Discovery","Acrobatics","Acrobatics","Acrobatics","Calculated Gamble","Calculated Gamble","Calculated Gamble","Mind Blast+1","Mind Blast+1","Mind Blast+1","Dagger Throw","Dagger Throw","Dagger Throw","Bullet Time","Bullet Time","Bullet Time","Deflect","Deflect","Deflect","Flechettes","Flechettes","Flechettes","Deflect","Deflect","Deflect","Predator","Predator","Predator","Acrobatics","Acrobatics","Acrobatics","Blur+1","Blur+1","Blur+1","Dash","Dash","Dash","Madness","Madness","Madness+1","Discovery","Discovery","Discovery","Finesse","Finesse","Finesse","After Image","After Image","After Image"],"special_seed":0,"relics":["Ring of the Snake","Tiny Chest","Singing Bowl","Oddly Smooth Stone","Bronze Scales","Orrery","Anchor","Red Mask","Orichalcum","Dream Catcher","Membership Card"],"potions_floor_usage":[33,33],"damage_taken":[{"damage":0.0,"enemies":"Small Slimes","floor":1.0,"turns":2.0},{"damage":0.0,"enemies":"2 Louse","floor":2.0,"turns":2.0},{"damage":4.0,"enemies":"Jaw Worm","floor":4.0,"turns":4.0},{"damage":0.0,"enemies":"Looter","floor":5.0,"turns":1.0},{"damage":2.0,"enemies":"3 Sentries","floor":14.0,"turns":4.0},{"damage":18,"enemies":"Slime Boss","floor":16,"turns":6},{"damage":0,"enemies":"Shell Parasite","floor":18,"turns":1},{"damage":0,"enemies":"2 Thieves","floor":19,"turns":1},{"damage":0,"enemies":"Masked Bandits","floor":22,"turns":2},{"damage":0,"enemies":"Slavers","floor":24,"turns":3},{"damage":0,"enemies":"Snecko","floor":30,"turns":1},{"damage":88,"enemies":"Champ","floor":33,"turns":6}],"seed_played":"-2039404856989852661","potions_obtained":[{"floor":2.0,"key":"Block Potion"},{"floor":4.0,"key":"SkillPotion"},{"floor":14.0,"key":"Weak Potion"}],"is_trial":true,"path_per_floor":["M","M","?","M","M","R","T","R","T","R","$","R","$","E","R","B",null,"M","M","?","T","?","R","E","R","T","$","R","?","M","?","R","B"],"character_chosen":"THE_SILENT","items_purchased":["Oddly Smooth Stone","Mind Blast","Membership Card","Madness"],"campfire_rested":1,"item_purchase_floors":[11,13,27,27],"current_hp_per_floor":[59,59,48,44,44,44,44,44,44,44,44,44,44,42,42,24,62,62,62,62,62,62,62,62,62,62,62,62,41,43,43,65,0],"gold":31,"neow_bonus":"","is_prod":false,"is_daily":false,"chose_seed":false,"campfire_upgraded":8,"win_rate":0,"timestamp":1560184073,"path_taken":["M","M","?","M","M","R","?","R","T","R","?","R","?","E","R","BOSS","M","M","?","?","?","R","E","R","T","$","R","?","?","?","R","BOSS"],"build_version":"2019-01-23","purchased_purges":0,"victory":false,"max_hp_per_floor":[66,66,66,66,66,66,66,66,66,66,66,66,66,66,66,66,72,72,72,72,72,72,72,72,72,72,72,72,72,74,74,74,74],"card_choices":[{"not_picked":["Well Laid Plans"],"picked":"Acrobatics","floor":1.0},{"not_picked":["Bane","Finisher"],"picked":"SKIP","floor":2.0},{"not_picked":["Slice"],"picked":"Calculated Gamble","floor":4.0},{"not_picked":["Prepared","Outmaneuver"],"picked":"SKIP","floor":5.0},{"not_picked":["Poisoned Stab"],"picked":"Dagger Throw","floor":14.0},{"not_picked":["Night Terror"],"picked":"Bullet Time","floor":16},{"not_picked":["Accuracy"],"picked":"Deflect","floor":17},{"not_picked":["Dagger Spray"],"picked":"Flechettes","floor":17},{"not_picked":["Bane","Masterful Stab"],"picked":"Singing Bowl","floor":17},{"not_picked":["Riddle With Holes","Deadly Poison"],"picked":"Singing Bowl","floor":17},{"not_picked":["Tactician","Finisher"],"picked":"Singing Bowl","floor":17},{"not_picked":["Slice"],"picked":"Deflect","floor":18},{"not_picked":["Poisoned Stab+1"],"picked":"Predator","floor":19},{"not_picked":["Flechettes"],"picked":"Blur+1","floor":22},{"not_picked":["Infinite Blades"],"picked":"Dash","floor":24},{"not_picked":["Cloak And Dagger","Tactician"],"picked":"Singing Bowl","floor":30},{"not_picked":["Cloak And Dagger+1"],"picked":"After Image","floor":32}],"player_experience":882198,"relics_obtained":[{"floor":7.0,"key":"Tiny Chest"},{"floor":9.0,"key":"Singing Bowl"},{"floor":14.0,"key":"Bronze Scales"},{"floor":21,"key":"Anchor"},{"floor":22,"key":"Red Mask"},{"floor":24,"key":"Orichalcum"},{"floor":26,"key":"Dream Catcher"}],"event_choices":[{"damage_healed":0.0,"max_hp_gain":0.0,"max_hp_loss":0.0,"gold_gain":75.0,"event_name":"World of Goop","player_choice":"Gather Gold","floor":3.0,"gold_loss":0.0,"damage_taken":11.0},{"damage_healed":0,"gold_gain":0,"player_choice":"Read","damage_taken":0,"max_hp_gain":0,"max_hp_loss":0,"event_name":"The Library","floor":20,"gold_loss":0,"cards_obtained":["Acrobatics"]},{"damage_healed":0,"gold_gain":0,"player_choice":"Fought Bandits","damage_taken":0,"max_hp_gain":0,"max_hp_loss":0,"event_name":"Masked Bandits","floor":22,"gold_loss":0},{"damage_healed":0,"gold_gain":0,"player_choice":"CARD CARD ","damage_taken":21,"max_hp_gain":0,"max_hp_loss":0,"event_name":"Knowing Skull","floor":29,"potions_obtained":[],"gold_loss":0,"cards_obtained":["Discovery","Finesse"]},{"damage_healed":0,"gold_gain":0,"player_choice":"Ignored","damage_taken":0,"max_hp_gain":0,"max_hp_loss":0,"event_name":"Purifier","floor":31,"gold_loss":0}],"is_beta":false,"boss_relics":[{"not_picked":["Ring of the Serpent","Philosopher\u0027s Stone"],"picked":"Orrery"}],"items_purged_floors":[],"is_endless":false,"potions_floor_spawned":[2,4,14,18],"killed_by":"Champ","ascension_level":20}