{"gold_per_floor":[212,18,30,46,121,156,171,186,209,221,42,55,85,85,85,184,184,201,5,19,19,34,34,64,64,64,80,80,95,109,109,109,212,212,223,242,260,275,292,292,305,305,305,305,337,337,354,354],"floor_reached":48,"playtime":3779,"items_purged":["Strike_G","Strike_G","Reflex"],"score":573,"play_id":"a43b1037-183e-41c3-82a2-2b651c62bf53","local_time":"20190623153624","is_ascension_mode":false,"campfire_choices":[{"floor":10,"key":"REST"},{"floor":15,"key":"REST"},{"floor":23,"key":"REST"},{"floor":28,"key":"REST"},{"data":"Burst","floor":32,"key":"SMITH"},{"floor":40,"key":"REST"},{"floor":42,"key":"REST"},{"floor":46,"key":"REST"}],"neow_cost":"NONE","seed_source_timestamp":916077177723824,"circlet_count":0,"master_deck":["Survivor","Neutralize","Deadly Poison","Footwork","Dodge and Roll","After Image","Dodge and Roll","Footwork","Calculated Gamble","Backflip","Footwork","Bane","Flying Knee","Bane","Burst+1","Riddle With Holes","Bouncing Flask","Phantasmal Killer","Bane","Bane","Escape Plan","Deflect","PiercingWail","PiercingWail","Wraith Form v2","Caltrops","Backflip","Dagger Spray+1","Footwork","Malaise","Well Laid Plans+1","Deadly Poison+1","Escape Plan+1","Prepared+1","Noxious Fumes+1"],"relics":["Ring of the Snake","Pocketwatch","MawBank","Smiling Mask","Pandora\u0027s Box","Oddly Smooth Stone","Vajra","Incense Burner","Snecko Eye","Shuriken","Singing Bowl"],"potions_floor_usage":[12,13,16,33,39,47,48],"damage_taken":[{"damage":0,"enemies":"Cultist","floor":1,"turns":3},{"damage":0,"enemies":"Small Slimes","floor":3,"turns":3},{"damage":0,"enemies":"2 Louse","floor":4,"turns":4},{"damage":10,"enemies":"Lagavulin","floor":6,"turns":9},{"damage":14,"enemies":"Gremlin Gang","floor":7,"turns":7},{"damage":3,"enemies":"2 Fungi Beasts","floor":8,"turns":5},{"damage":11,"enemies":"Lots of Slimes","floor":12,"turns":3},{"damage":13,"enemies":"Gremlin Nob","floor":13,"turns":4},{"damage":4,"enemies":"The Guardian","floor":16,"turns":11},{"damage":11,"enemies":"Shell Parasite","floor":18,"turns":5},{"damage":0,"enemies":"Spheric Guardian","floor":20,"turns":2},{"damage":8,"enemies":"Colosseum Slavers","floor":21,"turns":6},{"damage":16,"enemies":"Cultist and Chosen","floor":22,"turns":8},{"damage":18,"enemies":"Slavers","floor":24,"turns":9},{"damage":2,"enemies":"Snecko","floor":27,"turns":6},{"damage":11,"enemies":"Sentry and Sphere","floor":29,"turns":7},{"damage":0,"enemies":"Shelled Parasite and Fungi","floor":30,"turns":6},{"damage":6,"enemies":"Collector","floor":33,"turns":12},{"damage":9,"enemies":"3 Shapes","floor":35,"turns":7},{"damage":9,"enemies":"3 Darklings","floor":36,"turns":7},{"damage":13,"enemies":"Spire Growth","floor":37,"turns":5},{"damage":3,"enemies":"Writhing Mass","floor":38,"turns":9},{"damage":2,"enemies":"4 Shapes","floor":39,"turns":9},{"damage":26,"enemies":"Spire Growth","floor":41,"turns":7},{"damage":29,"enemies":"Nemesis","floor":45,"turns":9},{"damage":26,"enemies":"Sphere and 2 Shapes","floor":47,"turns":7},{"damage":24,"enemies":"3 Darklings","floor":48,"turns":2}],"seed_played":"7214424869630522828","potions_obtained":[{"floor":4,"key":"PowerPotion"},{"floor":8,"key":"Explosive Potion"},{"floor":12,"key":"Poison Potion"},{"floor":13,"key":"Fire Potion"},{"floor":24,"key":"SpeedPotion"},{"floor":29,"key":"Swift Potion"},{"floor":30,"key":"Ancient Potion"},{"floor":36,"key":"Strength Potion"},{"floor":37,"key":"LiquidBronze"},{"floor":45,"key":"Swift Potion"}],"is_trial":false,"path_per_floor":["M","$","M","M","?","E","M","M","T","R","$","M","E","?","R","B",null,"M","$","M","?","M","R","E","?","T","M","R","M","M","?","R","B",null,"M","M","M","M","M","R","M","R","T","?","E","R","M","M"],"character_chosen":"THE_SILENT","items_purchased":["Footwork","Dodge and Roll","Footwork","Bane","Oddly Smooth Stone"],"campfire_rested":7,"item_purchase_floors":[2,2,11,11,19],"current_hp_per_floor":[70,70,70,70,59,49,35,32,32,53,53,42,29,29,50,46,70,59,59,59,51,35,56,38,38,38,36,57,46,46,46,46,40,70,61,52,39,36,34,55,29,50,50,50,21,42,18,0],"gold":354,"neow_bonus":"HUNDRED_GOLD","is_prod":false,"is_daily":false,"chose_seed":false,"campfire_upgraded":1,"win_rate":0,"timestamp":1561318584,"path_taken":["M","$","M","M","?","E","M","M","T","R","$","M","E","?","R","BOSS","M","$","M","?","M","R","E","?","T","M","R","?","M","?","R","BOSS","M","M","M","?","M","R","M","R","T","?","E","R","?","M"],"build_version":"2019-01-23","purchased_purges":3,"victory":false,"max_hp_per_floor":[70,70,70,70,70,70,70,70,70,70,70,70,70,70,70,70,70,70,70,70,70,70,70,70,70,70,70,70,70,70,70,70,70,70,70,70,70,70,70,70,70,70,70,70,70,70,72,72],"card_choices":[{"not_picked":["Dodge and Roll","Outmaneuver"],"picked":"Deadly Poison","floor":1},{"not_picked":["Poisoned Stab","Skewer"],"picked":"After Image","floor":3},{"not_picked":["All Out Attack","Finisher"],"picked":"Dodge and Roll","floor":4},{"not_picked":["Poisoned Stab","Slice"],"picked":"Footwork","floor":6},{"not_picked":["Slice","Quick Slash"],"picked":"Calculated Gamble","floor":7},{"not_picked":["Bane","Dodge and Roll"],"picked":"Backflip","floor":8},{"not_picked":["Caltrops","Eviscerate"],"picked":"Flying Knee","floor":12},{"not_picked":["Dodge and Roll","Calculated Gamble"],"picked":"Bane","floor":13},{"not_picked":["Envenom","Adrenaline"],"picked":"Burst","floor":16},{"not_picked":["Quick Slash+1","Dagger Throw"],"picked":"Deflect","floor":18},{"not_picked":["Underhanded Strike","Poisoned Stab"],"picked":"PiercingWail","floor":20},{"not_picked":["Dagger Throw+1","Cloak And Dagger"],"picked":"PiercingWail","floor":22},{"not_picked":["Accuracy","Infinite Blades"],"picked":"Wraith Form v2","floor":24},{"not_picked":["Finisher+1","Dodge and Roll"],"picked":"Backflip","floor":27},{"not_picked":["Blade Dance","Deadly Poison","Slice"],"picked":"SKIP","floor":29},{"not_picked":["Acrobatics","Bane+1"],"picked":"Dagger Spray+1","floor":30},{"not_picked":["Storm of Steel","Burst"],"picked":"Malaise","floor":33},{"not_picked":["Outmaneuver","Deadly Poison+1"],"picked":"Well Laid Plans+1","floor":35},{"not_picked":["Flying Knee","Finisher","Acrobatics"],"picked":"SKIP","floor":36},{"not_picked":["Dagger Spray+1","Caltrops+1"],"picked":"Deadly Poison+1","floor":37},{"not_picked":["Underhanded Strike+1","Slice"],"picked":"Escape Plan+1","floor":38},{"not_picked":["Dagger Spray","Terror"],"picked":"Prepared+1","floor":39},{"not_picked":["Flying Knee+1","Prepared","Poisoned Stab"],"picked":"SKIP","floor":41},{"not_picked":["Finisher","Tactician"],"picked":"Noxious Fumes+1","floor":45},{"not_picked":["Finisher+1","Underhanded Strike","Doppelganger"],"picked":"Singing Bowl","floor":47}],"player_experience":3814664,"relics_obtained":[{"floor":6,"key":"Pocketwatch"},{"floor":9,"key":"MawBank"},{"floor":13,"key":"Smiling Mask"},{"floor":24,"key":"Vajra"},{"floor":26,"key":"Incense Burner"},{"floor":43,"key":"Shuriken"},{"floor":45,"key":"Singing Bowl"}],"event_choices":[{"damage_healed":0,"gold_gain":75,"player_choice":"Gather Gold","damage_taken":11,"max_hp_gain":0,"max_hp_loss":0,"event_name":"World of Goop","floor":5,"gold_loss":0},{"damage_healed":0,"gold_gain":0,"player_choice":"Ignored","damage_taken":0,"max_hp_gain":0,"max_hp_loss":0,"event_name":"Liars Game","floor":14,"gold_loss":0},{"damage_healed":0,"gold_gain":0,"player_choice":"Fight","damage_taken":0,"max_hp_gain":0,"max_hp_loss":0,"event_name":"Colosseum","floor":21,"gold_loss":0},{"damage_healed":0,"gold_gain":0,"player_choice":"Fled From Nobs","damage_taken":0,"max_hp_gain":0,"max_hp_loss":0,"event_name":"Colosseum","floor":21,"gold_loss":0},{"damage_healed":0,"gold_gain":0,"cards_transformed":["All Out Attack"],"player_choice":"Transformed","damage_taken":0,"max_hp_gain":0,"max_hp_loss":0,"event_name":"Transmorgrifier","floor":25,"gold_loss":0,"cards_obtained":["Caltrops"]},{"damage_healed":0,"gold_gain":0,"player_choice":"Copied","damage_taken":0,"max_hp_gain":0,"max_hp_loss":0,"event_name":"Duplicator","floor":31,"gold_loss":0,"cards_obtained":["Footwork"]},{"damage_healed":0,"gold_gain":0,"player_choice":"Ignored","damage_taken":0,"max_hp_gain":0,"max_hp_loss":0,"event_name":"NoteForYourself","floor":44,"gold_loss":0}],"is_beta":false,"boss_relics":[{"not_picked":["Eternal Feather","Velvet Choker"],"picked":"Pandora\u0027s Box"},{"not_picked":["Black Star","Ring of the Serpent"],"picked":"Snecko Eye"}],"items_purged_floors":[2,11,19],"is_endless":false,"potions_floor_spawned":[4,8,12,13,24,29,30,36,37,38,45],"killed_by":"3 Darklings","ascension_level":0}