{"gold_per_floor":[113,6,6,24,38,38,56,56,56,74,109,109,134,134,134,134],"floor_reached":16,"playtime":658,"items_purged":[],"score":245,"play_id":"32d87110-f77d-41b5-a069-ab005ec0d6da","local_time":"20190424103057","is_ascension_mode":true,"campfire_choices":[{"data":"Bash","floor":6,"key":"SMITH"},{"data":"Disarm","floor":8,"key":"SMITH"},{"data":"Feed","floor":15,"key":"SMITH"}],"neow_cost":"NONE","seed_source_timestamp":1264438872450306,"circlet_count":0,"master_deck":["AscendersBane","Strike_R","Strike_R","Strike_R","Strike_R","Strike_R","Defend_R","Defend_R","Defend_R","Defend_R","Bash+1","Heavy Blade","Perfected Strike+1","Anger","Disarm+1","Shrug It Off","Flex","Feed+1"],"relics":["Burning Blood","Strawberry","Pantograph","Singing Bowl"],"potions_floor_usage":[7,13,16],"damage_taken":[{"damage":6,"enemies":"Cultist","floor":1,"turns":3},{"damage":18,"enemies":"Small Slimes","floor":4,"turns":2},{"damage":2,"enemies":"Jaw Worm","floor":5,"turns":3},{"damage":26,"enemies":"Exordium Thugs","floor":7,"turns":4},{"damage":11,"enemies":"Red Slaver","floor":10,"turns":2},{"damage":21,"enemies":"Lagavulin","floor":11,"turns":6},{"damage":8,"enemies":"Gremlin Nob","floor":13,"turns":3},{"damage":77,"enemies":"Hexaghost","floor":16,"turns":13}],"seed_played":"924827413827308388","potions_obtained":[{"floor":4,"key":"BloodPotion"},{"floor":7,"key":"Poison Potion"},{"floor":10,"key":"Fire Potion"}],"is_trial":false,"path_per_floor":["M","$","?","M","M","R","M","R","T","M","E","?","E","?","R","B"],"character_chosen":"IRONCLAD","items_purchased":["Perfected Strike","PowerPotion"],"campfire_rested":0,"item_purchase_floors":[2,2],"current_hp_per_floor":[75,75,75,63,67,67,55,55,62,57,42,42,45,50,50,0],"gold":134,"neow_bonus":"TEN_PERCENT_HP_BONUS","is_prod":false,"is_daily":false,"chose_seed":false,"campfire_upgraded":3,"win_rate":0,"timestamp":1556116257,"path_taken":["M","$","?","?","M","R","M","R","T","M","E","?","E","?","R","BOSS"],"build_version":"2019-01-23","purchased_purges":0,"victory":false,"max_hp_per_floor":[82,82,82,82,82,82,82,82,89,89,89,89,94,99,99,99],"card_choices":[{"not_picked":["Wild Strike","Carnage"],"picked":"Heavy Blade","floor":1},{"not_picked":["Wild Strike","Body Slam"],"picked":"Anger","floor":4},{"not_picked":["Armaments","Body Slam"],"picked":"Disarm","floor":5},{"not_picked":["Flex","Headbutt"],"picked":"Shrug It Off","floor":7},{"not_picked":["Entrench","True Grit"],"picked":"Flex","floor":10},{"not_picked":["Iron Wave","Shockwave"],"picked":"Feed","floor":11},{"not_picked":["Armaments","Perfected Strike","Second Wind"],"picked":"Singing Bowl","floor":13}],"player_experience":3485909,"relics_obtained":[{"floor":9,"key":"Strawberry"},{"floor":11,"key":"Pantograph"},{"floor":13,"key":"Singing Bowl"}],"event_choices":[{"damage_healed":0,"gold_gain":0,"player_choice":"Upgraded","damage_taken":0,"max_hp_gain":0,"max_hp_loss":0,"event_name":"Upgrade Shrine","floor":3,"gold_loss":0,"cards_upgraded":["Perfected Strike"]},{"damage_healed":0,"gold_gain":0,"player_choice":"Ignored","damage_taken":0,"max_hp_gain":0,"max_hp_loss":0,"event_name":"Shining Light","floor":12,"gold_loss":0},{"damage_healed":0,"gold_gain":0,"player_choice":"Donut","damage_taken":0,"max_hp_gain":5,"max_hp_loss":0,"event_name":"Big Fish","floor":14,"gold_loss":0}],"is_beta":false,"boss_relics":[],"items_purged_floors":[],"is_endless":false,"potions_floor_spawned":[4,7,10],"killed_by":"Hexaghost","ascension_level":20}