{"gold_per_floor":[117,137,137,151,151,151,184,184,184,184,202,172,186,203,203,308,308,328,328,347,13,112,112,112,112,112,128,157,157,173,208,208,208],"floor_reached":33,"playtime":2116,"items_purged":[],"score":358,"play_id":"c0b34739-96cc-4f3b-81de-bcaa6cc08507","local_time":"20190720021033","is_ascension_mode":true,"campfire_choices":[{"data":"Neutralize","floor":6.0,"key":"SMITH"},{"floor":10.0,"key":"REST"},{"data":"Dagger Spray","floor":15.0,"key":"SMITH"},{"floor":23.0,"key":"REST"},{"data":"Malaise","floor":25.0,"key":"SMITH"},{"data":"Malaise","floor":32.0,"key":"SMITH"}],"neow_cost":"NONE","seed_source_timestamp":530487994357171,"circlet_count":0,"master_deck":["Strike_G","Strike_G","Strike_G","Strike_G","Strike_G","Defend_G","Defend_G","Defend_G","Defend_G","Defend_G","Survivor","Neutralize+1","Storm of Steel","Dagger Spray+1","Backflip","Flying Knee","Envenom+1","Bouncing Flask","Accuracy","Dodge and Roll","Malaise+1","Dodge and Roll","Quick Slash","PiercingWail","Writhe","Doubt","Malaise+1","Backflip+1","Leg Sweep"],"special_seed":0,"relics":["Ring of the Snake","Dodecahedron","Dream Catcher","Blue Candle","Cursed Key","Enchiridion","Du-Vu Doll","Centennial Puzzle","Lantern","Ginger","Red Mask"],"potions_floor_usage":[33],"damage_taken":[{"damage":5.0,"enemies":"Cultist","floor":1.0,"turns":6.0},{"damage":0.0,"enemies":"Small Slimes","floor":2.0,"turns":3.0},{"damage":2.0,"enemies":"Jaw Worm","floor":4.0,"turns":5.0},{"damage":32.0,"enemies":"Gremlin Nob","floor":7.0,"turns":5.0},{"damage":2.0,"enemies":"3 Louse","floor":11.0,"turns":2.0},{"damage":1.0,"enemies":"Looter","floor":13.0,"turns":4.0},{"damage":6.0,"enemies":"Exordium Thugs","floor":14.0,"turns":2.0},{"damage":19.0,"enemies":"Slime Boss","floor":16.0,"turns":7.0},{"damage":18.0,"enemies":"Spheric Guardian","floor":18.0,"turns":6.0},{"damage":0.0,"enemies":"Chosen","floor":20.0,"turns":4.0},{"damage":9.0,"enemies":"Centurion and Healer","floor":27.0,"turns":6.0},{"damage":9.0,"enemies":"Book of Stabbing","floor":28.0,"turns":6.0},{"damage":18.0,"enemies":"Snecko","floor":30.0,"turns":6.0},{"damage":4.0,"enemies":"Masked Bandits","floor":31.0,"turns":3.0},{"damage":69,"enemies":"Collector","floor":33,"turns":7}],"seed_played":"7815500792017545689","potions_obtained":[{"floor":2.0,"key":"LiquidBronze"},{"floor":7.0,"key":"Strength Potion"},{"floor":12.0,"key":"Energy Potion"},{"floor":12.0,"key":"EntropicBrew"},{"floor":13.0,"key":"SkillPotion"},{"floor":14.0,"key":"Block Potion"},{"floor":18.0,"key":"Regen Potion"},{"floor":30.0,"key":"Explosive Potion"}],"is_trial":false,"path_per_floor":["M","M","?","M","T","R","E","?","T","R","M","?","M","M","R","B",null,"M","?","M","$","?","R","?","R","T","M","E","?","M","?","R","B"],"character_chosen":"THE_SILENT","items_purchased":["Du-Vu Doll","Quick Slash"],"campfire_rested":2,"item_purchase_floors":[21,21],"current_hp_per_floor":[58,58,58,56,56,56,24,24,24,45,43,43,42,36,36,17,57,39,23,23,23,23,44,44,44,44,50,41,70,52,48,48,0],"gold":208,"neow_bonus":"ONE_RANDOM_RARE_CARD","is_prod":false,"is_daily":false,"chose_seed":false,"campfire_upgraded":4,"win_rate":0,"timestamp":1563610233,"path_taken":["M","?","?","M","?","R","E","?","T","R","M","?","M","M","R","BOSS","M","?","M","$","?","R","?","R","T","M","E","?","?","?","R","BOSS"],"build_version":"2019-07-18","purchased_purges":0,"victory":false,"max_hp_per_floor":[70,70,70,70,70,70,70,70,70,70,70,70,70,70,70,70,70,70,70,70,70,70,70,70,70,70,70,70,70,70,70,70,70],"card_choices":[{"not_picked":["Bane","Dodge and Roll"],"picked":"Dagger Spray","floor":1.0},{"not_picked":["Quick Slash","Dagger Throw"],"picked":"Backflip","floor":2.0},{"not_picked":["Endless Agony","Deadly Poison"],"picked":"Flying Knee","floor":4.0},{"not_picked":["Underhanded Strike","Distraction"],"picked":"Envenom","floor":7.0},{"not_picked":["Slice","Endless Agony"],"picked":"Bouncing Flask","floor":10.0},{"not_picked":["Blur","Masterful Stab"],"picked":"Accuracy","floor":11.0},{"not_picked":["Bouncing Flask","Slice"],"picked":"Dodge and Roll","floor":13.0},{"not_picked":["Eviscerate","Deadly Poison","Slice"],"picked":"SKIP","floor":14.0},{"not_picked":["Unload","Wraith Form v2"],"picked":"Malaise","floor":16.0},{"not_picked":["Escape Plan+1","Tactician"],"picked":"Dodge and Roll","floor":18.0},{"not_picked":["Tactician","Flying Knee"],"picked":"Blur","floor":20.0},{"not_picked":["Backflip+1","Deflect"],"picked":"PiercingWail","floor":23.0},{"not_picked":["Slice","Infinite Blades"],"picked":"Malaise","floor":27.0},{"not_picked":["Tactician","Dagger Throw"],"picked":"Backflip+1","floor":28.0},{"not_picked":["Sucker Punch","Backflip","Dagger Throw"],"picked":"SKIP","floor":30.0},{"not_picked":["Skewer","Terror"],"picked":"Leg Sweep","floor":31.0}],"player_experience":1238164,"relics_obtained":[{"floor":5.0,"key":"Dodecahedron"},{"floor":7.0,"key":"Dream Catcher"},{"floor":9.0,"key":"Blue Candle"},{"floor":19.0,"key":"Enchiridion"},{"floor":26.0,"key":"Lantern"},{"floor":28.0,"key":"Ginger"},{"floor":31.0,"key":"Red Mask"}],"event_choices":[{"damage_healed":0.0,"max_hp_gain":0.0,"max_hp_loss":0.0,"gold_gain":0.0,"event_name":"Shining Light","player_choice":"Ignored","floor":3.0,"gold_loss":0.0,"damage_taken":0.0},{"damage_healed":0.0,"max_hp_gain":0.0,"max_hp_loss":0.0,"gold_gain":0.0,"event_name":"Living Wall","player_choice":"Grow","floor":8.0,"gold_loss":0.0,"damage_taken":0.0,"cards_upgraded":["Envenom"]},{"damage_healed":0.0,"max_hp_gain":0.0,"max_hp_loss":0.0,"gold_gain":0.0,"event_name":"The Woman in Blue","player_choice":"Bought 2 Potions","floor":12.0,"gold_loss":0.0,"damage_taken":0.0},{"damage_healed":0.0,"max_hp_gain":0.0,"max_hp_loss":0.0,"gold_gain":0.0,"event_name":"Cursed Tome","player_choice":"Obtained Book","floor":19.0,"gold_loss":0.0,"damage_taken":16.0},{"damage_healed":0.0,"max_hp_gain":0.0,"max_hp_loss":0.0,"gold_gain":99.0,"event_name":"Nest","player_choice":"Stole From Cult","floor":22.0,"gold_loss":0.0,"damage_taken":0.0},{"damage_healed":0.0,"max_hp_gain":0.0,"max_hp_loss":0.0,"gold_gain":0.0,"event_name":"The Mausoleum","player_choice":"Opened","floor":24.0,"gold_loss":0.0,"damage_taken":0.0,"relics_obtained":["Centennial Puzzle"],"cards_obtained":["Writhe"]},{"cards_removed":["Blur"],"damage_healed":29.0,"max_hp_gain":0.0,"max_hp_loss":0.0,"gold_gain":0.0,"event_name":"Bonfire Elementals","player_choice":"Offered Uncommon","floor":29.0,"gold_loss":0.0,"damage_taken":0.0},{"damage_healed":0.0,"max_hp_gain":0.0,"max_hp_loss":0.0,"gold_gain":0.0,"event_name":"Masked Bandits","player_choice":"Fought Bandits","floor":31.0,"gold_loss":0.0,"damage_taken":0.0}],"is_beta":true,"boss_relics":[{"not_picked":["Ectoplasm","Lizard Tail"],"picked":"Cursed Key"}],"items_purged_floors":[],"is_endless":false,"potions_floor_spawned":[2,7,13,14,18,30],"killed_by":"Collector","ascension_level":7}