{"gold_per_floor":[218,231,8,8,8,37,49,60,60,60,25,25,44,44,44,120,120,137,137,7,18,37,37,37,37,61,61,89,8,58,58],"floor_reached":31,"playtime":1543,"items_purged":["Pain"],"score":502,"play_id":"eef563d2-6bc8-4795-8d51-e8f0b657c9ec","local_time":"20190410110010","is_ascension_mode":true,"campfire_choices":[{"floor":10,"key":"REST"},{"data":"White Noise","floor":15,"key":"SMITH"},{"floor":23,"key":"REST"},{"data":"Buffer","floor":25,"key":"SMITH"},{"floor":27,"key":"REST"}],"neow_cost":"NONE","seed_source_timestamp":55704007006962,"circlet_count":0,"master_deck":["AscendersBane","Defend_B","Defend_B","Defend_B","Defend_B","Zap","Dualcast+1","Loop+1","Self Repair","White Noise+1","Steam","Rip and Tear","Scrape","Buffer+1","Genetic Algorithm","Dramatic Entrance","Loop","Genetic Algorithm+1","Leap","Bite","Bite","Bite","Bite","Bite","Static Discharge"],"relics":["Cracked Core","Membership Card","Nunchaku","Bottled Flame","Letter Opener","Nuclear Battery","WarpedTongs","PreservedInsect","War Paint","Juzu Bracelet"],"potions_floor_usage":[6,8,16],"damage_taken":[{"damage":14,"enemies":"Cultist","floor":1,"turns":6},{"damage":2,"enemies":"Jaw Worm","floor":2,"turns":3},{"damage":10,"enemies":"Lagavulin","floor":6,"turns":6},{"damage":4,"enemies":"2 Louse","floor":7,"turns":4},{"damage":25,"enemies":"Large Slime","floor":8,"turns":6},{"damage":8,"enemies":"Red Slaver","floor":13,"turns":3},{"damage":34,"enemies":"Slime Boss","floor":16,"turns":8},{"damage":14,"enemies":"Spheric Guardian","floor":18,"turns":4},{"damage":23,"enemies":"2 Thieves","floor":21,"turns":4},{"damage":27,"enemies":"Chosen and Byrds","floor":22,"turns":6},{"damage":44,"enemies":"Book of Stabbing","floor":28,"turns":6},{"damage":43,"enemies":"3 Cultists","floor":31,"turns":4}],"seed_played":"2406095093591124336","potions_obtained":[{"floor":2,"key":"PowerPotion"},{"floor":7,"key":"Weak Potion"},{"floor":13,"key":"Fire Potion"}],"is_trial":false,"path_per_floor":["M","M","$","?","$","E","M","M","T","R","?","?","M","?","R","B",null,"M","?","$","M","M","R","?","R","T","R","E","$","?","M"],"character_chosen":"DEFECT","items_purchased":["Membership Card","Dramatic Entrance","Loop","Juzu Bracelet"],"campfire_rested":3,"item_purchase_floors":[3,20,20,29],"current_hp_per_floor":[50,48,48,48,48,45,48,30,30,51,68,50,49,49,49,15,57,50,50,50,34,14,35,35,35,35,49,26,26,26,0],"gold":58,"neow_bonus":"HUNDRED_GOLD","is_prod":false,"is_daily":false,"chose_seed":false,"campfire_upgraded":2,"win_rate":0,"timestamp":1554908410,"path_taken":["M","M","$","?","?","E","M","?","T","R","?","?","M","?","R","BOSS","M","?","$","M","?","R","?","R","T","R","E","$","?","M"],"build_version":"2019-01-23","purchased_purges":1,"victory":false,"max_hp_per_floor":[71,71,71,71,71,71,71,71,71,71,71,71,71,71,71,71,71,71,71,71,71,71,71,49,49,49,49,49,49,49,49],"card_choices":[{"not_picked":["Stack","Conserve Battery"],"picked":"Loop","floor":1},{"not_picked":["FTL","Steam"],"picked":"Self Repair","floor":2},{"not_picked":["Recycle","Ball Lightning"],"picked":"White Noise","floor":6},{"not_picked":["Gash","Redo","Go for the Eyes"],"picked":"SKIP","floor":7},{"not_picked":["Reprogram","Chaos"],"picked":"Steam","floor":8},{"not_picked":["Double Energy","Steam Power"],"picked":"Rip and Tear","floor":13},{"not_picked":["Reboot","Hyperbeam"],"picked":"Buffer","floor":16},{"not_picked":["Gash","Go for the Eyes"],"picked":"Genetic Algorithm","floor":18},{"not_picked":["Recycle","Streamline"],"picked":"Genetic Algorithm","floor":21},{"not_picked":["Heatsinks","Cold Snap"],"picked":"Leap","floor":22},{"not_picked":["Aggregate","Leap"],"picked":"Static Discharge","floor":28}],"player_experience":3330050,"relics_obtained":[{"floor":6,"key":"Nunchaku"},{"floor":9,"key":"Bottled Flame"},{"floor":26,"key":"PreservedInsect"},{"floor":28,"key":"War Paint"}],"event_choices":[{"damage_healed":0,"gold_gain":0,"player_choice":"Upgraded","damage_taken":0,"max_hp_gain":0,"max_hp_loss":0,"event_name":"Upgrade Shrine","floor":4,"gold_loss":0,"cards_upgraded":["Loop"]},{"damage_healed":17,"gold_gain":0,"player_choice":"Healed","damage_taken":0,"max_hp_gain":0,"max_hp_loss":0,"event_name":"The Cleric","floor":11,"gold_loss":35},{"damage_healed":0,"gold_gain":0,"player_choice":"Success","damage_taken":18,"relics_obtained":["Letter Opener"],"max_hp_gain":0,"max_hp_loss":0,"event_name":"Scrap Ooze","floor":12,"gold_loss":0},{"damage_healed":0,"gold_gain":0,"cards_transformed":["Strike_B"],"player_choice":"Transformed","damage_taken":0,"max_hp_gain":0,"max_hp_loss":0,"event_name":"Transmorgrifier","floor":14,"gold_loss":0,"cards_obtained":["Scrape"]},{"damage_healed":0,"gold_gain":0,"player_choice":"Rummage","damage_taken":0,"relics_obtained":["WarpedTongs"],"max_hp_gain":0,"max_hp_loss":0,"event_name":"Accursed Blacksmith","floor":19,"gold_loss":0,"cards_obtained":["Pain"]},{"damage_healed":0,"gold_gain":0,"player_choice":"Became a vampire","damage_taken":0,"max_hp_gain":0,"max_hp_loss":22,"event_name":"Vampires","floor":24,"gold_loss":0,"cards_obtained":["Bite","Bite","Bite","Bite","Bite"]},{"damage_healed":0,"gold_gain":50,"player_choice":"Stole From Cult","damage_taken":0,"max_hp_gain":0,"max_hp_loss":0,"event_name":"Nest","floor":30,"gold_loss":0}],"is_beta":false,"boss_relics":[{"not_picked":["Lizard Tail","Velvet Choker"],"picked":"Nuclear Battery"}],"items_purged_floors":[20],"is_endless":false,"potions_floor_spawned":[2,7,13],"killed_by":"3 Cultists","ascension_level":18}