{"gold_per_floor":[114,129,129,144,159,174,204,219,306,333,360,387,414,426,438,550,562,589,616,643,670,12,42,42,72,72,117,132,147,162,177,177,277,277,292,307,322,337,352,382,382,382,382,397,32,32,62,77,77,77],"floor_reached":51,"playtime":5007,"items_purged":["Hyperbeam"],"score":1267,"play_id":"f7ba18c6-2dbf-408e-b67b-30f970d9c28f","local_time":"20180721164325","daily_mods":["Insanity","Time Dilation","Vintage"],"is_ascension_mode":false,"campfire_choices":[{"data":"Buffer","floor":15,"key":"SMITH"},{"data":"Machine Learning","floor":32,"key":"SMITH"},{"data":"Steam Power","floor":41,"key":"SMITH"},{"data":"Sweeping Beam","floor":49,"key":"SMITH"}],"neow_cost":"","seed_source_timestamp":0,"circlet_count":0,"master_deck":["Leap","Undo","Auto Shields","Creative AI","Conserve Battery","Ball Lightning","Leap","Seek","All For One","Buffer+1","BootSequence","Sunder","White Noise","Rip and Tear","Aggregate","Redo","Scrape","Barrage","Aggregate","Steam Power+1","Steam","Chill","Capacitor","Biased Cognition+1","Stack","Chill+1","Chill","Sweeping Beam+1","Turbo","Heatsinks","Multi-Cast","Steam Power+1","Cold Snap","Meteor Strike","Machine Learning+1","Leap","Auto Shields","Chill","Sweeping Beam+1","Doom and Gloom","All For One+1","Echo Form","Fission","Sunder","Aggregate","Self Repair","Zap","Amplify","Darkness","Turbo+1","Rainbow","Capacitor+1","Compile Driver+1","Electrodynamics","Sweeping Beam+1","Panache","Go for the Eyes+1","Writhe","Beam Cell+1"],"special_seed":17733,"relics":["FrozenCore","Smiling Mask","Bottled Lightning","Centennial Puzzle","Bird Faced Urn","Potion Belt","Letter Opener","Bag of Marbles","MawBank","Symbiotic Virus","Ornamental Fan","Art of War","DataDisk","Gremlin Horn","Calipers","Matryoshka","Ancient Tea Set","Dream Catcher","The Courier","Bag of Preparation","Torii","Anchor","OrangePellets","Oddly Smooth Stone","Blood Vial","Whetstone","Bottled Tornado","Tiny Chest","Happy Flower","War Paint","Mango","Incense Burner","Molten Egg 2","Coffee Dripper","Darkstone Periapt","Orichalcum","Vajra","Prayer Wheel","Cables","Bronze Scales","Juzu Bracelet","Boot","Shuriken","Strawberry","Lantern","Blue Candle"],"potions_floor_usage":[6,6,6,25,25,31,33,33,36,44],"damage_taken":[{"damage":2,"enemies":"Jaw Worm","floor":1,"turns":4},{"damage":0,"enemies":"2 Louse","floor":2,"turns":1},{"damage":0,"enemies":"Small Slimes","floor":4,"turns":2},{"damage":0,"enemies":"Blue Slaver","floor":5,"turns":2},{"damage":0,"enemies":"Red Slaver","floor":6,"turns":5},{"damage":8,"enemies":"Lagavulin","floor":7,"turns":4},{"damage":0,"enemies":"3 Louse","floor":8,"turns":2},{"damage":0,"enemies":"Lots of Slimes","floor":10,"turns":1},{"damage":1,"enemies":"Exordium Wildlife","floor":11,"turns":2},{"damage":0,"enemies":"Red Slaver","floor":12,"turns":1},{"damage":0,"enemies":"Looter","floor":13,"turns":1},{"damage":0,"enemies":"The Guardian","floor":16,"turns":8},{"damage":0,"enemies":"Spheric Guardian","floor":18,"turns":3},{"damage":0,"enemies":"Shell Parasite","floor":19,"turns":2},{"damage":0,"enemies":"Cultist and Chosen","floor":20,"turns":7},{"damage":0,"enemies":"Centurion and Healer","floor":21,"turns":3},{"damage":0,"enemies":"Slavers","floor":23,"turns":1},{"damage":0,"enemies":"Gremlin Leader","floor":25,"turns":3},{"damage":0,"enemies":"Snecko","floor":27,"turns":3},{"damage":0,"enemies":"3 Cultists","floor":28,"turns":1},{"damage":0,"enemies":"Chosen and Byrds","floor":29,"turns":3},{"damage":0,"enemies":"Cultist and Chosen","floor":30,"turns":5},{"damage":0,"enemies":"Sentry and Sphere","floor":31,"turns":4},{"damage":0,"enemies":"Collector","floor":33,"turns":2},{"damage":0,"enemies":"3 Shapes","floor":35,"turns":3},{"damage":0,"enemies":"Flame Bruiser 1 Orb","floor":36,"turns":5},{"damage":0,"enemies":"Sphere and 2 Shapes","floor":37,"turns":4},{"damage":0,"enemies":"Maw","floor":38,"turns":4},{"damage":0,"enemies":"Spire Growth","floor":39,"turns":4},{"damage":0,"enemies":"2 Orb Walkers","floor":40,"turns":4},{"damage":0,"enemies":"Transient","floor":44,"turns":5},{"damage":0,"enemies":"Nemesis","floor":47,"turns":5},{"damage":0,"enemies":"Maw","floor":48,"turns":5},{"damage":0,"enemies":"Donu and Deca","floor":50,"turns":5}],"seed_played":"5511659171679018982","potions_obtained":[{"floor":2,"key":"SkillPotion"},{"floor":4,"key":"AttackPotion"},{"floor":5,"key":"Ancient Potion"},{"floor":11,"key":"Block Potion"},{"floor":12,"key":"Weak Potion"},{"floor":13,"key":"Explosive Potion"},{"floor":20,"key":"PowerPotion"},{"floor":21,"key":"Regen Potion"},{"floor":24,"key":"Fruit Juice"},{"floor":24,"key":"Fire Potion"},{"floor":28,"key":"Regen Potion"},{"floor":30,"key":"Swift Potion"},{"floor":31,"key":"Swift Potion"},{"floor":36,"key":"SpeedPotion"},{"floor":37,"key":"SpeedPotion"},{"floor":38,"key":"Poison Potion"}],"is_trial":false,"path_per_floor":["M","M","?","M","M","M","E","M","T","M","M","M","M","?","R","B",null,"M","M","M","M","$","E","?","E","T","M","M","M","M","M","R","B",null,"M","M","M","M","M","E","R","?","T","M","$","?","E","M","R","B"],"character_chosen":"DEFECT","items_purchased":["Bag of Preparation","Torii","Anchor","OrangePellets","Panache","Go for the Eyes+1","Strawberry"],"campfire_rested":0,"item_purchase_floors":[22,22,22,22,45,45,45],"current_hp_per_floor":[73,73,55,55,59,72,66,72,72,72,75,75,75,60,60,75,75,75,75,75,75,75,75,75,75,75,75,75,75,89,94,94,94,94,94,94,94,94,94,94,94,94,94,94,101,107,107,107,107,107],"gold":77,"neow_bonus":"","is_prod":false,"is_daily":true,"chose_seed":false,"campfire_upgraded":4,"win_rate":0,"timestamp":1532205805,"path_taken":["M","M","?","M","M","M","E","M","T","M","M","M","M","?","R","BOSS","M","M","M","M","$","E","?","E","T","?","M","M","M","M","R","BOSS","M","M","M","M","M","E","R","?","T","M","$","?","E","M","R","BOSS"],"build_version":"2018-07-19v2","purchased_purges":1,"victory":true,"max_hp_per_floor":[75,75,75,75,75,75,75,75,75,75,75,75,75,75,75,75,75,75,75,75,75,75,75,75,75,75,75,75,75,89,94,94,94,94,94,94,94,94,94,94,94,94,94,94,101,107,107,107,107,107],"card_choices":[{"not_picked":["All For One","Hyperbeam"],"picked":"Turbo","floor":7},{"not_picked":["Reboot","Core Surge"],"picked":"Rainbow","floor":16},{"not_picked":["Conserve Battery","Ball Lightning"],"picked":"Capacitor+1","floor":23},{"not_picked":["Storm+1","Steam"],"picked":"Compile Driver+1","floor":25},{"not_picked":["Rainbow","Hyperbeam"],"picked":"Electrodynamics","floor":33},{"not_picked":["Ball Lightning+1","Stack"],"picked":"Sweeping Beam+1","floor":40},{"not_picked":["Heatsinks+1","Auto Shields"],"picked":"Beam Cell+1","floor":47}],"player_experience":1974028,"relics_obtained":[{"floor":1,"key":"Smiling Mask"},{"floor":2,"key":"Bottled Lightning"},{"floor":4,"key":"Bird Faced Urn"},{"floor":5,"key":"Potion Belt"},{"floor":6,"key":"Letter Opener"},{"floor":7,"key":"Bag of Marbles"},{"floor":8,"key":"MawBank"},{"floor":9,"key":"Symbiotic Virus"},{"floor":10,"key":"Ornamental Fan"},{"floor":11,"key":"Art of War"},{"floor":12,"key":"DataDisk"},{"floor":13,"key":"Gremlin Horn"},{"floor":16,"key":"Calipers"},{"floor":18,"key":"Matryoshka"},{"floor":19,"key":"Ancient Tea Set"},{"floor":20,"key":"Dream Catcher"},{"floor":21,"key":"The Courier"},{"floor":23,"key":"Oddly Smooth Stone"},{"floor":25,"key":"Blood Vial"},{"floor":26,"key":"Whetstone"},{"floor":26,"key":"Bottled Tornado"},{"floor":27,"key":"Tiny Chest"},{"floor":28,"key":"Happy Flower"},{"floor":29,"key":"War Paint"},{"floor":30,"key":"Mango"},{"floor":31,"key":"Incense Burner"},{"floor":33,"key":"Molten Egg 2"},{"floor":35,"key":"Darkstone Periapt"},{"floor":36,"key":"Orichalcum"},{"floor":37,"key":"Vajra"},{"floor":38,"key":"Prayer Wheel"},{"floor":39,"key":"Cables"},{"floor":40,"key":"Bronze Scales"},{"floor":43,"key":"Juzu Bracelet"},{"floor":43,"key":"Boot"},{"floor":44,"key":"Shuriken"},{"floor":47,"key":"Lantern"},{"floor":48,"key":"Blue Candle"}],"event_choices":[{"event_name":"Scrap Ooze","player_choice":"success","floor":3,"damage_taken":18},{"event_name":"Shining Light","player_choice":"Entered Light","floor":14,"damage_taken":0},{"event_name":"The Lab","player_choice":"Got Potions","floor":24,"damage_taken":0},{"event_name":"SecretPortal","player_choice":"Rejected Portal.","floor":42,"damage_taken":0},{"event_name":"Winding Halls","player_choice":"Writhe","floor":46,"damage_taken":0}],"is_beta":false,"boss_relics":[{"not_picked":["Runic Dome","Empty Cage"],"picked":"FrozenCore"},{"not_picked":["Astrolabe","Velvet Choker"],"picked":"Coffee Dripper"}],"items_purged_floors":[45],"is_endless":false,"potions_floor_spawned":[2,4,5,11,12,13,20,21,28,30,31,36,37,38],"ascension_level":0}