{"gold_per_floor":[139,7,7,7,39,39,39,39,39,94,94,44,9,43,43,43],"floor_reached":16,"playtime":777,"items_purged":["Regret"],"score":187,"play_id":"88cce15e-5e94-45b5-87f5-593f9f8d8671","local_time":"20181112234031","is_ascension_mode":true,"campfire_choices":[{"floor":6,"key":"REST"},{"data":"Neutralize","floor":8,"key":"SMITH"},{"data":"Night Terror","floor":11,"key":"SMITH"},{"floor":15,"key":"REST"}],"neow_cost":"CURSE","seed_source_timestamp":711413489086421,"circlet_count":0,"master_deck":["AscendersBane","Defend_G","Defend_G","Defend_G","Defend_G","Defend_G","Strike_G","Strike_G","Strike_G","Strike_G","Strike_G","Survivor","Neutralize+1","Thinking Ahead+1","HandOfGreed","Quick Slash+1","Backflip","Sucker Punch","Night Terror+1","PiercingWail","Slice"],"relics":["Ring of the Snake","Bottled Lightning","Tough Bandages"],"potions_floor_usage":[16,16],"damage_taken":[{"damage":6,"enemies":"Cultist","floor":1,"turns":6},{"damage":1,"enemies":"Jaw Worm","floor":5,"turns":5},{"damage":24,"enemies":"Gremlin Nob","floor":10,"turns":4},{"damage":1,"enemies":"Small Slimes","floor":14,"turns":3},{"damage":76,"enemies":"Slime Boss","floor":16,"turns":12}],"seed_played":"701769333686018985","potions_obtained":[{"floor":10,"key":"GhostInAJar"}],"is_trial":false,"path_per_floor":["M","$","?","?","M","R","?","R","T","E","R","$","?","M","R","B"],"character_chosen":"THE_SILENT","items_purchased":["Explosive Potion","PiercingWail"],"campfire_rested":2,"item_purchase_floors":[2,12],"current_hp_per_floor":[53,53,33,33,32,51,56,56,56,32,32,32,49,48,69,0],"gold":43,"neow_bonus":"RANDOM_COLORLESS_2","is_prod":false,"is_daily":false,"chose_seed":false,"campfire_upgraded":2,"win_rate":0,"timestamp":1542084031,"path_taken":["M","$","?","?","?","R","?","R","T","E","R","$","?","M","R","BOSS"],"build_version":"2018-11-08","purchased_purges":1,"victory":false,"max_hp_per_floor":[66,66,66,66,66,66,71,71,71,71,71,71,71,71,71,71],"card_choices":[{"not_picked":["Slice","Predator"],"picked":"Quick Slash","floor":1},{"not_picked":["Dash","Acrobatics"],"picked":"Sucker Punch","floor":5},{"not_picked":["Cloak And Dagger","Dagger Throw"],"picked":"Night Terror","floor":10},{"not_picked":["Finisher","Blade Dance"],"picked":"Slice","floor":14}],"player_experience":2250266,"relics_obtained":[{"floor":9,"key":"Bottled Lightning"},{"floor":10,"key":"Tough Bandages"}],"event_choices":[{"damage_healed":0,"gold_gain":0,"player_choice":"Entered Light","damage_taken":20,"max_hp_gain":0,"max_hp_loss":0,"event_name":"Shining Light","floor":3,"gold_loss":0,"cards_upgraded":["Quick Slash","Thinking Ahead"]},{"damage_healed":0,"gold_gain":0,"player_choice":"1 cards matched","damage_taken":0,"max_hp_gain":0,"max_hp_loss":0,"event_name":"Match and Keep!","floor":4,"gold_loss":0,"cards_obtained":["Backflip"]},{"damage_healed":0,"gold_gain":0,"player_choice":"Donut","damage_taken":0,"max_hp_gain":5,"max_hp_loss":0,"event_name":"Big Fish","floor":7,"gold_loss":0},{"damage_healed":17,"gold_gain":0,"player_choice":"Healed","damage_taken":0,"max_hp_gain":0,"max_hp_loss":0,"event_name":"The Cleric","floor":13,"gold_loss":35}],"is_beta":false,"boss_relics":[],"items_purged_floors":[2],"is_endless":false,"potions_floor_spawned":[10,14],"killed_by":"Slime Boss","ascension_level":19}