{"gold_per_floor":[114,129,144,49,64,79,94,44,44,16,16],"floor_reached":11,"playtime":903,"items_purged":[],"score":117,"play_id":"2bdfce6a-cf5f-4dbe-a689-426f64440d76","local_time":"20180918134358","daily_mods":["Brewmaster","Uncertain Future","Hoarder"],"is_ascension_mode":false,"campfire_choices":[],"neow_cost":"","seed_source_timestamp":0,"circlet_count":0,"master_deck":["Defend_G","Defend_G","Defend_G","Defend_G","Defend_G","Strike_G","Strike_G","Strike_G","Strike_G","Survivor","Neutralize","Venomology","Venomology","Venomology","Venomology","Venomology","Venomology","Venomology","Venomology","Venomology","Venomology","Venomology","Venomology","Venomology","Venomology","Venomology","Leg Sweep","Leg Sweep","Leg Sweep","Dash","Dash","Dash","Backflip","Backflip","Backflip","PiercingWail","PiercingWail","PiercingWail","Prepared","Prepared","Prepared","Deadly Poison","Deadly Poison","Deadly Poison"],"special_seed":17792,"relics":["Ring of the Snake","White Beast Statue","Snake Skull"],"potions_floor_usage":[1,1,1,2,2,2,2,3,3,3,3,5,5,5,6,6,6,6,7,7,7,11,11,11,11,11,11],"damage_taken":[{"damage":3,"enemies":"Cultist","floor":1,"turns":5},{"damage":0,"enemies":"Small Slimes","floor":2,"turns":3},{"damage":5,"enemies":"Jaw Worm","floor":3,"turns":4},{"damage":0,"enemies":"Exordium Wildlife","floor":5,"turns":2},{"damage":1,"enemies":"Large Slime","floor":6,"turns":11},{"damage":0,"enemies":"Blue Slaver","floor":7,"turns":3},{"damage":93,"enemies":"Gremlin Nob","floor":11,"turns":6}],"seed_played":"-276946993801479710","potions_obtained":[{"floor":1,"key":"SteroidPotion"},{"floor":6,"key":"GamblersBrew"},{"floor":7,"key":"PowerPotion"}],"is_trial":false,"path_per_floor":["M","M","M","$","M","M","M","?","T","?"],"character_chosen":"THE_SILENT","items_purchased":["PiercingWail","Prepared"],"campfire_rested":0,"item_purchase_floors":[4,4],"current_hp_per_floor":[67,67,62,62,62,61,61,61,61,61,0],"gold":16,"neow_bonus":"","is_prod":false,"is_daily":true,"chose_seed":false,"campfire_upgraded":0,"win_rate":0,"timestamp":1537292638,"path_taken":["M","M","?","$","M","M","M","?","T","?","E"],"build_version":"2018-09-06","purchased_purges":0,"victory":false,"max_hp_per_floor":[70,70,70,70,70,70,70,70,70,70,70],"card_choices":[{"not_picked":["Calculated Gamble","Dodge and Roll"],"picked":"Leg Sweep","floor":1},{"not_picked":["Predator","Reflex"],"picked":"Dash","floor":2},{"not_picked":["Endless Agony","Cloak And Dagger"],"picked":"Backflip","floor":3},{"not_picked":["Choke","Outmaneuver","Venomology"],"picked":"SKIP","floor":5},{"not_picked":["Dodge and Roll","Acrobatics","Endless Agony"],"picked":"SKIP","floor":6},{"not_picked":["All Out Attack","Acrobatics"],"picked":"Deadly Poison","floor":7}],"player_experience":2076154,"relics_obtained":[{"floor":9,"key":"Snake Skull"}],"event_choices":[{"event_name":"The Cleric","player_choice":"Card Removal","floor":8,"damage_taken":0},{"event_name":"World of Goop","player_choice":"Left","floor":10,"damage_taken":0}],"is_beta":false,"boss_relics":[],"items_purged_floors":[],"is_endless":false,"potions_floor_spawned":[1,2,3,5,6,7],"killed_by":"Gremlin Nob","ascension_level":0}