{"path_per_floor":["M","?","M","M","M","R","M","R","T","R","M","M","M","$","R","B",null,"M","M","M","$","?"],"character_chosen":"THE_SILENT","items_purchased":["Bag of Preparation","Noxious Fumes"],"gold_per_floor":[115,115,131,141,154,154,166,166,166,166,184,200,219,3,3,74,74,85,96,112,37,37],"floor_reached":23,"campfire_rested":3,"playtime":2125,"current_hp_per_floor":[63,63,61,59,46,66,33,53,53,53,36,35,28,28,48,29,58,53,53,35,35,35],"items_purged":["Strike_G"],"gold":37,"score":309,"play_id":"cc72b7a2-f99f-4531-92e5-58c5de5438bd","local_time":"20180305085550","is_prod":false,"is_daily":false,"is_ascension_mode":true,"campfire_upgraded":1,"timestamp":1520258150,"path_taken":["M","?","?","?","M","R","M","R","T","R","M","M","M","$","R","BOSS","M","M","M","$","?","E"],"build_version":"2018-03-01-PROD1","purchased_purges":2,"victory":false,"master_deck":["Defend_G","Defend_G","Defend_G","Defend_G","Defend_G","Strike_G","Strike_G","Strike_G","Strike_G","Survivor","Neutralize+1","Wraith Form","Prepared","Noxious Fumes+1","PiercingWail","After Image","Concentrate+1","Noxious Fumes","Die Die Die","Acrobatics","Doppelganger","Backstab","Bouncing Flask","Prepared+1","Flechettes+1","Injury"],"max_hp_per_floor":[67,67,67,67,67,67,67,67,67,67,67,67,67,67,67,67,67,67,67,67,67,67],"relics":["Ring of the Snake","Dead Branch","Bag of Preparation","Orrery"],"card_choices":[{"not_picked":["Dagger Throw","Blade Dance"],"picked":"Wraith Form"},{"not_picked":["Reflex","Caltrops"],"picked":"Prepared"},{"not_picked":["Outmaneuver","Dodge and Roll"],"picked":"Noxious Fumes"},{"not_picked":["Terror","Sucker Punch"],"picked":"PiercingWail"},{"not_picked":["Backflip","Slice"],"picked":"After Image"},{"not_picked":["Bane","Quick Slash"],"picked":"Concentrate"},{"not_picked":["Unload","Doppelganger"],"picked":"Die Die Die"},{"not_picked":["Underhanded Strike","Heel Hook"],"picked":"Acrobatics"},{"not_picked":["Underhanded Strike","Dagger Spray"],"picked":"Doppelganger"},{"not_picked":["Poisoned Stab","Flechettes"],"picked":"Backstab"},{"not_picked":["Setup","Finisher"],"picked":"Bouncing Flask"},{"not_picked":["Dagger Throw","Finisher"],"picked":"Prepared"},{"not_picked":["PiercingWail","Bane"],"picked":"Flechettes"}],"player_experience":928960,"potions_floor_usage":[16,16,19,20],"damage_taken":[{"damage":0,"enemies":"2 Louse","floor":1,"turns":2},{"damage":2,"enemies":"Cultist","floor":3,"turns":5},{"damage":2,"enemies":"Small Slimes","floor":4,"turns":4},{"damage":13,"enemies":"Red Slaver","floor":5,"turns":8},{"damage":33,"enemies":"Gremlin Gang","floor":7,"turns":10},{"damage":17,"enemies":"Large Slime","floor":11,"turns":7},{"damage":1,"enemies":"Lots of Slimes","floor":12,"turns":4},{"damage":7,"enemies":"Red Slaver","floor":13,"turns":5},{"damage":19,"enemies":"The Guardian","floor":16,"turns":10},{"damage":5,"enemies":"Chosen","floor":18,"turns":5},{"damage":0,"enemies":"Shell Parasite","floor":19,"turns":5},{"damage":30,"enemies":"Snake Plant","floor":20,"turns":5},{"damage":37,"enemies":"Slavers","floor":23,"turns":4}],"event_choices":[{"event_name":"Upgrade Shrine","player_choice":"Upgraded","floor":2,"damage_taken":0},{"event_name":"Accursed Blacksmith","player_choice":"Forge","floor":22,"damage_taken":0}],"boss_relics":[{"not_picked":["Question Card","Black Star"],"picked":"Orrery"}],"potions_floor_spawned":[4,7,16,19],"seed_played":"-3016517029092779672","killed_by":"Slavers","ascension_level":13,"is_trial":false}