{"gold_per_floor":[117,129,143,157,157,183,29,29,29,49,81,6,21,46,46,143,143,158,158,171,200,228,240,287,299,311,323,15,30,30,5,5,100,100,111,333,333,345,246,276,288,288,311,331,431,431,706,718,718,718],"floor_reached":51,"playtime":1756,"items_purged":["Normality"],"score":1012,"play_id":"e01d47f9-e7fc-44e2-805a-015234fc0f2e","local_time":"20190610141612","daily_mods":["Vintage","Binary","Cursed Run"],"is_ascension_mode":false,"campfire_choices":[{"data":"Neutralize","floor":8,"key":"SMITH"},{"data":"Dash","floor":15,"key":"SMITH"},{"data":"Cloak And Dagger","floor":23,"key":"SMITH"},{"data":"Die Die Die","floor":25,"key":"SMITH"},{"data":"Backflip","floor":30,"key":"SMITH"},{"data":"Strike_G","floor":32,"key":"SMITH"},{"data":"Strike_G","floor":42,"key":"SMITH"},{"data":"Strike_G","floor":49,"key":"SMITH"}],"neow_cost":"","seed_source_timestamp":0,"circlet_count":0,"master_deck":["Defend_G","Defend_G","Defend_G","Defend_G","Defend_G","Strike_G+1","Strike_G+1","Strike_G","Strike_G+1","Strike_G+1","Survivor","Neutralize+1","Cloak And Dagger+1","Dash+1","Normality","Die Die Die+1","Doubt","Shame","Shame","Heel Hook+1","Pain","Decay","Backflip+1","Accuracy+1","Poisoned Stab+1","Clumsy","Die Die Die+1","Predator+1","Poisoned Stab+1","Choke+1","Parasite","Clumsy","Sucker Punch+1","Writhe","Regret","Regret"],"relics":["Cursed Key","Darkstone Periapt","Du-Vu Doll","Ninja Scroll","Paper Crane","Ancient Tea Set","Dream Catcher","Bag of Preparation","PreservedInsect","Letter Opener","Centennial Puzzle","Anchor","Pen Nib","Odd Mushroom","Calling Bell","Regal Pillow","Molten Egg 2","FossilizedHelix","Smiling Mask","MutagenicStrength","MawBank","Gremlin Horn","Blue Candle","Red Mask","Frozen Egg 2","Membership Card","Vajra","Singing Bowl","HoveringKite","Kunai","Sundial","Ornamental Fan","Happy Flower","Lantern","Strawberry","Dead Branch","Nunchaku"],"potions_floor_usage":[6,10,16,33,50,50],"damage_taken":[{"damage":0,"enemies":"Jaw Worm","floor":1,"turns":4},{"damage":0,"enemies":"Cultist","floor":2,"turns":3},{"damage":0,"enemies":"Small Slimes","floor":3,"turns":3},{"damage":1,"enemies":"3 Louse","floor":4,"turns":3},{"damage":0,"enemies":"Gremlin Nob","floor":6,"turns":5},{"damage":0,"enemies":"2 Fungi Beasts","floor":10,"turns":3},{"damage":9,"enemies":"3 Sentries","floor":11,"turns":7},{"damage":0,"enemies":"Looter","floor":13,"turns":2},{"damage":0,"enemies":"The Mushroom Lair","floor":14,"turns":3},{"damage":23,"enemies":"Hexaghost","floor":16,"turns":16},{"damage":0,"enemies":"Chosen","floor":18,"turns":3},{"damage":0,"enemies":"3 Byrds","floor":20,"turns":3},{"damage":6,"enemies":"Shelled Parasite and Fungi","floor":21,"turns":4},{"damage":0,"enemies":"Snake Plant","floor":22,"turns":2},{"damage":5,"enemies":"Masked Bandits","floor":24,"turns":3},{"damage":0,"enemies":"Sentry and Sphere","floor":29,"turns":1},{"damage":12,"enemies":"Automaton","floor":33,"turns":4},{"damage":0,"enemies":"Orb Walker","floor":35,"turns":1},{"damage":0,"enemies":"3 Darklings","floor":38,"turns":1},{"damage":0,"enemies":"Reptomancer","floor":40,"turns":1},{"damage":0,"enemies":"Writhing Mass","floor":41,"turns":4},{"damage":0,"enemies":"Sphere and 2 Shapes","floor":44,"turns":1},{"damage":0,"enemies":"Mind Bloom Boss Battle","floor":45,"turns":1},{"damage":0,"enemies":"4 Shapes","floor":48,"turns":1},{"damage":37,"enemies":"Time Eater","floor":50,"turns":7}],"seed_played":"-2289250393063293396","potions_obtained":[{"floor":1,"key":"PowerPotion"},{"floor":2,"key":"LiquidBronze"},{"floor":5,"key":"Fire Potion"},{"floor":5,"key":"EssenceOfSteel"},{"floor":6,"key":"Energy Potion"},{"floor":10,"key":"Poison Potion"},{"floor":16,"key":"SpeedPotion"},{"floor":22,"key":"Swift Potion"},{"floor":33,"key":"Poison Potion"}],"is_trial":true,"path_per_floor":["M","M","M","M","?","E","$","R","T","M","E","$","M","?","R","B",null,"M","?","M","M","M","R","?","R","T","?","$","M","R","$","R","B",null,"M","?","?","M","$","E","M","R","T","M","?","?","?","M","R","B",null],"character_chosen":"THE_SILENT","items_purchased":["PreservedInsect","Membership Card","Vajra","Backflip","Accuracy+1","Poisoned Stab+1","Predator+1","Poisoned Stab+1","GhostInAJar"],"campfire_rested":0,"item_purchase_floors":[7,28,28,28,28,31,39,39,39],"current_hp_per_floor":[70,70,70,69,69,69,69,69,75,75,66,66,66,66,66,49,100,100,100,100,94,94,94,89,89,95,101,101,101,101,101,101,95,118,118,118,118,118,118,118,124,124,130,137,137,143,149,149,149,118],"gold":718,"neow_bonus":"","is_prod":false,"is_daily":false,"chose_seed":true,"campfire_upgraded":8,"win_rate":0,"timestamp":1560172572,"path_taken":["M","M","M","M","?","E","$","R","T","?","E","?","?","?","R","BOSS","M","?","M","M","M","R","?","R","T","?","?","M","R","$","R","BOSS","M","?","?","M","$","E","M","R","T","?","?","?","?","M","R","BOSS"],"build_version":"2019-01-23","purchased_purges":1,"victory":true,"max_hp_per_floor":[70,70,70,70,70,70,70,70,76,76,76,76,76,76,76,82,100,100,100,100,100,100,100,100,100,106,112,112,112,112,112,112,118,118,118,118,118,118,118,118,124,124,130,137,137,143,149,149,149,155],"card_choices":[{"not_picked":["Catalyst","Flechettes"],"picked":"SKIP","floor":6},{"not_picked":["Caltrops"],"picked":"Cloak And Dagger","floor":11},{"not_picked":["Backflip"],"picked":"Dash","floor":14},{"not_picked":["Corpse Explosion"],"picked":"Die Die Die","floor":16},{"not_picked":["Bane+1"],"picked":"Heel Hook+1","floor":24},{"not_picked":["Envenom+1"],"picked":"Die Die Die+1","floor":33},{"not_picked":["Bane+1"],"picked":"Choke+1","floor":40},{"not_picked":["Blur"],"picked":"Sucker Punch+1","floor":45}],"player_experience":872361,"relics_obtained":[{"floor":1,"key":"Ninja Scroll"},{"floor":2,"key":"Paper Crane"},{"floor":3,"key":"Ancient Tea Set"},{"floor":4,"key":"Dream Catcher"},{"floor":6,"key":"Bag of Preparation"},{"floor":9,"key":"Letter Opener"},{"floor":10,"key":"Centennial Puzzle"},{"floor":11,"key":"Anchor"},{"floor":13,"key":"Pen Nib"},{"floor":14,"key":"Odd Mushroom"},{"floor":17,"key":"Regal Pillow"},{"floor":17,"key":"Molten Egg 2"},{"floor":17,"key":"FossilizedHelix"},{"floor":18,"key":"Smiling Mask"},{"floor":20,"key":"MawBank"},{"floor":21,"key":"Gremlin Horn"},{"floor":22,"key":"Blue Candle"},{"floor":24,"key":"Red Mask"},{"floor":26,"key":"Frozen Egg 2"},{"floor":29,"key":"Singing Bowl"},{"floor":35,"key":"Kunai"},{"floor":38,"key":"Sundial"},{"floor":40,"key":"Ornamental Fan"},{"floor":41,"key":"Happy Flower"},{"floor":43,"key":"Lantern"},{"floor":44,"key":"Strawberry"},{"floor":45,"key":"Dead Branch"},{"floor":48,"key":"Nunchaku"}],"event_choices":[{"damage_healed":0,"gold_gain":0,"player_choice":"Got Potions","damage_taken":0,"max_hp_gain":0,"max_hp_loss":0,"event_name":"Lab","floor":5,"gold_loss":0},{"damage_healed":0,"gold_gain":0,"player_choice":"Fought Mushrooms","damage_taken":0,"max_hp_gain":0,"max_hp_loss":0,"event_name":"Mushrooms","floor":14,"gold_loss":0},{"damage_healed":0,"gold_gain":0,"player_choice":"Inject Mutagens","damage_taken":0,"relics_obtained":["MutagenicStrength"],"max_hp_gain":0,"max_hp_loss":0,"event_name":"Drug Dealer","floor":19,"gold_loss":0},{"damage_healed":0,"gold_gain":0,"player_choice":"Fought Bandits","damage_taken":0,"max_hp_gain":0,"max_hp_loss":0,"event_name":"Masked Bandits","floor":24,"gold_loss":0},{"damage_healed":0,"gold_gain":0,"player_choice":"Smashed Altar","damage_taken":0,"max_hp_gain":0,"max_hp_loss":0,"event_name":"Forgotten Altar","floor":27,"gold_loss":0,"cards_obtained":["Decay"]},{"damage_healed":0,"gold_gain":222,"player_choice":"Wore Mask","damage_taken":0,"max_hp_gain":0,"max_hp_loss":0,"event_name":"Tomb of Lord Red Mask","floor":36,"gold_loss":0},{"damage_healed":0,"gold_gain":0,"player_choice":"Upgraded","damage_taken":0,"max_hp_gain":0,"max_hp_loss":0,"event_name":"Upgrade Shrine","floor":37,"gold_loss":0,"cards_upgraded":["Strike_G"]},{"damage_healed":0,"gold_gain":0,"player_choice":"Fight","damage_taken":0,"max_hp_gain":0,"max_hp_loss":0,"event_name":"MindBloom","floor":45,"gold_loss":0},{"damage_healed":34,"gold_gain":0,"player_choice":"Writhe","damage_taken":0,"max_hp_gain":0,"max_hp_loss":0,"event_name":"Winding Halls","floor":46,"gold_loss":0,"cards_obtained":["Writhe"]},{"damage_healed":0,"gold_gain":275,"player_choice":"Desecrate","damage_taken":0,"max_hp_gain":0,"max_hp_loss":0,"event_name":"Golden Shrine","floor":47,"gold_loss":0,"cards_obtained":["Regret"]}],"is_beta":false,"boss_relics":[{"not_picked":["Astrolabe","Coffee Dripper"],"picked":"Calling Bell"},{"not_picked":["Empty Cage","Runic Dome"],"picked":"HoveringKite"}],"items_purged_floors":[12],"is_endless":false,"potions_floor_spawned":[1,2,6,10,16,21,22,29,33,41,45],"ascension_level":0}