{"gold_per_floor":[115,115,40,55,66,66,101,117,143,143,161,188,206,29,29,132,132,152,169,169,169,183,218,218,317,317,335,364,380,380,19,19,120,120,138,9,28,28,28,39,50,50,74,21,21,21,21,37,37,37],"floor_reached":51,"playtime":4361,"items_purged":["Strike_G"],"score":672,"play_id":"07776d1b-373e-4fe7-b328-426c3812887e","local_time":"20190630101013","is_ascension_mode":false,"campfire_choices":[{"data":"Neutralize","floor":6,"key":"SMITH"},{"data":"Calculated Gamble","floor":10,"key":"SMITH"},{"floor":15,"key":"REST"},{"data":"Well Laid Plans","floor":24,"key":"SMITH"},{"floor":32,"key":"REST"},{"data":"Noxious Fumes","floor":42,"key":"SMITH"},{"data":"Footwork","floor":46,"key":"SMITH"},{"data":"Wraith Form v2","floor":49,"key":"SMITH"}],"neow_cost":"NONE","seed_source_timestamp":1500718085842511,"circlet_count":0,"master_deck":["Defend_G+1","Defend_G+1","Defend_G+1","Defend_G+1","Defend_G+1","Survivor","Neutralize+1","Grand Finale","Footwork","Escape Plan","Calculated Gamble+1","Dagger Spray","Footwork+1","Poisoned Stab","Backflip","Well Laid Plans+1","Grand Finale","Slice+1","Prepared+1","Deadly Poison+1","Deadly Poison+1","Backflip","Wraith Form v2+1","Crippling Poison","Noxious Fumes+1","Leg Sweep","Panacea","Dark Shackles","Panache","Terror+1","PiercingWail","Tactician+1"],"relics":["Ring of the Snake","Smiling Mask","Lantern","Bag of Preparation","Astrolabe","Centennial Puzzle","Incense Burner","Sundial","Oddly Smooth Stone","Happy Flower","Runic Pyramid","Juzu Bracelet"],"potions_floor_usage":[12,23,23,33,50,50],"damage_taken":[{"damage":4,"enemies":"Cultist","floor":1,"turns":5},{"damage":0,"enemies":"2 Louse","floor":4,"turns":2},{"damage":11,"enemies":"Jaw Worm","floor":5,"turns":4},{"damage":15,"enemies":"3 Sentries","floor":7,"turns":11},{"damage":0,"enemies":"Looter","floor":8,"turns":3},{"damage":4,"enemies":"Large Slime","floor":11,"turns":2},{"damage":25,"enemies":"Gremlin Nob","floor":12,"turns":6},{"damage":0,"enemies":"Exordium Thugs","floor":13,"turns":4},{"damage":6,"enemies":"The Guardian","floor":16,"turns":9},{"damage":0,"enemies":"2 Thieves","floor":18,"turns":3},{"damage":5,"enemies":"3 Byrds","floor":19,"turns":2},{"damage":7,"enemies":"Snake Plant","floor":22,"turns":4},{"damage":16,"enemies":"Slavers","floor":23,"turns":5},{"damage":0,"enemies":"Snecko","floor":27,"turns":4},{"damage":0,"enemies":"Book of Stabbing","floor":28,"turns":5},{"damage":1,"enemies":"Centurion and Healer","floor":29,"turns":3},{"damage":9,"enemies":"Automaton","floor":33,"turns":8},{"damage":0,"enemies":"3 Shapes","floor":35,"turns":2},{"damage":2,"enemies":"Orb Walker","floor":37,"turns":5},{"damage":7,"enemies":"Sphere and 2 Shapes","floor":40,"turns":5},{"damage":0,"enemies":"Spire Growth","floor":41,"turns":3},{"damage":0,"enemies":"4 Shapes","floor":48,"turns":4},{"damage":1,"enemies":"Donu and Deca","floor":50,"turns":8}],"seed_played":"-7785922626564163778","potions_obtained":[{"floor":0,"key":"Strength Potion"},{"floor":0,"key":"EssenceOfSteel"},{"floor":0,"key":"SpeedPotion"},{"floor":1,"key":"FearPotion"},{"floor":7,"key":"Block Potion"},{"floor":23,"key":"SmokeBomb"},{"floor":29,"key":"Fire Potion"},{"floor":35,"key":"FearPotion"},{"floor":41,"key":"Poison Potion"}],"is_trial":false,"path_per_floor":["M","?","$","M","M","R","E","M","T","R","M","E","M","$","R","B",null,"M","M","?","?","M","E","R","?","T","M","E","M","?","$","R","B",null,"M","$","M","?","?","M","M","R","T","$","?","R","$","M","R","B",null],"character_chosen":"THE_SILENT","items_purchased":["Footwork","Well Laid Plans","PowerPotion","Oddly Smooth Stone","Happy Flower","Block Potion","Noxious Fumes","PowerPotion","PiercingWail"],"campfire_rested":2,"item_purchase_floors":[3,14,14,31,31,31,36,36,44],"current_hp_per_floor":[66,66,66,66,55,55,40,40,40,40,36,11,11,11,32,26,70,70,65,65,65,58,42,42,42,42,42,42,41,28,28,50,41,75,75,75,73,63,75,68,68,68,68,68,68,68,68,68,68,67],"gold":37,"neow_bonus":"THREE_SMALL_POTIONS","is_prod":false,"is_daily":false,"chose_seed":false,"campfire_upgraded":6,"win_rate":0,"timestamp":1561903813,"path_taken":["M","?","$","M","?","R","E","M","T","R","M","E","M","$","R","BOSS","M","M","?","?","M","E","R","?","T","M","E","M","?","?","R","BOSS","M","$","M","?","?","M","?","R","T","$","?","R","$","M","R","BOSS"],"build_version":"2019-01-23","purchased_purges":1,"victory":true,"max_hp_per_floor":[70,70,70,70,70,70,70,70,70,70,70,70,70,70,70,70,70,70,70,70,70,70,70,70,70,70,70,70,70,75,75,75,75,75,75,75,75,75,75,75,75,75,75,75,75,75,75,75,75,75],"card_choices":[{"not_picked":["Distraction","Cloak And Dagger"],"picked":"Predator","floor":1},{"not_picked":["Expertise","Dodge and Roll"],"picked":"Escape Plan","floor":4},{"not_picked":["Accuracy","Masterful Stab"],"picked":"Calculated Gamble","floor":5},{"not_picked":["Blade Dance","Quick Slash"],"picked":"Dagger Spray","floor":7},{"not_picked":["Catalyst","Burst"],"picked":"Footwork","floor":8},{"not_picked":["Reflex","Eviscerate","Concentrate"],"picked":"SKIP","floor":11},{"not_picked":["Heel Hook","Eviscerate"],"picked":"Poisoned Stab","floor":12},{"not_picked":["PiercingWail","Blade Dance"],"picked":"Backflip","floor":13},{"not_picked":["Unload","A Thousand Cuts"],"picked":"Grand Finale","floor":16},{"not_picked":["Underhanded Strike","Flying Knee"],"picked":"Deadly Poison+1","floor":18},{"not_picked":["Terror","Poisoned Stab","Flying Knee+1"],"picked":"SKIP","floor":19},{"not_picked":["Prepared","Heel Hook","Dagger Spray"],"picked":"SKIP","floor":22},{"not_picked":["Prepared","Heel Hook","Dagger Spray"],"picked":"SKIP","floor":22},{"not_picked":["Expertise","All Out Attack","Acrobatics"],"picked":"SKIP","floor":23},{"not_picked":["Heel Hook+1","Predator+1"],"picked":"Deadly Poison+1","floor":27},{"not_picked":["Blade Dance","Setup","Flying Knee"],"picked":"SKIP","floor":28},{"not_picked":["Poisoned Stab+1","Escape Plan"],"picked":"Backflip","floor":29},{"not_picked":["Storm of Steel","A Thousand Cuts"],"picked":"Wraith Form v2","floor":33},{"not_picked":["Distraction+1","Expertise"],"picked":"Crippling Poison","floor":35},{"not_picked":["Crippling Poison","Sucker Punch"],"picked":"Leg Sweep","floor":37},{"not_picked":["Dramatic Entrance","Violence"],"picked":"Panacea","floor":38},{"not_picked":["Enlightenment","Good Instincts"],"picked":"Dark Shackles","floor":38},{"not_picked":["Flash of Steel","Sadistic Nature"],"picked":"Panache","floor":38},{"not_picked":["Poisoned Stab+1","Slice+1"],"picked":"Terror+1","floor":40},{"not_picked":["Poisoned Stab+1","Sucker Punch","Underhanded Strike"],"picked":"SKIP","floor":41},{"not_picked":["Concentrate+1","Noxious Fumes"],"picked":"Tactician+1","floor":48}],"player_experience":3857710,"relics_obtained":[{"floor":7,"key":"Smiling Mask"},{"floor":9,"key":"Lantern"},{"floor":12,"key":"Bag of Preparation"},{"floor":23,"key":"Centennial Puzzle"},{"floor":26,"key":"Incense Burner"},{"floor":28,"key":"Sundial"},{"floor":43,"key":"Juzu Bracelet"}],"event_choices":[{"damage_healed":0,"gold_gain":0,"cards_transformed":["Strike_G"],"player_choice":"Transformed","damage_taken":0,"max_hp_gain":0,"max_hp_loss":0,"event_name":"Transmorgrifier","floor":2,"gold_loss":0,"cards_obtained":["Grand Finale"]},{"damage_healed":0,"gold_gain":0,"player_choice":"Simplicity","damage_taken":0,"max_hp_gain":0,"max_hp_loss":0,"event_name":"Back to Basics","floor":20,"gold_loss":0,"cards_upgraded":["Defend_G","Defend_G","Defend_G","Defend_G","Defend_G"]},{"damage_healed":0,"gold_gain":0,"player_choice":"Ignored","damage_taken":0,"max_hp_gain":0,"max_hp_loss":0,"event_name":"Vampires","floor":21,"gold_loss":0},{"damage_healed":0,"gold_gain":99,"player_choice":"Stole From Cult","damage_taken":0,"max_hp_gain":0,"max_hp_loss":0,"event_name":"Nest","floor":25,"gold_loss":0},{"damage_healed":0,"gold_gain":0,"player_choice":"Shed Blood","damage_taken":18,"max_hp_gain":5,"max_hp_loss":0,"event_name":"Forgotten Altar","floor":30,"gold_loss":0},{"damage_healed":0,"gold_gain":0,"player_choice":"Memory 3","damage_taken":10,"max_hp_gain":0,"max_hp_loss":0,"event_name":"SensoryStone","floor":38,"gold_loss":0},{"cards_removed":["Predator"],"damage_healed":12,"gold_gain":0,"player_choice":"Offered Uncommon","damage_taken":0,"max_hp_gain":0,"max_hp_loss":0,"event_name":"Bonfire Elementals","floor":39,"gold_loss":0},{"cards_removed":["Choke"],"damage_healed":0,"gold_gain":0,"player_choice":"Removed Attack","damage_taken":0,"max_hp_gain":0,"max_hp_loss":0,"event_name":"Falling","floor":45,"gold_loss":0}],"is_beta":false,"boss_relics":[{"not_picked":["Cursed Key","Busted Crown"],"picked":"Astrolabe"},{"not_picked":["HoveringKite","Velvet Choker"],"picked":"Runic Pyramid"}],"items_purged_floors":[14],"is_endless":false,"potions_floor_spawned":[1,7,8,11,16,19,23,29,35,41],"ascension_level":0}