{"gold_per_floor":[114,129,144,144,159,159,189,189,214,214,12,27,42,57,57,157,157,157,157,57,57,57,57,57,57,57,57,57,57,57,4,4,4,4,4,4,4,4,4,4,4,4,4,4,4,4,4,4,4,4],"floor_reached":51,"playtime":2397,"items_purged":["Strike_B","Strike_G"],"score":778,"play_id":"f5c4e391-852a-492e-bf72-d5bea3e171f0","local_time":"20190513221423","daily_mods":["Chimera","Uncertain Future","Lethality"],"is_ascension_mode":false,"campfire_choices":[{"data":"Bash","floor":6,"key":"SMITH"},{"data":"Sword Boomerang","floor":8,"key":"SMITH"},{"data":"Disarm","floor":15,"key":"SMITH"},{"data":"Limit Break","floor":25,"key":"SMITH"},{"data":"Whirlwind","floor":29,"key":"SMITH"},{"data":"Disarm","floor":32,"key":"SMITH"},{"floor":41,"key":"REST"},{"floor":47,"key":"REST"},{"floor":49,"key":"REST"}],"neow_cost":"","seed_source_timestamp":0,"circlet_count":0,"master_deck":["Bash+1","Survivor+1","Zap+1","Defend_R+1","Sword Boomerang+1","Disarm+1","Clothesline+1","Feel No Pain+1","Pummel+1","Shrug It Off+1","Ghostly Armor+1","Disarm+1","Limit Break+1","Warcry+1","Pummel+1","Pummel+1","Whirlwind+1","Burning Pact+1","Pummel+1","Sword Boomerang+1","Impervious+1","Armaments+1","Bloodletting+1","Rage+1","Havoc+1","Blind+1","Panache+1","Seeing Red+1","Iron Wave+1","Exhume+1","Shrug It Off+1"],"special_seed":18030,"relics":["Burning Blood","Blue Candle","Strawberry","Bottled Lightning","Ectoplasm","Unceasing Top","Pear","Astrolabe","Meat on the Bone","Dodecahedron","Mark of the Bloom"],"potions_floor_usage":[7,14,16,16,22,23,33,40,46,46,50],"damage_taken":[{"damage":9,"enemies":"Cultist","floor":1,"turns":3},{"damage":0,"enemies":"2 Louse","floor":2,"turns":1},{"damage":1,"enemies":"Jaw Worm","floor":3,"turns":2},{"damage":17,"enemies":"Large Slime","floor":5,"turns":4},{"damage":15,"enemies":"Lagavulin","floor":7,"turns":6},{"damage":11,"enemies":"Looter","floor":12,"turns":2},{"damage":8,"enemies":"Exordium Wildlife","floor":13,"turns":2},{"damage":11,"enemies":"2 Fungi Beasts","floor":14,"turns":2},{"damage":13,"enemies":"The Guardian","floor":16,"turns":10},{"damage":0,"enemies":"Chosen","floor":18,"turns":3},{"damage":14,"enemies":"Spheric Guardian","floor":19,"turns":4},{"damage":13,"enemies":"Snecko","floor":21,"turns":3},{"damage":9,"enemies":"Snake Plant","floor":22,"turns":3},{"damage":0,"enemies":"Gremlin Leader","floor":23,"turns":4},{"damage":1,"enemies":"3 Cultists","floor":28,"turns":3},{"damage":12,"enemies":"Cultist and Chosen","floor":30,"turns":4},{"damage":31,"enemies":"Collector","floor":33,"turns":6},{"damage":16,"enemies":"3 Shapes","floor":35,"turns":4},{"damage":33,"enemies":"3 Darklings","floor":38,"turns":4},{"damage":2,"enemies":"Spire Growth","floor":39,"turns":4},{"damage":43,"enemies":"Giant Head","floor":40,"turns":9},{"damage":0,"enemies":"4 Shapes","floor":42,"turns":5},{"damage":8,"enemies":"Sphere and 2 Shapes","floor":44,"turns":3},{"damage":14,"enemies":"Writhing Mass","floor":46,"turns":7},{"damage":66,"enemies":"Donu and Deca","floor":50,"turns":7}],"seed_played":"7474928015794905263","potions_obtained":[{"floor":1,"key":"Poison Potion"},{"floor":7,"key":"Regen Potion"},{"floor":12,"key":"Energy Potion"},{"floor":13,"key":"FearPotion"},{"floor":16,"key":"GamblersBrew"},{"floor":18,"key":"EssenceOfSteel"},{"floor":21,"key":"Energy Potion"},{"floor":28,"key":"Fire Potion"},{"floor":38,"key":"BloodPotion"},{"floor":39,"key":"Weak Potion"},{"floor":44,"key":"BloodPotion"}],"is_trial":false,"path_per_floor":["M","M","M","?","M","R","E","R","T","T","$","M","M","M","R","B",null,"M","M","$","M","M","E","?","R","T","?","M","R","M","$","R","B",null,"M","?","?","M","M","E","R","M","T","M","$","M","R","?","R","B",null],"character_chosen":"IRONCLAD","items_purchased":["Pummel","Shrug It Off","Sword Boomerang"],"campfire_rested":3,"item_purchase_floors":[11,11,31],"current_hp_per_floor":[77,80,80,85,74,74,65,65,72,72,72,67,65,60,60,68,92,92,84,84,77,74,80,80,80,90,90,95,95,89,89,89,64,102,92,82,82,55,59,32,62,68,68,66,66,68,98,98,98,32],"gold":4,"neow_bonus":"","is_prod":false,"is_daily":true,"chose_seed":false,"campfire_upgraded":6,"win_rate":0,"timestamp":1557800063,"path_taken":["M","?","M","?","M","R","E","R","T","?","$","M","M","M","R","BOSS","M","M","$","M","M","E","?","R","T","?","M","R","M","?","R","BOSS","M","?","?","M","M","E","R","M","T","M","$","M","R","?","R","BOSS"],"build_version":"2019-01-23","purchased_purges":2,"victory":true,"max_hp_per_floor":[80,80,80,85,85,85,85,85,92,92,92,92,92,92,92,92,92,92,92,92,92,92,92,92,92,102,102,102,102,102,102,102,102,102,102,102,102,102,102,102,102,102,102,102,102,102,102,102,102,102],"card_choices":[{"not_picked":["Second Wind","Clash"],"picked":"Sword Boomerang","floor":1},{"not_picked":["Anger","Armaments"],"picked":"Disarm","floor":2},{"not_picked":["Inflame","Thunderclap"],"picked":"Clothesline","floor":3},{"not_picked":["Body Slam","Bloodletting"],"picked":"Feel No Pain","floor":5},{"not_picked":["Armaments","Wild Strike"],"picked":"Sword Boomerang","floor":7},{"not_picked":["Perfected Strike","Warcry"],"picked":"Ghostly Armor","floor":12},{"not_picked":["Pommel Strike","Clothesline"],"picked":"Disarm","floor":13},{"not_picked":["Wild Strike","Sentinel","Thunderclap"],"picked":"SKIP","floor":14},{"not_picked":["Impervious","Dark Embrace"],"picked":"Limit Break","floor":16},{"not_picked":["Armaments","Havoc","Anger"],"picked":"SKIP","floor":18},{"not_picked":["Feel No Pain","Pommel Strike+1"],"picked":"Warcry+1","floor":19},{"not_picked":["Whirlwind","Twin Strike"],"picked":"Pummel+1","floor":21},{"not_picked":["Clash+1","Twin Strike"],"picked":"Pummel","floor":22},{"not_picked":["Cleave+1","Fire Breathing"],"picked":"Whirlwind","floor":23},{"not_picked":["True Grit","Pommel Strike"],"picked":"Burning Pact","floor":28},{"not_picked":["Fire Breathing+1","Rampage+1"],"picked":"Pummel","floor":30},{"not_picked":["Juggernaut","Fiend Fire"],"picked":"Impervious","floor":33},{"not_picked":["Perfected Strike+1","Heavy Blade"],"picked":"Havoc+1","floor":35},{"not_picked":["Trip","PanicButton"],"picked":"Blind","floor":36},{"not_picked":["Apotheosis","Secret Weapon"],"picked":"Panache","floor":36},{"not_picked":["Infernal Blade","Thunderclap"],"picked":"Seeing Red","floor":38},{"not_picked":["Headbutt","Pummel"],"picked":"Iron Wave+1","floor":39},{"not_picked":["Uppercut","Clash","Wild Strike"],"picked":"SKIP","floor":40},{"not_picked":["Perfected Strike+1","Second Wind+1"],"picked":"Exhume","floor":42},{"not_picked":["Pommel Strike","Dual Wield","Body Slam+1"],"picked":"SKIP","floor":44},{"not_picked":["Armaments","Bloodletting"],"picked":"Shrug It Off+1","floor":46}],"player_experience":3664788,"relics_obtained":[{"floor":7,"key":"Blue Candle"},{"floor":9,"key":"Strawberry"},{"floor":10,"key":"Bottled Lightning"},{"floor":23,"key":"Unceasing Top"},{"floor":26,"key":"Pear"},{"floor":40,"key":"Meat on the Bone"},{"floor":43,"key":"Dodecahedron"}],"event_choices":[{"damage_healed":0,"gold_gain":0,"player_choice":"Donut","damage_taken":0,"max_hp_gain":5,"max_hp_loss":0,"event_name":"Big Fish","floor":4,"gold_loss":0},{"damage_healed":0,"gold_gain":0,"player_choice":"Ignored","damage_taken":0,"max_hp_gain":0,"max_hp_loss":0,"event_name":"Vampires","floor":24,"gold_loss":0},{"damage_healed":0,"gold_gain":0,"player_choice":"Ignored","damage_taken":0,"max_hp_gain":0,"max_hp_loss":0,"event_name":"The Mausoleum","floor":27,"gold_loss":0},{"damage_healed":0,"gold_gain":0,"player_choice":"Memory 3","damage_taken":10,"max_hp_gain":0,"max_hp_loss":0,"event_name":"SensoryStone","floor":36,"gold_loss":0},{"cards_removed":["Sword Boomerang"],"damage_healed":0,"gold_gain":0,"player_choice":"Removed Attack","damage_taken":0,"max_hp_gain":0,"max_hp_loss":0,"event_name":"Falling","floor":37,"gold_loss":0},{"damage_healed":0,"gold_gain":0,"player_choice":"Upgrade","damage_taken":0,"relics_obtained":["Mark of the Bloom"],"max_hp_gain":0,"max_hp_loss":0,"event_name":"MindBloom","floor":48,"gold_loss":0,"cards_upgraded":["Survivor","Zap","Defend_R","Clothesline","Feel No Pain","Pummel","Shrug It Off","Ghostly Armor","Pummel","Burning Pact","Pummel","Sword Boomerang","Impervious","Blind","Panache","Seeing Red","Exhume"]}],"is_beta":false,"boss_relics":[{"not_picked":["Busted Crown","Fusion Hammer"],"picked":"Ectoplasm"},{"not_picked":["Snecko Eye","Philosopher\u0027s Stone"],"picked":"Astrolabe"}],"items_purged_floors":[11,20],"is_endless":false,"potions_floor_spawned":[1,7,12,13,16,18,21,28,38,39,44],"ascension_level":0}