{"gold_per_floor":[118,118,131,27,27,54,54,54,80,99,114,4,14,24,24,119,119,138,156,175,5,5,5,5,5,5,5,18,18,30,30,30,30],"floor_reached":33,"playtime":3406,"items_purged":[],"score":297,"play_id":"a9bc18fb-49f3-42fa-85d4-e8e7eb7661cb","local_time":"20190720134340","is_ascension_mode":false,"campfire_choices":[{"data":"Blade Dance","floor":7,"key":"SMITH"},{"floor":15,"key":"REST"},{"floor":23,"key":"REST"},{"floor":27,"key":"REST"},{"floor":29,"key":"REST"},{"floor":32,"key":"DIG"}],"neow_cost":"NONE","seed_source_timestamp":15841710182291,"circlet_count":0,"master_deck":["Strike_G","Strike_G","Strike_G","Strike_G","Strike_G","Defend_G","Defend_G","Defend_G","Defend_G","Defend_G","Survivor","Neutralize","Finesse","Escape Plan","PiercingWail","Noxious Fumes+1","Dodge and Roll+1","Blade Dance+1","Crippling Poison","Dodge and Roll","Footwork","Distraction","Finisher","Deflect","Bullet Time","Cloak And Dagger","Terror","Flying Knee+1","Sadistic Nature","Writhe","RitualDagger","Shame","Dash+1","Deadly Poison+1"],"special_seed":0,"relics":["Ring of the Snake","Gremlin Horn","Strawberry","Fusion Hammer","Anchor","Kunai","Shovel","Ginger"],"potions_floor_usage":[],"damage_taken":[{"damage":0.0,"enemies":"2 Louse","floor":1.0,"turns":4.0},{"damage":0.0,"enemies":"Jaw Worm","floor":3.0,"turns":8.0},{"damage":48,"enemies":"Gremlin Nob","floor":6,"turns":6},{"damage":0,"enemies":"Cultist","floor":10,"turns":4},{"damage":0,"enemies":"2 Fungi Beasts","floor":11,"turns":4},{"damage":16,"enemies":"Large Slime","floor":13,"turns":6},{"damage":10,"enemies":"3 Louse","floor":14,"turns":3},{"damage":0,"enemies":"The Guardian","floor":16,"turns":12},{"damage":17,"enemies":"2 Thieves","floor":18,"turns":5},{"damage":29,"enemies":"Chosen","floor":19,"turns":10},{"damage":12,"enemies":"Snecko","floor":20,"turns":6},{"damage":10,"enemies":"Centurion and Healer","floor":28,"turns":8},{"damage":5,"enemies":"Shelled Parasite and Fungi","floor":30,"turns":5},{"damage":67,"enemies":"Automaton","floor":33,"turns":10}],"seed_played":"6700789839283355478","potions_obtained":[{"floor":3.0,"key":"Explosive Potion"},{"floor":10,"key":"SkillPotion"},{"floor":13,"key":"EssenceOfSteel"}],"is_trial":false,"path_per_floor":["M","?","M","$","?","E","R","?","T","M","M","$","M","M","R","B",null,"M","M","M","$","?","R","?","?","T","R","M","R","M","$","R","B"],"character_chosen":"THE_SILENT","items_purchased":["Noxious Fumes","Dodge and Roll","Footwork","Distraction","Sadistic Nature"],"campfire_rested":4,"item_purchase_floors":[4,4,12,12,21],"current_hp_per_floor":[70,70,70,70,70,22,22,22,29,29,29,29,13,3,26,26,77,60,31,19,19,19,42,36,36,36,59,49,72,67,67,67,0],"gold":30,"neow_bonus":"RANDOM_COLORLESS","is_prod":false,"is_daily":false,"chose_seed":false,"campfire_upgraded":1,"win_rate":0.0,"timestamp":1563623020,"path_taken":["M","?","M","$","?","E","R","?","T","M","?","$","M","M","R","BOSS","M","M","M","$","?","R","?","?","T","R","M","R","M","$","R","BOSS"],"build_version":"2019-07-17","purchased_purges":0,"victory":false,"max_hp_per_floor":[70,70,70,70,70,70,70,70,77,77,77,77,77,77,77,77,77,77,77,77,77,77,77,77,77,77,77,77,77,77,77,77,77],"card_choices":[{"not_picked":["Acrobatics","Outmaneuver"],"picked":"Escape Plan","floor":1.0},{"not_picked":["Deadly Poison","Calculated Gamble"],"picked":"PiercingWail","floor":3.0},{"not_picked":["Expertise","Flying Knee"],"picked":"Blade Dance","floor":6},{"not_picked":["Quick Slash","Finisher"],"picked":"Crippling Poison","floor":10},{"not_picked":["Underhanded Strike","Riddle With Holes"],"picked":"Dodge and Roll","floor":11},{"not_picked":["Glass Knife","Poisoned Stab"],"picked":"Finisher","floor":13},{"not_picked":["Backflip","Dagger Throw"],"picked":"Deflect","floor":14},{"not_picked":["Unload","Burst"],"picked":"Bullet Time","floor":16},{"not_picked":["Heel Hook","Escape Plan"],"picked":"Cloak And Dagger","floor":18},{"not_picked":["Flying Knee","Acrobatics"],"picked":"Terror","floor":19},{"not_picked":["Tactician+1","Quick Slash+1"],"picked":"Flying Knee+1","floor":20},{"not_picked":["Predator","Deflect"],"picked":"Dash+1","floor":28},{"not_picked":["Cloak And Dagger","Reflex+1"],"picked":"Deadly Poison+1","floor":30}],"player_experience":147749,"relics_obtained":[{"floor":6,"key":"Gremlin Horn"},{"floor":9,"key":"Strawberry"},{"floor":26,"key":"Shovel"},{"floor":32,"key":"Ginger"}],"event_choices":[{"damage_healed":0.0,"max_hp_gain":0.0,"max_hp_loss":0.0,"gold_gain":0.0,"event_name":"The Cleric","player_choice":"Leave","floor":2.0,"gold_loss":0.0,"damage_taken":0.0},{"damage_healed":0.0,"max_hp_gain":0.0,"max_hp_loss":0.0,"gold_gain":0.0,"event_name":"Living Wall","player_choice":"Grow","floor":5.0,"gold_loss":0.0,"damage_taken":0.0,"cards_upgraded":["Noxious Fumes"]},{"damage_healed":0,"gold_gain":0,"player_choice":"Upgraded","damage_taken":0,"max_hp_gain":0,"max_hp_loss":0,"event_name":"Upgrade Shrine","floor":8,"gold_loss":0,"cards_upgraded":["Dodge and Roll"]},{"damage_healed":0,"gold_gain":0,"player_choice":"Opened","damage_taken":0,"relics_obtained":["Anchor"],"max_hp_gain":0,"max_hp_loss":0,"event_name":"The Mausoleum","floor":22,"gold_loss":0,"cards_obtained":["Writhe"]},{"damage_healed":0,"gold_gain":0,"player_choice":"Joined the Cult","damage_taken":6,"max_hp_gain":0,"max_hp_loss":0,"event_name":"Nest","floor":24,"gold_loss":0,"cards_obtained":["RitualDagger"]},{"damage_healed":0,"gold_gain":0,"player_choice":"Stole Relic","damage_taken":0,"relics_obtained":["Kunai"],"max_hp_gain":0,"max_hp_loss":0,"event_name":"Addict","floor":25,"gold_loss":0,"cards_obtained":["Shame"]}],"is_beta":false,"boss_relics":[{"not_picked":["HoveringKite","Empty Cage"],"picked":"Fusion Hammer"}],"items_purged_floors":[],"is_endless":false,"potions_floor_spawned":[3,10,13,16,18,20],"killed_by":"Automaton","ascension_level":0}