{"gold_per_floor":[117,97,109,128,53,53,78,78,130,143,143,161,161,175,175,249,299,310,45,62,62],"floor_reached":21,"playtime":1167,"items_purged":["Strike_B","Strike_B"],"score":391,"play_id":"5bad5239-57cd-4692-8d45-86494451c8b5","local_time":"20190410103415","is_ascension_mode":true,"campfire_choices":[{"data":"Defragment","floor":6,"key":"SMITH"},{"floor":8,"key":"REST"},{"data":"Loop","floor":13,"key":"SMITH"},{"data":"Gash","floor":15,"key":"SMITH"}],"neow_cost":"NONE","seed_source_timestamp":54525098740692,"circlet_count":0,"master_deck":["AscendersBane","Strike_B","Defend_B","Defend_B","Defend_B","Defend_B","Zap","Dualcast","Rebound","Defragment+1","Darkness","Gash+1","Loop+1","Chill","Reinforced Body+1","Cold Snap","Echo Form","Tempest","Hologram+1","Reinforced Body"],"relics":["Cracked Core","Vajra","Regal Pillow","Tiny House","Anchor"],"potions_floor_usage":[7,7,18,18,18,21],"damage_taken":[{"damage":3,"enemies":"2 Louse","floor":1,"turns":2},{"damage":1,"enemies":"Cultist","floor":3,"turns":3},{"damage":2,"enemies":"Jaw Worm","floor":4,"turns":4},{"damage":31,"enemies":"Gremlin Nob","floor":7,"turns":4},{"damage":7,"enemies":"Looter","floor":10,"turns":3},{"damage":15,"enemies":"Red Slaver","floor":12,"turns":4},{"damage":1,"enemies":"Large Slime","floor":14,"turns":5},{"damage":13,"enemies":"Hexaghost","floor":16,"turns":9},{"damage":27,"enemies":"2 Thieves","floor":18,"turns":4},{"damage":33,"enemies":"3 Byrds","floor":20,"turns":5},{"damage":6,"enemies":"3 Cultists","floor":21,"turns":3}],"seed_played":"3244935773337025355","potions_obtained":[{"floor":1,"key":"Ancient Potion"},{"floor":2,"key":"GamblersBrew"},{"floor":14,"key":"Block Potion"},{"floor":16,"key":"EntropicBrew"},{"floor":20,"key":"GamblersBrew"}],"is_trial":false,"path_per_floor":["M","?","M","M","$","R","E","R","T","M","?","M","R","M","R","B",null,"M","$","M","M"],"character_chosen":"DEFECT","items_purchased":["Anchor"],"campfire_rested":1,"item_purchase_floors":[19],"current_hp_per_floor":[61,61,60,58,58,58,27,48,48,41,41,26,26,25,25,12,61,34,34,1,0],"gold":62,"neow_bonus":"THREE_CARDS","is_prod":false,"is_daily":false,"chose_seed":false,"campfire_upgraded":3,"win_rate":0,"timestamp":1554906855,"path_taken":["M","?","M","?","?","R","E","R","T","M","?","M","R","M","R","BOSS","M","$","M","M"],"build_version":"2019-01-23","purchased_purges":2,"victory":false,"max_hp_per_floor":[71,71,71,71,71,71,71,71,71,71,71,71,71,71,71,71,76,76,76,76,76],"card_choices":[{"not_picked":["Blizzard","Stack"],"picked":"Rebound","floor":0},{"not_picked":["Hologram","Stack"],"picked":"Defragment","floor":1},{"not_picked":["Consume","Leap"],"picked":"Darkness","floor":3},{"not_picked":["Sweeping Beam","Redo"],"picked":"Gash","floor":4},{"not_picked":["Rebound","Barrage","Turbo"],"picked":"SKIP","floor":7},{"not_picked":["Rebound","Hello World"],"picked":"Loop","floor":10},{"not_picked":["Rebound","Ball Lightning"],"picked":"Reinforced Body","floor":12},{"not_picked":["Ball Lightning","Turbo"],"picked":"Cold Snap","floor":14},{"not_picked":["All For One","Creative AI"],"picked":"Echo Form","floor":16},{"not_picked":["Stack","Rebound"],"picked":"Tempest","floor":17},{"not_picked":["Doom and Gloom","Streamline"],"picked":"Hologram+1","floor":18},{"not_picked":["Turbo","Scrape"],"picked":"Reinforced Body","floor":20}],"player_experience":3328883,"relics_obtained":[{"floor":7,"key":"Vajra"},{"floor":9,"key":"Regal Pillow"}],"event_choices":[{"damage_healed":0,"gold_gain":0,"player_choice":"Bought 1 Potion","damage_taken":0,"max_hp_gain":0,"max_hp_loss":0,"event_name":"The Woman in Blue","floor":2,"gold_loss":0},{"damage_healed":0,"gold_gain":0,"cards_transformed":["Strike_B"],"player_choice":"Change","damage_taken":0,"max_hp_gain":0,"max_hp_loss":0,"event_name":"Living Wall","floor":11,"gold_loss":0,"cards_obtained":["Chill"]}],"is_beta":false,"boss_relics":[{"not_picked":["Philosopher\u0027s Stone","White Beast Statue"],"picked":"Tiny House"}],"items_purged_floors":[5,19],"is_endless":false,"potions_floor_spawned":[1,3,14,16,20],"killed_by":"3 Cultists","ascension_level":18}