{"gold_per_floor":[116,116,116,32,46,46,71,71,98,134,134,80,119,134,134,134],"floor_reached":16,"playtime":811,"items_purged":[],"score":191,"play_id":"d1cbaba9-6e12-410e-8d20-13beb921165f","local_time":"20190703192010","is_ascension_mode":true,"campfire_choices":[{"data":"Neutralize","floor":6,"key":"SMITH"},{"data":"Bullet Time","floor":8,"key":"SMITH"},{"floor":15,"key":"REST"}],"neow_cost":"NONE","seed_source_timestamp":1728489178316661,"circlet_count":0,"master_deck":["AscendersBane","Strike_G","Strike_G","Strike_G","Strike_G","Strike_G","Defend_G","Defend_G","Defend_G","Defend_G+1","Defend_G","Survivor","Neutralize+1","Bullet Time+1","Poisoned Stab","Neutralize","Calculated Gamble","Footwork","Deadly Poison+1","Acrobatics","Tactician","Deadly Poison","Bane","Blur","Backflip"],"relics":["Ring of the Snake","Golden Idol","War Paint","Odd Mushroom","Dream Catcher"],"potions_floor_usage":[10,16],"damage_taken":[{"damage":0,"enemies":"2 Louse","floor":1,"turns":4},{"damage":2,"enemies":"Jaw Worm","floor":5,"turns":5},{"damage":1,"enemies":"Cultist","floor":7,"turns":4},{"damage":12,"enemies":"The Mushroom Lair","floor":10,"turns":5},{"damage":8,"enemies":"Lagavulin","floor":13,"turns":7},{"damage":6,"enemies":"Blue Slaver","floor":14,"turns":3},{"damage":53,"enemies":"Slime Boss","floor":16,"turns":12}],"seed_played":"8956960599082945862","potions_obtained":[{"floor":1,"key":"Block Potion"},{"floor":14,"key":"Energy Potion"}],"is_trial":false,"path_per_floor":["M","?","?","$","M","R","M","R","T","?","?","$","E","M","R","B"],"character_chosen":"THE_SILENT","items_purchased":["Footwork","Deadly Poison"],"campfire_rested":1,"item_purchase_floors":[4,12],"current_hp_per_floor":[59,59,59,59,57,57,56,56,56,44,44,44,36,30,48,0],"gold":134,"neow_bonus":"ONE_RANDOM_RARE_CARD","is_prod":false,"is_daily":false,"chose_seed":false,"campfire_upgraded":2,"win_rate":0,"timestamp":1562203210,"path_taken":["M","?","?","$","?","R","M","R","T","?","?","$","E","M","R","BOSS"],"build_version":"2019-06-30","purchased_purges":0,"victory":false,"max_hp_per_floor":[66,60,60,60,60,60,60,60,60,60,60,60,60,60,60,60],"card_choices":[{"not_picked":["Calculated Gamble","Heel Hook"],"picked":"Poisoned Stab","floor":1},{"not_picked":["Blade Dance","Distraction"],"picked":"Deadly Poison","floor":5},{"not_picked":["Cloak And Dagger","Flying Knee"],"picked":"Acrobatics","floor":7},{"not_picked":["Reflex","Cloak And Dagger"],"picked":"Tactician","floor":10},{"not_picked":["Infinite Blades","Blade Dance"],"picked":"Bane","floor":13},{"not_picked":["Dagger Throw","Bane"],"picked":"Blur","floor":14},{"not_picked":["Setup","Bane"],"picked":"Backflip","floor":15}],"player_experience":1135433,"relics_obtained":[{"floor":9,"key":"War Paint"},{"floor":10,"key":"Odd Mushroom"},{"floor":13,"key":"Dream Catcher"}],"event_choices":[{"damage_healed":0,"gold_gain":0,"player_choice":"Lose Max HP","damage_taken":0,"relics_obtained":["Golden Idol"],"max_hp_gain":0,"max_hp_loss":6,"event_name":"Golden Idol","floor":2,"gold_loss":0},{"damage_healed":0,"gold_gain":0,"player_choice":"2 cards matched","damage_taken":0,"max_hp_gain":0,"max_hp_loss":0,"event_name":"Match and Keep!","floor":3,"gold_loss":0,"cards_obtained":["Neutralize","Calculated Gamble"]},{"damage_healed":0,"gold_gain":0,"player_choice":"2 cards matched","damage_taken":0,"max_hp_gain":0,"max_hp_loss":0,"event_name":"Match and Keep!","floor":3,"gold_loss":0,"cards_obtained":["Neutralize","Calculated Gamble"]},{"damage_healed":0,"gold_gain":0,"player_choice":"Fought Mushrooms","damage_taken":0,"max_hp_gain":0,"max_hp_loss":0,"event_name":"Mushrooms","floor":10,"gold_loss":0},{"damage_healed":0,"gold_gain":0,"player_choice":"Ignored","damage_taken":0,"max_hp_gain":0,"max_hp_loss":0,"event_name":"Golden Wing","floor":11,"gold_loss":0}],"is_beta":true,"boss_relics":[],"items_purged_floors":[],"is_endless":false,"potions_floor_spawned":[1,14],"killed_by":"Slime Boss","ascension_level":19}