{"gold_per_floor":[114,114,126,141,153,182,197,208,288,301,321,321,286,342,342,440,440,411,422,442,442,442],"floor_reached":22,"playtime":3012,"items_purged":[],"score":202,"play_id":"3c54ece7-cbef-4183-ac25-c6b8d7db18b6","local_time":"20190710174143","is_ascension_mode":false,"campfire_choices":[{"data":"Armaments","floor":12,"key":"SMITH"},{"data":"Armaments","floor":15,"key":"SMITH"}],"neow_cost":"NONE","seed_source_timestamp":7761839826212,"circlet_count":0,"master_deck":["Strike_R","Strike_R","Strike_R","Strike_R","Strike_R","Defend_R","Defend_R","Defend_R","Defend_R","Bash","Armaments+1","Shockwave","Armaments+1","Rage","Anger","Cleave","Anger","Infernal Blade","Juggernaut","Armaments+1","Flame Barrier","Barricade","Body Slam","Rampage","Sword Boomerang","Intimidate","Ghostly Armor","Rampage","Shrug It Off+1","Uppercut+1"],"relics":["Burning Blood","Smiling Mask","Pear","Tiny Chest","Orrery"],"potions_floor_usage":[6,7,19],"damage_taken":[{"damage":6,"enemies":"Jaw Worm","floor":1,"turns":4},{"damage":6,"enemies":"2 Louse","floor":3,"turns":3},{"damage":7,"enemies":"Small Slimes","floor":4,"turns":5},{"damage":5,"enemies":"2 Fungi Beasts","floor":5,"turns":7},{"damage":26,"enemies":"3 Sentries","floor":6,"turns":11},{"damage":11,"enemies":"Exordium Thugs","floor":7,"turns":5},{"damage":0,"enemies":"Looter","floor":8,"turns":4},{"damage":5,"enemies":"Lots of Slimes","floor":10,"turns":3},{"damage":5,"enemies":"3 Louse","floor":11,"turns":3},{"damage":14,"enemies":"Gremlin Nob","floor":14,"turns":4},{"damage":14,"enemies":"Slime Boss","floor":16,"turns":7},{"damage":15,"enemies":"2 Thieves","floor":18,"turns":5},{"damage":9,"enemies":"Chosen","floor":19,"turns":7},{"damage":43,"enemies":"Centurion and Healer","floor":20,"turns":13},{"damage":41,"enemies":"3 Cultists","floor":22,"turns":4}],"seed_played":"4320076161505567735","potions_obtained":[{"floor":1,"key":"Ancient Potion"},{"floor":5,"key":"AttackPotion"},{"floor":7,"key":"EssenceOfSteel"},{"floor":10,"key":"GamblersBrew"},{"floor":16,"key":"AttackPotion"}],"is_trial":false,"path_per_floor":["M","?","M","M","M","E","M","M","T","M","M","R","?","E","R","B",null,"M","M","M","?","M"],"character_chosen":"IRONCLAD","items_purchased":[],"campfire_rested":0,"item_purchase_floors":[],"current_hp_per_floor":[80,80,80,79,80,60,55,61,71,72,73,73,90,82,82,74,90,81,78,41,41,0],"gold":442,"neow_bonus":"THREE_CARDS","is_prod":false,"is_daily":false,"chose_seed":false,"campfire_upgraded":2,"win_rate":0,"timestamp":1562773303,"path_taken":["M","?","M","M","M","E","M","M","T","M","M","R","?","E","R","BOSS","M","M","M","?","M"],"build_version":"2019-07-05","purchased_purges":0,"victory":false,"max_hp_per_floor":[80,80,80,80,80,80,80,80,90,90,90,90,90,90,90,90,90,90,90,90,90,90],"card_choices":[{"not_picked":["True Grit","Pommel Strike"],"picked":"Armaments","floor":0},{"not_picked":["Disarm","Whirlwind"],"picked":"Shockwave","floor":1},{"not_picked":["Entrench","Clash"],"picked":"Armaments","floor":3},{"not_picked":["Body Slam","Iron Wave"],"picked":"Rage","floor":4},{"not_picked":["Combust","Heavy Blade"],"picked":"Anger","floor":5},{"not_picked":["Flame Barrier","Heavy Blade"],"picked":"Cleave","floor":6},{"not_picked":["Ghostly Armor","Shockwave"],"picked":"Anger","floor":7},{"not_picked":["Anger","Dropkick"],"picked":"Infernal Blade","floor":8},{"not_picked":["Heavy Blade","Flame Barrier"],"picked":"Juggernaut","floor":10},{"not_picked":["Clash","Headbutt"],"picked":"Armaments","floor":11},{"not_picked":["Rupture","Body Slam"],"picked":"Flame Barrier","floor":14},{"not_picked":["Brutality","Reaper"],"picked":"Barricade","floor":16},{"not_picked":["Inflame","Pommel Strike"],"picked":"Body Slam","floor":17},{"not_picked":["Cleave","Power Through"],"picked":"Rampage","floor":17},{"not_picked":["Evolve","Feel No Pain"],"picked":"Sword Boomerang","floor":17},{"not_picked":["Whirlwind","Seeing Red"],"picked":"Intimidate","floor":17},{"not_picked":["Cleave","Pummel"],"picked":"Ghostly Armor","floor":17},{"not_picked":["Twin Strike+1","Sever Soul+1"],"picked":"Rampage","floor":18},{"not_picked":["Infernal Blade+1","True Grit+1"],"picked":"Shrug It Off+1","floor":19},{"not_picked":["Pommel Strike","Heavy Blade"],"picked":"Uppercut+1","floor":20}],"player_experience":53835,"relics_obtained":[{"floor":6,"key":"Smiling Mask"},{"floor":9,"key":"Pear"},{"floor":14,"key":"Tiny Chest"}],"event_choices":[{"damage_healed":0,"gold_gain":0,"player_choice":"Grow","damage_taken":0,"max_hp_gain":0,"max_hp_loss":0,"event_name":"Living Wall","floor":2,"gold_loss":0,"cards_upgraded":["Armaments"]},{"damage_healed":22,"gold_gain":0,"player_choice":"Healed","damage_taken":0,"max_hp_gain":0,"max_hp_loss":0,"event_name":"The Cleric","floor":13,"gold_loss":35},{"damage_healed":0,"gold_gain":0,"player_choice":"Ignored","damage_taken":0,"max_hp_gain":0,"max_hp_loss":0,"event_name":"The Mausoleum","floor":21,"gold_loss":0}],"is_beta":false,"boss_relics":[{"not_picked":["Runic Dome","Calling Bell"],"picked":"Orrery"}],"items_purged_floors":[],"is_endless":false,"potions_floor_spawned":[1,5,7,10,16,18],"killed_by":"3 Cultists","ascension_level":0}