{"gold_per_floor":[115,126,146,161,179,179,197,197,197,213,7,17,17,33,33,129,129],"floor_reached":17,"playtime":454,"items_purged":[],"score":203,"play_id":"220984b3-23ea-47c3-b19f-6abc13af20b0","local_time":"20190417152220","is_ascension_mode":false,"campfire_choices":[{"data":"Footwork","floor":6,"key":"SMITH"},{"data":"Deadly Poison","floor":8,"key":"SMITH"},{"floor":13,"key":"REST"},{"data":"Deadly Poison","floor":15,"key":"SMITH"}],"neow_cost":"NONE","seed_source_timestamp":677323325436704,"circlet_count":0,"master_deck":["Defend_G","Defend_G","Defend_G","Defend_G","Defend_G","Strike_G","Strike_G","Survivor","Neutralize","Flying Knee","Footwork+1","Quick Slash","Deadly Poison+1","PiercingWail","Backflip","Footwork","After Image","Deadly Poison+1","After Image","Flying Knee+1","A Thousand Cuts+1","Blur+1"],"relics":["Ring of the Snake","NeowsBlessing","Ninja Scroll","Astrolabe"],"potions_floor_usage":[5,16,16,16],"damage_taken":[{"damage":0,"enemies":"Cultist","floor":1,"turns":1},{"damage":0,"enemies":"Small Slimes","floor":2,"turns":1},{"damage":0,"enemies":"Jaw Worm","floor":3,"turns":1},{"damage":7,"enemies":"3 Louse","floor":4,"turns":4},{"damage":12,"enemies":"Exordium Wildlife","floor":5,"turns":5},{"damage":2,"enemies":"Looter","floor":7,"turns":4},{"damage":6,"enemies":"Blue Slaver","floor":10,"turns":3},{"damage":1,"enemies":"2 Fungi Beasts","floor":12,"turns":2},{"damage":16,"enemies":"3 Louse","floor":14,"turns":3},{"damage":0,"enemies":"Hexaghost","floor":16,"turns":9}],"seed_played":"-258226829658626005","potions_obtained":[{"floor":1,"key":"Fire Potion"},{"floor":2,"key":"LiquidBronze"},{"floor":7,"key":"Ancient Potion"},{"floor":16,"key":"FearPotion"}],"is_trial":false,"path_per_floor":["M","M","M","M","M","R","M","R","T","M","$","M","R","M","R","B",null],"character_chosen":"THE_SILENT","items_purchased":["After Image","Weak Potion"],"campfire_rested":1,"item_purchase_floors":[11,11],"current_hp_per_floor":[70,70,70,63,51,51,49,49,49,43,43,42,63,47,47,47,70],"gold":129,"neow_bonus":"THREE_ENEMY_KILL","is_prod":false,"is_daily":false,"chose_seed":false,"campfire_upgraded":3,"win_rate":0,"timestamp":1555528940,"path_taken":["M","?","?","M","M","R","M","R","T","M","$","M","R","M","R","BOSS"],"build_version":"2019-01-23","purchased_purges":0,"victory":false,"max_hp_per_floor":[70,70,70,70,70,70,70,70,70,70,70,70,70,70,70,70,70],"card_choices":[{"not_picked":["Masterful Stab","Outmaneuver"],"picked":"Flying Knee","floor":1},{"not_picked":["Prepared","Flying Knee"],"picked":"Footwork","floor":2},{"not_picked":["Acrobatics","Masterful Stab"],"picked":"Quick Slash","floor":3},{"not_picked":["Poisoned Stab","Bane"],"picked":"Deadly Poison","floor":4},{"not_picked":["Underhanded Strike","Setup"],"picked":"PiercingWail","floor":5},{"not_picked":["Bane","Acrobatics"],"picked":"Backflip","floor":7},{"not_picked":["Underhanded Strike","Leg Sweep"],"picked":"Footwork","floor":10},{"not_picked":["Underhanded Strike","Slice","Prepared"],"picked":"SKIP","floor":12},{"not_picked":["Choke","Phantasmal Killer"],"picked":"Deadly Poison","floor":14},{"not_picked":["Glass Knife","Envenom"],"picked":"After Image","floor":16}],"player_experience":3390538,"relics_obtained":[{"floor":9,"key":"Ninja Scroll"}],"event_choices":[],"is_beta":false,"boss_relics":[{"not_picked":["Busted Crown","Philosopher\u0027s Stone"],"picked":"Astrolabe"}],"items_purged_floors":[],"is_endless":false,"potions_floor_spawned":[1,2,7,16],"ascension_level":0}