{"gold_per_floor":[112,112,122,138,313,313,388,408,432,432,443,88,100,119,119,216,216,235,252,212,230,26,52,52,78,78,11,11,31,43,58,58,158,158,169,169,179,192,210,239,239,266,292,309,161,175,575,593,593,593],"floor_reached":51,"playtime":6606,"items_purged":["Strike_B"],"score":806,"play_id":"46e6cce4-e80d-4c11-9805-a4d578ce0d66","local_time":"20190714003814","is_ascension_mode":true,"campfire_choices":[{"floor":6,"key":"RECALL"},{"floor":15,"key":"REST"},{"floor":24,"key":"REST"},{"floor":32,"key":"REST"},{"floor":49,"key":"REST"}],"neow_cost":"TEN_PERCENT_HP_LOSS","seed_source_timestamp":48750873427081,"circlet_count":0,"master_deck":["Strike_B","Strike_B","Strike_B","Defend_B","Defend_B","Defend_B","Defend_B","Zap+1","Dualcast","Electrodynamics","Storm","Hologram","Reprogram","FTL","White Noise","Hello World+1","Auto Shields+1","Hologram+1","Leap+1","Echo Form","Undo+1","Capacitor","Chaos+1","Consume+1","Steam+1","Self Repair","Conserve Battery+1","Steam+1","Reboot+1","Skim+1","Bandage Up+1","Dark Shackles+1","Panacea+1","Leap+1","Loop+1","Go for the Eyes+1","Steam+1","Conserve Battery+1","Chill+1","Force Field+1","Skim+1","Double Energy+1"],"relics":["Cracked Core","Toxic Egg 2","Fusion Hammer","Toolbox","Bag of Preparation","Thread and Needle","Pear","Philosopher\u0027s Stone","WingedGreaves","Question Card","Pen Nib","Old Coin"],"potions_floor_usage":[25,38,44,50],"damage_taken":[{"damage":6,"enemies":"Jaw Worm","floor":1,"turns":2},{"damage":0,"enemies":"Small Slimes","floor":3,"turns":3},{"damage":1,"enemies":"2 Louse","floor":4,"turns":2},{"damage":20,"enemies":"Exordium Thugs","floor":8,"turns":5},{"damage":9,"enemies":"Blue Slaver","floor":11,"turns":3},{"damage":0,"enemies":"2 Fungi Beasts","floor":13,"turns":3},{"damage":5,"enemies":"Exordium Thugs","floor":14,"turns":4},{"damage":3,"enemies":"The Guardian","floor":16,"turns":11},{"damage":10,"enemies":"2 Thieves","floor":18,"turns":3},{"damage":0,"enemies":"Spheric Guardian","floor":19,"turns":5},{"damage":0,"enemies":"Chosen and Byrds","floor":21,"turns":7},{"damage":23,"enemies":"Book of Stabbing","floor":23,"turns":6},{"damage":43,"enemies":"Gremlin Leader","floor":25,"turns":6},{"damage":1,"enemies":"Centurion and Healer","floor":29,"turns":5},{"damage":9,"enemies":"Snake Plant","floor":30,"turns":5},{"damage":0,"enemies":"Snecko","floor":31,"turns":5},{"damage":7,"enemies":"Collector","floor":33,"turns":7},{"damage":0,"enemies":"Orb Walker","floor":35,"turns":4},{"damage":0,"enemies":"3 Darklings","floor":37,"turns":4},{"damage":17,"enemies":"Writhing Mass","floor":38,"turns":7},{"damage":3,"enemies":"4 Shapes","floor":39,"turns":5},{"damage":18,"enemies":"Nemesis","floor":40,"turns":7},{"damage":0,"enemies":"Giant Head","floor":42,"turns":8},{"damage":9,"enemies":"Sphere and 2 Shapes","floor":44,"turns":6},{"damage":0,"enemies":"Maw","floor":46,"turns":8},{"damage":0,"enemies":"Mind Bloom Boss Battle","floor":47,"turns":6},{"damage":2,"enemies":"Jaw Worm Horde","floor":48,"turns":5},{"damage":51,"enemies":"Time Eater","floor":50,"turns":12}],"seed_played":"6577672292366104102","potions_obtained":[{"floor":3,"key":"Poison Potion"},{"floor":4,"key":"GamblersBrew"},{"floor":14,"key":"SteroidPotion"},{"floor":18,"key":"PowerPotion"},{"floor":25,"key":"SpeedPotion"},{"floor":37,"key":"SkillPotion"},{"floor":38,"key":"Poison Potion"},{"floor":40,"key":"SkillPotion"},{"floor":44,"key":"Strength Potion"}],"is_trial":false,"path_per_floor":["M","?","M","M","?","R","?","M","T","?","M","$","M","M","R","B",null,"M","M","?","M","$","E","R","E","T","$","?","M","M","M","R","B",null,"M","?","M","M","M","E","?","E","T","M","$","M","?","M","R","B",null],"character_chosen":"DEFECT","items_purchased":["Toxic Egg 2","Hello World","Auto Shields+1","Toolbox","Self Repair","Force Field+1"],"campfire_rested":4,"item_purchase_floors":[12,12,12,22,27,45],"current_hp_per_floor":[62,67,67,66,66,66,59,39,39,32,23,23,23,18,39,36,73,63,63,63,63,63,40,61,18,28,28,28,34,39,53,77,77,83,83,73,83,83,83,78,78,83,83,80,80,83,83,83,83,45],"gold":593,"neow_bonus":"THREE_RARE_CARDS","is_prod":false,"is_daily":false,"chose_seed":false,"campfire_upgraded":0,"win_rate":0,"timestamp":1563057494,"path_taken":["M","?","M","M","?","R","?","?","T","?","M","$","M","M","R","BOSS","M","M","?","M","$","E","R","E","T","?","?","?","M","M","R","BOSS","M","?","M","M","M","E","?","E","T","M","$","?","?","M","R","BOSS"],"build_version":"2019-07-05","purchased_purges":1,"victory":true,"max_hp_per_floor":[68,73,73,73,73,73,73,73,73,73,73,73,73,73,73,73,73,73,73,73,73,73,73,73,73,83,83,83,83,83,83,83,83,83,83,83,83,83,83,83,83,83,83,83,83,83,83,83,83,83],"card_choices":[{"not_picked":["Seek","Amplify"],"picked":"Electrodynamics","floor":0},{"not_picked":["Redo","Aggregate"],"picked":"Storm","floor":1},{"not_picked":["Redo","Streamline"],"picked":"Hologram","floor":3},{"not_picked":["Go for the Eyes","Gash"],"picked":"Reprogram","floor":4},{"not_picked":["Rebound","Hologram"],"picked":"FTL","floor":8},{"not_picked":["Coolheaded","Storm"],"picked":"White Noise","floor":11},{"not_picked":["Steam+1","Chaos+1"],"picked":"Hologram+1","floor":13},{"not_picked":["Biased Cognition","Rip and Tear"],"picked":"Leap+1","floor":14},{"not_picked":["Fission+1","Core Surge"],"picked":"Echo Form","floor":16},{"not_picked":["Go for the Eyes","Conserve Battery+1"],"picked":"Undo+1","floor":18},{"not_picked":["Rebound+1","Compile Driver"],"picked":"Capacitor","floor":19},{"not_picked":["Barrage","Streamline"],"picked":"Chaos+1","floor":21},{"not_picked":["Redo+1","Fusion+1"],"picked":"Consume+1","floor":23},{"not_picked":["Conserve Battery+1","FTL"],"picked":"Steam+1","floor":25},{"not_picked":["Barrage","Cold Snap","Streamline"],"picked":"SKIP","floor":29},{"not_picked":["FTL","Beam Cell"],"picked":"Conserve Battery+1","floor":30},{"not_picked":["Darkness+1","Sweeping Beam"],"picked":"Steam+1","floor":31},{"not_picked":["Machine Learning","Rainbow+1"],"picked":"Reboot+1","floor":33},{"not_picked":["Static Discharge","Streamline+1"],"picked":"Skim+1","floor":35},{"not_picked":["Blind+1","Sadistic Nature"],"picked":"Bandage Up+1","floor":36},{"not_picked":["Violence+1","Magnetism"],"picked":"Dark Shackles+1","floor":36},{"not_picked":["Sadistic Nature","Mind Blast"],"picked":"Panacea+1","floor":36},{"not_picked":["Beam Cell+1","Rebound+1"],"picked":"Leap+1","floor":37},{"not_picked":["Compile Driver","Self Repair+1"],"picked":"Loop+1","floor":38},{"not_picked":["Leap+1","Tempest+1"],"picked":"Go for the Eyes+1","floor":39},{"not_picked":["Fission+1","Gash"],"picked":"Steam+1","floor":40},{"not_picked":["Turbo+1","Compile Driver+1"],"picked":"Conserve Battery+1","floor":42},{"not_picked":["Auto Shields+1","Beam Cell+1","Lockon+1"],"picked":"Chill+1","floor":44},{"not_picked":["Streamline+1","Hello World","Leap+1"],"picked":"Skim+1","floor":46},{"not_picked":["Hologram+1","Rebound","Steam Power+1"],"picked":"Double Energy+1","floor":48}],"player_experience":80936,"relics_obtained":[{"floor":23,"key":"Bag of Preparation"},{"floor":25,"key":"Thread and Needle"},{"floor":26,"key":"Pear"},{"floor":40,"key":"WingedGreaves"},{"floor":42,"key":"Question Card"},{"floor":43,"key":"Pen Nib"},{"floor":47,"key":"Old Coin"}],"event_choices":[{"damage_healed":0,"gold_gain":0,"player_choice":"Donut","damage_taken":0,"max_hp_gain":5,"max_hp_loss":0,"event_name":"Big Fish","floor":2,"gold_loss":0},{"damage_healed":0,"gold_gain":175,"player_choice":"AGREE","damage_taken":0,"max_hp_gain":0,"max_hp_loss":0,"event_name":"Liars Game","floor":5,"gold_loss":0,"cards_obtained":["Doubt"]},{"damage_healed":0,"gold_gain":75,"player_choice":"Touch","damage_taken":7,"max_hp_gain":0,"max_hp_loss":0,"event_name":"FaceTrader","floor":7,"gold_loss":0},{"cards_removed":["Doubt"],"damage_healed":0,"gold_gain":0,"player_choice":"Card Removal","damage_taken":7,"max_hp_gain":0,"max_hp_loss":0,"event_name":"Golden Wing","floor":10,"gold_loss":0},{"damage_healed":0,"gold_gain":0,"player_choice":"Upgrade","damage_taken":0,"max_hp_gain":0,"max_hp_loss":0,"event_name":"Designer","floor":20,"gold_loss":40,"cards_upgraded":["Hello World"]},{"damage_healed":0,"gold_gain":0,"player_choice":"Upgraded","damage_taken":0,"max_hp_gain":0,"max_hp_loss":0,"event_name":"Upgrade Shrine","floor":28,"gold_loss":0,"cards_upgraded":["Zap"]},{"damage_healed":0,"gold_gain":0,"player_choice":"Memory 3","damage_taken":10,"max_hp_gain":0,"max_hp_loss":0,"event_name":"SensoryStone","floor":36,"gold_loss":0},{"damage_healed":0,"gold_gain":0,"player_choice":"Bought 0 Potions","damage_taken":0,"max_hp_gain":0,"max_hp_loss":0,"event_name":"The Woman in Blue","floor":41,"gold_loss":0},{"damage_healed":0,"gold_gain":0,"player_choice":"Fight","damage_taken":0,"max_hp_gain":0,"max_hp_loss":0,"event_name":"MindBloom","floor":47,"gold_loss":0}],"is_beta":false,"boss_relics":[{"not_picked":["Busted Crown","Nuclear Battery"],"picked":"Fusion Hammer"},{"not_picked":["Lizard Tail","Orrery"],"picked":"Philosopher\u0027s Stone"}],"items_purged_floors":[45],"is_endless":false,"potions_floor_spawned":[3,4,14,18,25,30,31,37,38,40,44,46],"ascension_level":1}