{"gold_per_floor":[115,134,209,227,246,278,293,293,316,316,345,345,358,372,372,446,446,463,475,475,490,508,508,508,508,508,170,190,209,229,229],"floor_reached":31,"playtime":1257,"items_purged":["Strike_R"],"score":443,"play_id":"85452d7d-358f-45f2-abd0-b3c7b9761b30","local_time":"20190721145313","is_ascension_mode":true,"campfire_choices":[{"floor":10,"key":"REST"},{"floor":12,"key":"REST"},{"floor":15,"key":"REST"},{"floor":23,"key":"REST"},{"floor":25,"key":"REST"}],"neow_cost":"NONE","seed_source_timestamp":316256370577582,"circlet_count":0,"master_deck":["AscendersBane","Strike_R","Strike_R","Strike_R","Defend_R","Defend_R","Defend_R","Defend_R","Bash","Spot Weakness","Thunderclap","Headbutt","Clothesline","Metallicize","Immolate","Iron Wave","Twin Strike","Infernal Blade","Headbutt","Warcry","Headbutt"],"special_seed":0,"relics":["Burning Blood","Strawberry","Incense Burner","Pen Nib","Omamori","Empty Cage","Turnip","DollysMirror"],"potions_floor_usage":[18,19,22],"damage_taken":[{"damage":8.0,"enemies":"2 Louse","floor":1.0,"turns":3.0},{"damage":0.0,"enemies":"Small Slimes","floor":2.0,"turns":3.0},{"damage":2.0,"enemies":"Jaw Worm","floor":4.0,"turns":3.0},{"damage":7.0,"enemies":"2 Fungi Beasts","floor":5.0,"turns":3.0},{"damage":35,"enemies":"3 Sentries","floor":6,"turns":6},{"damage":36,"enemies":"3 Louse","floor":7,"turns":5},{"damage":41,"enemies":"Lagavulin","floor":11,"turns":6},{"damage":1,"enemies":"Red Slaver","floor":13,"turns":2},{"damage":8,"enemies":"Large Slime","floor":14,"turns":7},{"damage":49,"enemies":"The Guardian","floor":16,"turns":12},{"damage":48,"enemies":"2 Thieves","floor":18,"turns":4},{"damage":24,"enemies":"Shell Parasite","floor":19,"turns":9},{"damage":18,"enemies":"Centurion and Healer","floor":21,"turns":8},{"damage":9,"enemies":"Snake Plant","floor":22,"turns":5},{"damage":21,"enemies":"Cultist and Chosen","floor":28,"turns":5},{"damage":22,"enemies":"Centurion and Healer","floor":29,"turns":8},{"damage":29,"enemies":"Shelled Parasite and Fungi","floor":30,"turns":9},{"damage":10,"enemies":"3 Cultists","floor":31,"turns":3}],"seed_played":"8127123485098444482","potions_obtained":[{"floor":2.0,"key":"SpeedPotion"},{"floor":5.0,"key":"Block Potion"},{"floor":18,"key":"Dexterity Potion"},{"floor":21,"key":"Weak Potion"},{"floor":22,"key":"Swift Potion"}],"is_trial":false,"path_per_floor":["M","M","?","M","M","E","M","?","T","R","E","R","M","M","R","B",null,"M","M","?","M","M","R","?","R","T","$","M","M","M","M"],"character_chosen":"IRONCLAD","items_purchased":["Infernal Blade","DollysMirror"],"campfire_rested":5,"item_purchase_floors":[27,27],"current_hp_per_floor":[73,79,68,72,71,42,12,17,17,43,8,34,39,37,63,20,70,28,10,27,15,12,38,38,64,64,64,49,33,10,0],"gold":229,"neow_bonus":"RANDOM_COMMON_RELIC","is_prod":false,"is_daily":false,"chose_seed":false,"campfire_upgraded":0,"win_rate":0,"timestamp":1563691993,"path_taken":["M","M","?","M","M","E","M","?","T","R","E","R","M","M","R","BOSS","M","M","?","M","M","R","?","R","T","$","M","M","M","M"],"build_version":"2019-07-17","purchased_purges":1,"victory":false,"max_hp_per_floor":[82,82,82,82,82,82,82,87,87,87,87,87,87,87,87,87,87,87,87,87,87,87,87,87,87,87,87,87,87,87,87],"card_choices":[{"not_picked":["Wild Strike","Anger"],"picked":"Spot Weakness","floor":1.0},{"not_picked":["Searing Blow","Evolve"],"picked":"Thunderclap","floor":2.0},{"not_picked":["Power Through","Exhume","Spot Weakness"],"picked":"SKIP","floor":4.0},{"not_picked":["Wild Strike","Body Slam"],"picked":"Headbutt","floor":5.0},{"not_picked":["Anger","Dropkick"],"picked":"Corruption","floor":6},{"not_picked":["Thunderclap","Sword Boomerang"],"picked":"Clothesline","floor":7},{"not_picked":["True Grit","Wild Strike"],"picked":"Metallicize","floor":11},{"not_picked":["Rage","Dual Wield","Combust"],"picked":"SKIP","floor":13},{"not_picked":["True Grit","Perfected Strike","Rupture"],"picked":"SKIP","floor":14},{"not_picked":["Fiend Fire","Barricade"],"picked":"Immolate","floor":16},{"not_picked":["Havoc","Second Wind"],"picked":"Iron Wave","floor":18},{"not_picked":["Uppercut","Metallicize"],"picked":"Twin Strike","floor":19},{"not_picked":["Exhume","Hemokinesis","Heavy Blade"],"picked":"SKIP","floor":21},{"not_picked":["Perfected Strike","Rupture","Body Slam"],"picked":"SKIP","floor":22},{"not_picked":["Twin Strike","Dropkick"],"picked":"Warcry","floor":28},{"not_picked":["Clash+1","Anger"],"picked":"Headbutt","floor":29},{"not_picked":["Clash","Warcry","Pommel Strike"],"picked":"SKIP","floor":30}],"player_experience":869005,"relics_obtained":[{"floor":6,"key":"Incense Burner"},{"floor":9,"key":"Pen Nib"},{"floor":11,"key":"Omamori"},{"floor":26,"key":"Turnip"}],"event_choices":[{"damage_healed":0.0,"max_hp_gain":0.0,"max_hp_loss":0.0,"gold_gain":75.0,"event_name":"World of Goop","player_choice":"Gather Gold","floor":3.0,"gold_loss":0.0,"damage_taken":11.0},{"damage_healed":0,"gold_gain":0,"player_choice":"Donut","damage_taken":0,"max_hp_gain":5,"max_hp_loss":0,"event_name":"Big Fish","floor":8,"gold_loss":0},{"damage_healed":17,"gold_gain":0,"player_choice":"Heal","damage_taken":0,"max_hp_gain":0,"max_hp_loss":0,"event_name":"The Library","floor":20,"gold_loss":0},{"damage_healed":0,"gold_gain":0,"player_choice":"Smashed Altar","damage_taken":0,"max_hp_gain":0,"max_hp_loss":0,"event_name":"Forgotten Altar","floor":24,"gold_loss":0,"cards_obtained":["Decay"]}],"is_beta":false,"boss_relics":[{"not_picked":["Calling Bell","Runic Dome"],"picked":"Empty Cage"}],"items_purged_floors":[27],"is_endless":false,"potions_floor_spawned":[2,5,6,18,21,22,30],"killed_by":"3 Cultists","ascension_level":15}