{"path_per_floor":["M","M","M","M","?","R","?","R","T","E","M","R","?","M","R","B",null,"M","?","?","M","?","R","$","R","T","T","M","M","?","M","R","B",null,"M","?","$","M","M","R","$","?","T","M","?","R","E","?","R","B"],"character_chosen":"THE_SILENT","items_purchased":["Bag of Preparation","Snake Skull","Dexterity Potion","Bandage Up","Adrenaline"],"gold_per_floor":[218,232,246,256,256,256,285,285,311,342,357,357,357,372,372,493,493,488,488,488,504,504,504,72,72,72,72,91,112,112,125,125,244,244,257,257,57,73,91,91,21,21,67,82,82,82,125,190,190,190],"floor_reached":51,"campfire_rested":4,"playtime":5052,"current_hp_per_floor":[70,70,70,65,65,65,25,44,44,33,21,21,21,21,55,28,65,50,50,34,30,30,64,64,64,64,78,52,52,52,43,79,73,79,71,71,71,63,61,61,61,51,51,54,69,69,69,67,67,21],"items_purged":["Sucker Punch","Regret"],"gold":190,"score":500,"play_id":"fe1f42e4-9607-4847-bb59-5a0bc70a387c","is_prod":false,"is_daily":false,"is_ascension_mode":false,"campfire_upgraded":6,"path_taken":["M","M","M","M","?","R","?","R","T","E","M","R","?","M","R","BOSS","M","?","?","M","?","R","$","R","T","?","M","M","?","?","R","BOSS","M","?","$","M","M","R","$","?","T","M","?","R","E","?","R","BOSS"],"build_version":"2018-02-15-PROD1","purchased_purges":2,"victory":true,"master_deck":["Defend_G+1","Defend_G+1","Defend_G+1","Defend_G+1","Defend_G+1","Strike_G+1","Strike_G+1","Survivor","Neutralize+1","Backflip+1","Prepared","Footwork+1","Dagger Spray+1","Noxious Fumes+1","After Image","Terror+1","Injury","Concentrate+1","Flying Knee+1","After Image","Dagger Throw+1","Night Terror+1","Footwork+1","Bane+1","Bandage Up+1","Escape Plan+1","Bouncing Flask+1","Adrenaline","Madness","Madness","Parasite","Backflip"],"max_hp_per_floor":[70,70,70,70,65,65,65,65,65,65,65,65,65,65,65,65,65,65,65,65,65,65,65,65,65,65,79,79,79,79,79,79,79,79,79,79,79,79,79,79,79,79,79,79,69,69,69,69,69,69],"relics":["Ring of the Snake","Golden Idol","Odd Mushroom","Regal Pillow","Calipers","Cursed Key","Nilry\u0027s Codex","Bag of Preparation","Snake Skull","Art of War","Mango","Astrolabe","Juzu Bracelet","Tough Bandages","Frozen Eye"],"card_choices":[{"not_picked":["Masterful Stab","Sucker Punch"],"picked":"Backflip"},{"not_picked":["Cloak And Dagger","Quick Slash"],"picked":"Prepared"},{"not_picked":["Outmaneuver","Prepared"],"picked":"Sucker Punch"},{"not_picked":["Concentrate","Outmaneuver"],"picked":"Footwork"},{"not_picked":["Deflect","Terror"],"picked":"Dagger Spray"},{"not_picked":["Distraction","Predator"],"picked":"Noxious Fumes"},{"not_picked":["Doppelganger","Grand Finale"],"picked":"After Image"},{"not_picked":["Outmaneuver","Accuracy"],"picked":"Terror"},{"not_picked":["PiercingWail","Deflect"],"picked":"Concentrate"},{"not_picked":["Dagger Throw","Predator"],"picked":"Flying Knee"},{"not_picked":["Wraith Form","Tools of the Trade"],"picked":"After Image"},{"not_picked":["Prepared","Deadly Poison"],"picked":"Bane"},{"not_picked":["Expertise","Acrobatics"],"picked":"Escape Plan"},{"not_picked":["Backflip","Flying Knee"],"picked":"Bouncing Flask"},{"not_picked":["Night Terror","Flying Knee"],"picked":"Backflip"}],"player_experience":806515,"potions_floor_usage":[10,16,18,29,29,31,33,44,50,50],"damage_taken":[{"damage":0,"enemies":"Jaw Worm","floor":1,"turns":5},{"damage":0,"enemies":"Small Slimes","floor":2,"turns":4},{"damage":0,"enemies":"Cultist","floor":3,"turns":4},{"damage":5,"enemies":"2 Fungi Beasts","floor":4,"turns":4},{"damage":40,"enemies":"The Mushroom Lair","floor":7,"turns":8},{"damage":11,"enemies":"Lagavulin","floor":10,"turns":9},{"damage":12,"enemies":"3 Louse","floor":11,"turns":2},{"damage":0,"enemies":"Looter","floor":14,"turns":4},{"damage":27,"enemies":"Hexaghost","floor":16,"turns":13},{"damage":15,"enemies":"2 Thieves","floor":18,"turns":4},{"damage":4,"enemies":"Shell Parasite","floor":21,"turns":5},{"damage":26,"enemies":"Centurion and Healer","floor":28,"turns":7},{"damage":0,"enemies":"Snecko","floor":29,"turns":4},{"damage":9,"enemies":"Chosen and Byrds","floor":31,"turns":6},{"damage":6,"enemies":"Champ","floor":33,"turns":13},{"damage":8,"enemies":"3 Shapes","floor":35,"turns":8},{"damage":12,"enemies":"Orb Walker","floor":38,"turns":5},{"damage":6,"enemies":"4 Shapes","floor":39,"turns":6},{"damage":21,"enemies":"Maw","floor":44,"turns":8},{"damage":0,"enemies":"Nemesis","floor":47,"turns":11},{"damage":8,"enemies":"Mysterious Sphere","floor":48,"turns":5},{"damage":52,"enemies":"Donu and Deca","floor":50,"turns":13}],"event_choices":[{"event_name":"Golden Idol","player_choice":"Lose Max HP","floor":5,"damage_taken":0},{"event_name":"Mushrooms","player_choice":"Fought Mushrooms","floor":7,"damage_taken":0},{"event_name":"Accursed Blacksmith","player_choice":"Forge","floor":13,"damage_taken":0},{"event_name":"Back to Basics","player_choice":"Simplicity","floor":19,"damage_taken":0},{"event_name":"Cursed Tome","player_choice":"Obtained Book","floor":20,"damage_taken":0},{"event_name":"Drug Dealer","player_choice":"Ignored","floor":22,"damage_taken":0},{"event_name":"Vampires","player_choice":"Ignored","floor":30,"damage_taken":0},{"event_name":"Tomb of Lord Red Mask","player_choice":"Ignored","floor":36,"damage_taken":0},{"event_name":"Winding Halls","player_choice":"Embrace Madness","floor":42,"damage_taken":0},{"event_name":"The Moai Head","player_choice":"Heal","floor":45,"damage_taken":0},{"event_name":"Mysterious Sphere","player_choice":"Fight","floor":48,"damage_taken":0}],"boss_relics":[{"not_picked":["Pandora\u0027s Box","Ectoplasm"],"picked":"Cursed Key"},{"not_picked":["Velvet Choker","Runic Pyramid"],"picked":"Astrolabe"}],"potions_floor_spawned":[1,11,14,18,35,39,47],"seed_played":"-4123545215551069991","ascension_level":0,"is_trial":false}