{"gold_per_floor":[110,110,127,35,51,51,51,51,51,51,72,72,72,88,88,88],"floor_reached":16,"playtime":781,"items_purged":[],"score":180,"play_id":"0fd2626d-b6aa-4164-8f9b-063432a0896a","local_time":"20181124111735","is_ascension_mode":true,"campfire_choices":[{"data":"Footwork","floor":6,"key":"SMITH"},{"data":"Sucker Punch","floor":15,"key":"SMITH"}],"neow_cost":"NONE","seed_source_timestamp":910191521002246,"circlet_count":0,"master_deck":["AscendersBane","Defend_G","Defend_G","Defend_G","Defend_G","Defend_G","Strike_G","Strike_G","Strike_G","Strike_G","Strike_G","Survivor","Neutralize+1","Backflip","Backstab","Footwork+1","Sucker Punch+1","Terror","Footwork","Footwork"],"relics":["Ring of the Snake","Juzu Bracelet","Golden Idol","Bottled Flame","Omamori","GremlinMask"],"potions_floor_usage":[14,16],"damage_taken":[{"damage":5,"enemies":"Small Slimes","floor":1,"turns":5},{"damage":2,"enemies":"Jaw Worm","floor":3,"turns":5},{"damage":1,"enemies":"Cultist","floor":5,"turns":5},{"damage":0,"enemies":"3 Louse","floor":11,"turns":4},{"damage":0,"enemies":"Exordium Thugs","floor":14,"turns":6},{"damage":57,"enemies":"Slime Boss","floor":16,"turns":10}],"seed_played":"-6240760585420286774","potions_obtained":[{"floor":3,"key":"AttackPotion"},{"floor":5,"key":"Swift Potion"}],"is_trial":false,"path_per_floor":["M","?","M","$","M","R","?","T","T","?","M","?","?","M","R","B"],"character_chosen":"THE_SILENT","items_purchased":["Footwork","Sucker Punch"],"campfire_rested":0,"item_purchase_floors":[4,4],"current_hp_per_floor":[60,42,40,40,39,39,39,39,39,39,39,55,55,55,55,0],"gold":88,"neow_bonus":"TEN_PERCENT_HP_BONUS","is_prod":false,"is_daily":false,"chose_seed":false,"campfire_upgraded":2,"win_rate":0,"timestamp":1543076255,"path_taken":["M","?","M","$","M","R","?","?","T","?","M","?","?","M","R","BOSS"],"build_version":"2018-11-15","purchased_purges":0,"victory":false,"max_hp_per_floor":[72,72,72,72,72,72,65,65,65,65,65,65,65,65,65,65],"card_choices":[{"not_picked":["Slice","Dagger Throw"],"picked":"Backflip","floor":1},{"not_picked":["Cloak And Dagger","Prepared"],"picked":"Backstab","floor":3},{"not_picked":["Crippling Poison","Backflip"],"picked":"Terror","floor":5},{"not_picked":["Reflex","Dagger Throw"],"picked":"Footwork","floor":11},{"not_picked":["Acrobatics","Flechettes"],"picked":"Footwork","floor":14}],"player_experience":2479460,"relics_obtained":[{"floor":8,"key":"Bottled Flame"},{"floor":9,"key":"Omamori"}],"event_choices":[{"damage_healed":0,"gold_gain":0,"player_choice":"Success","damage_taken":18,"relics_obtained":["Juzu Bracelet"],"max_hp_gain":0,"max_hp_loss":0,"event_name":"Scrap Ooze","floor":2,"gold_loss":0},{"damage_healed":0,"gold_gain":0,"player_choice":"Lose Max HP","damage_taken":0,"relics_obtained":["Golden Idol"],"max_hp_gain":0,"max_hp_loss":7,"event_name":"Golden Idol","floor":7,"gold_loss":0},{"damage_healed":0,"gold_gain":0,"player_choice":"Upgraded","damage_taken":0,"max_hp_gain":0,"max_hp_loss":0,"event_name":"Upgrade Shrine","floor":10,"gold_loss":0,"cards_upgraded":["Neutralize"]},{"damage_healed":16,"gold_gain":0,"player_choice":"Healed and dodged fight","damage_taken":0,"max_hp_gain":0,"max_hp_loss":0,"event_name":"Mushrooms","floor":12,"gold_loss":0,"cards_obtained":["Parasite"]},{"damage_healed":0,"gold_gain":0,"player_choice":"Trade","damage_taken":0,"relics_obtained":["GremlinMask"],"max_hp_gain":0,"max_hp_loss":0,"event_name":"FaceTrader","floor":13,"gold_loss":0}],"is_beta":false,"boss_relics":[],"items_purged_floors":[],"is_endless":false,"potions_floor_spawned":[3,5],"killed_by":"Slime Boss","ascension_level":20}