{"gold_per_floor":[218,237,76,251,251,271,286,286,286,286,302,60,60,71,71,71],"floor_reached":16,"playtime":880,"items_purged":["Strike_G"],"score":92,"play_id":"42734a2e-5b13-4faf-9ae6-8029681ca7fd","local_time":"20190418231111","is_ascension_mode":false,"campfire_choices":[{"data":"Neutralize","floor":8,"key":"SMITH"},{"data":"Setup","floor":10,"key":"SMITH"},{"data":"Cloak And Dagger","floor":13,"key":"SMITH"},{"data":"Cloak And Dagger","floor":15,"key":"SMITH"}],"neow_cost":"NONE","seed_source_timestamp":791428781749049,"circlet_count":0,"master_deck":["Defend_G","Defend_G","Defend_G","Defend_G","Defend_G","Strike_G","Strike_G","Strike_G","Survivor","Neutralize+1","Cloak And Dagger+1","Finesse","Doubt","Setup+1","Catalyst","Poisoned Stab","Backflip","Cloak And Dagger+1"],"relics":["Ring of the Snake","Blood Vial","Ninja Scroll"],"potions_floor_usage":[16,16],"damage_taken":[{"damage":3,"enemies":"Jaw Worm","floor":1,"turns":5},{"damage":0,"enemies":"2 Louse","floor":2,"turns":2},{"damage":10,"enemies":"Cultist","floor":6,"turns":6},{"damage":10,"enemies":"Lots of Slimes","floor":7,"turns":10},{"damage":1,"enemies":"2 Fungi Beasts","floor":11,"turns":4},{"damage":4,"enemies":"Exordium Wildlife","floor":14,"turns":4},{"damage":60,"enemies":"The Guardian","floor":16,"turns":16}],"seed_played":"-2920137602715939025","potions_obtained":[{"floor":7,"key":"AttackPotion"},{"floor":11,"key":"LiquidBronze"}],"is_trial":false,"path_per_floor":["M","M","$","?","?","M","M","R","T","R","M","$","R","M","R","B"],"character_chosen":"THE_SILENT","items_purchased":["Finesse","Ninja Scroll"],"campfire_rested":0,"item_purchase_floors":[3,12],"current_hp_per_floor":[67,67,67,67,67,57,47,47,47,47,48,48,48,46,46,0],"gold":71,"neow_bonus":"HUNDRED_GOLD","is_prod":false,"is_daily":false,"chose_seed":false,"campfire_upgraded":4,"win_rate":0,"timestamp":1555643471,"path_taken":["M","M","$","?","?","M","M","R","T","R","M","$","R","M","R","BOSS"],"build_version":"2019-01-23","purchased_purges":1,"victory":false,"max_hp_per_floor":[70,70,70,70,70,70,70,70,70,70,70,70,70,70,70,70],"card_choices":[{"not_picked":["Slice","Dodge and Roll"],"picked":"Cloak And Dagger","floor":1},{"not_picked":["Choke","Distraction","Eviscerate"],"picked":"SKIP","floor":2},{"not_picked":["Dagger Throw","Masterful Stab"],"picked":"Catalyst","floor":6},{"not_picked":["Leg Sweep","PiercingWail"],"picked":"Poisoned Stab","floor":7},{"not_picked":["Dagger Throw","Accuracy"],"picked":"Backflip","floor":11},{"not_picked":["Leg Sweep","Slice"],"picked":"Cloak And Dagger","floor":14}],"player_experience":3403711,"relics_obtained":[{"floor":9,"key":"Blood Vial"}],"event_choices":[{"damage_healed":0,"gold_gain":175,"player_choice":"AGREE","damage_taken":0,"max_hp_gain":0,"max_hp_loss":0,"event_name":"Liars Game","floor":4,"gold_loss":0,"cards_obtained":["Doubt"]},{"damage_healed":0,"gold_gain":0,"cards_transformed":["Strike_G"],"player_choice":"Transformed","damage_taken":0,"max_hp_gain":0,"max_hp_loss":0,"event_name":"Transmorgrifier","floor":5,"gold_loss":0,"cards_obtained":["Setup"]}],"is_beta":false,"boss_relics":[],"items_purged_floors":[3],"is_endless":false,"potions_floor_spawned":[7,11],"killed_by":"The Guardian","ascension_level":0}