{"gold_per_floor":[362,66,81,81,97,131,147,147,147,147,181,199,210,385,385,489,489,506,490,490,503,523,523,19,19,19,46,65,130,147,180,180,180],"floor_reached":33,"playtime":3638,"items_purged":["Strike_R","Doubt"],"score":440,"play_id":"82e54c0e-38af-47bb-9276-e40e963cf468","local_time":"20181205134108","is_ascension_mode":true,"campfire_choices":[{"floor":8,"key":"REST"},{"data":"Shockwave","floor":10,"key":"SMITH"},{"data":"True Grit","floor":15,"key":"SMITH"},{"floor":23,"key":"REST"},{"floor":25,"key":"REST"},{"floor":32,"key":"REST"}],"neow_cost":"PERCENT_DAMAGE","seed_source_timestamp":1866351735056425,"circlet_count":0,"master_deck":["Strike_R","Strike_R","Strike_R+1","Defend_R","Defend_R","Defend_R","Defend_R","Bash","Shockwave+1","Shrug It Off","Flex","True Grit+1","Heavy Blade","Second Wind","Cleave","Havoc+1","Dual Wield+1","Juggernaut","Armaments+1","Feel No Pain","RitualDagger","Burning Pact+1","Flame Barrier+1","Feed+1","True Grit+1","Double Tap+1","Entrench+1","Body Slam","Disarm+1"],"relics":["Burning Blood","Anchor","Strawberry","Toxic Egg 2","Mango","Velvet Choker","Whetstone","Singing Bowl","Blood Vial","Tiny Chest","Potion Belt"],"potions_floor_usage":[16,16,16,21,22,29],"damage_taken":[{"damage":0,"enemies":"Small Slimes","floor":1,"turns":3},{"damage":0,"enemies":"Cultist","floor":3,"turns":3},{"damage":0,"enemies":"2 Louse","floor":5,"turns":3},{"damage":38,"enemies":"Lagavulin","floor":6,"turns":8},{"damage":10,"enemies":"Large Slime","floor":7,"turns":6},{"damage":48,"enemies":"Gremlin Nob","floor":11,"turns":5},{"damage":4,"enemies":"Blue Slaver","floor":12,"turns":3},{"damage":0,"enemies":"3 Louse","floor":13,"turns":3},{"damage":41,"enemies":"Slime Boss","floor":16,"turns":14},{"damage":33,"enemies":"3 Byrds","floor":18,"turns":7},{"damage":17,"enemies":"2 Thieves","floor":19,"turns":4},{"damage":20,"enemies":"Snecko","floor":21,"turns":9},{"damage":0,"enemies":"Chosen and Byrds","floor":22,"turns":6},{"damage":20,"enemies":"Book of Stabbing","floor":27,"turns":6},{"damage":8,"enemies":"Snake Plant","floor":28,"turns":5},{"damage":19,"enemies":"Gremlin Leader","floor":29,"turns":7},{"damage":0,"enemies":"Cultist and Chosen","floor":30,"turns":6},{"damage":35,"enemies":"Book of Stabbing","floor":31,"turns":7},{"damage":95,"enemies":"Automaton","floor":33,"turns":12}],"seed_played":"-4274621700426416304","potions_obtained":[{"floor":1,"key":"Weak Potion"},{"floor":11,"key":"Swift Potion"},{"floor":13,"key":"Fire Potion"},{"floor":18,"key":"SpeedPotion"},{"floor":21,"key":"Weak Potion"},{"floor":28,"key":"PowerPotion"}],"is_trial":false,"path_per_floor":["M","$","M","?","M","E","M","R","T","R","E","M","M","?","R","B",null,"M","M","?","M","M","R","$","R","T","E","M","E","M","E","R","B"],"character_chosen":"IRONCLAD","items_purchased":["Anchor","Shrug It Off","Flex","Feed","Whetstone","True Grit+1","Strength Potion"],"campfire_rested":4,"item_purchase_floors":[2,2,2,24,24,24,24],"current_hp_per_floor":[57,57,63,63,69,44,40,66,66,66,38,40,46,46,46,11,79,52,41,35,21,27,57,57,87,87,73,73,62,76,49,81,0],"gold":180,"neow_bonus":"TWO_FIFTY_GOLD","is_prod":false,"is_daily":false,"chose_seed":false,"campfire_upgraded":2,"win_rate":0,"timestamp":1544035268,"path_taken":["M","$","M","?","M","E","M","R","T","R","E","?","M","?","R","BOSS","M","M","?","M","M","R","$","R","T","E","M","E","M","E","R","BOSS"],"build_version":"2018-11-15","purchased_purges":2,"victory":false,"max_hp_per_floor":[80,80,80,80,80,87,87,87,87,87,101,101,101,101,101,101,101,101,101,101,101,101,101,101,101,101,101,101,101,107,107,107,107],"card_choices":[{"not_picked":["Infernal Blade","Warcry"],"picked":"Shockwave","floor":1},{"not_picked":["Intimidate","Twin Strike"],"picked":"True Grit","floor":3},{"not_picked":["Spot Weakness","Metallicize"],"picked":"Heavy Blade","floor":5},{"not_picked":["Havoc","Wild Strike"],"picked":"Second Wind","floor":6},{"not_picked":["Twin Strike","Warcry"],"picked":"Cleave","floor":7},{"not_picked":["Inflame","Rage+1"],"picked":"Havoc+1","floor":11},{"not_picked":["Warcry+1","Sword Boomerang"],"picked":"Dual Wield+1","floor":12},{"not_picked":["Flex+1","Blood for Blood","Sword Boomerang"],"picked":"SKIP","floor":13},{"not_picked":["Bludgeon","Berserk"],"picked":"Juggernaut","floor":16},{"not_picked":["Clothesline","Cleave"],"picked":"Armaments+1","floor":18},{"not_picked":["Dropkick","Thunderclap"],"picked":"Feel No Pain","floor":19},{"not_picked":["Clash","Flex+1"],"picked":"Burning Pact+1","floor":21},{"not_picked":["Havoc+1","Clothesline+1"],"picked":"Flame Barrier+1","floor":22},{"not_picked":["Flame Barrier+1","Ghostly Armor+1"],"picked":"Double Tap+1","floor":27},{"not_picked":["Wild Strike","Clothesline"],"picked":"Entrench+1","floor":28},{"not_picked":["Flex+1","Clash"],"picked":"Body Slam","floor":29},{"not_picked":["Anger+1","Armaments+1","Whirlwind"],"picked":"Singing Bowl","floor":30},{"not_picked":["Rampage","Uppercut"],"picked":"Disarm+1","floor":31}],"player_experience":2661350,"relics_obtained":[{"floor":6,"key":"Strawberry"},{"floor":9,"key":"Toxic Egg 2"},{"floor":11,"key":"Mango"},{"floor":26,"key":"Singing Bowl"},{"floor":27,"key":"Blood Vial"},{"floor":29,"key":"Tiny Chest"},{"floor":31,"key":"Potion Belt"}],"event_choices":[{"cards_removed":["Strike_R"],"damage_healed":0,"gold_gain":0,"player_choice":"Offered Basic","damage_taken":0,"max_hp_gain":0,"max_hp_loss":0,"event_name":"Bonfire Elementals","floor":4,"gold_loss":0},{"damage_healed":0,"gold_gain":175,"player_choice":"AGREE","damage_taken":0,"max_hp_gain":0,"max_hp_loss":0,"event_name":"Liars Game","floor":14,"gold_loss":0,"cards_obtained":["Doubt"]},{"damage_healed":0,"gold_gain":0,"player_choice":"Joined the Cult","damage_taken":6,"max_hp_gain":0,"max_hp_loss":0,"event_name":"Nest","floor":20,"gold_loss":0,"cards_obtained":["RitualDagger"]}],"is_beta":false,"boss_relics":[{"not_picked":["Tiny House","White Beast Statue"],"picked":"Velvet Choker"}],"items_purged_floors":[2,24],"is_endless":false,"potions_floor_spawned":[1,11,13,18,21,28],"killed_by":"Automaton","ascension_level":6}