{"gold_per_floor":[113,113,131,152,227,252,252,266,334,334,334,609,624,624],"floor_reached":14,"playtime":595,"items_purged":[],"score":160,"play_id":"20c9420e-e46c-4a76-88a7-378130386abb","local_time":"20190625205929","is_ascension_mode":true,"campfire_choices":[{"data":"Cloak And Dagger","floor":11.0,"key":"SMITH"}],"neow_cost":"TEN_PERCENT_HP_LOSS","seed_source_timestamp":0,"circlet_count":0,"master_deck":["AscendersBane","Strike_G","Strike_G","Strike_G","Strike_G","Strike_G","Defend_G","Defend_G","Defend_G","Defend_G","Defend_G","Survivor","Neutralize","Underhanded Strike","Injury","Calculated Gamble+1","Cloak And Dagger+1","Skewer","Noxious Fumes","Regret","Concentrate"],"special_seed":0,"relics":["Ring of the Snake","Mango","Golden Idol","Singing Bowl"],"potions_floor_usage":[14,14],"damage_taken":[{"damage":0.0,"enemies":"Jaw Worm","floor":1.0,"turns":5.0},{"damage":18.0,"enemies":"Small Slimes","floor":3.0,"turns":5.0},{"damage":11.0,"enemies":"Cultist","floor":4.0,"turns":5.0},{"damage":2.0,"enemies":"3 Louse","floor":6.0,"turns":4.0},{"damage":13.0,"enemies":"Gremlin Gang","floor":8.0,"turns":6.0},{"damage":8.0,"enemies":"Looter","floor":13.0,"turns":4.0},{"damage":45,"enemies":"Lagavulin","floor":14,"turns":9}],"seed_played":"5225924727076495870","potions_obtained":[{"floor":4.0,"key":"EssenceOfSteel"},{"floor":8.0,"key":"Poison Potion"},{"floor":13.0,"key":"Dexterity Potion"}],"is_trial":false,"path_per_floor":["M","?","M","M","?","M","?","M","T","?","R","?","M","E"],"character_chosen":"THE_SILENT","items_purchased":[],"campfire_rested":0,"item_purchase_floors":[],"current_hp_per_floor":[73,73,55,44,33,31,55,42,42,42,42,42,34,0],"gold":624,"neow_bonus":"ONE_RARE_RELIC","is_prod":false,"is_daily":false,"chose_seed":false,"campfire_upgraded":1,"win_rate":0,"timestamp":1561517969,"path_taken":["M","?","M","M","?","M","?","M","T","?","R","?","?","E"],"build_version":"2019-06-24","purchased_purges":0,"victory":false,"max_hp_per_floor":[74,74,74,74,74,74,74,74,74,74,74,74,74,74],"card_choices":[{"not_picked":["Acrobatics","Escape Plan"],"picked":"Underhanded Strike","floor":1.0},{"not_picked":["Expertise","Flying Knee"],"picked":"Calculated Gamble","floor":3.0},{"not_picked":["Calculated Gamble","Slice"],"picked":"Cloak And Dagger","floor":4.0},{"not_picked":["Setup","Deflect"],"picked":"Skewer","floor":6.0},{"not_picked":["Deadly Poison","Bouncing Flask"],"picked":"Noxious Fumes","floor":8.0},{"not_picked":["Acrobatics","Corpse Explosion"],"picked":"Concentrate","floor":13.0}],"player_experience":1102837,"relics_obtained":[{"floor":9.0,"key":"Singing Bowl"}],"event_choices":[{"damage_healed":0.0,"max_hp_gain":0.0,"max_hp_loss":0.0,"gold_gain":0.0,"event_name":"Golden Idol","player_choice":"Take Wound","floor":2.0,"gold_loss":0.0,"damage_taken":0.0,"relics_obtained":["Golden Idol"],"cards_obtained":["Injury"]},{"damage_healed":0.0,"max_hp_gain":0.0,"max_hp_loss":0.0,"gold_gain":75.0,"event_name":"World of Goop","player_choice":"Gather Gold","floor":5.0,"gold_loss":0.0,"damage_taken":11.0},{"damage_healed":24.0,"max_hp_gain":0.0,"max_hp_loss":0.0,"gold_gain":0.0,"event_name":"Big Fish","player_choice":"Banana","floor":7.0,"gold_loss":0.0,"damage_taken":0.0},{"damage_healed":0.0,"max_hp_gain":0.0,"max_hp_loss":0.0,"gold_gain":0.0,"event_name":"Living Wall","player_choice":"Grow","floor":10.0,"gold_loss":0.0,"damage_taken":0.0,"cards_upgraded":["Calculated Gamble"]},{"damage_healed":0.0,"max_hp_gain":0.0,"max_hp_loss":0.0,"gold_gain":275.0,"event_name":"Golden Shrine","player_choice":"Desecrate","floor":12.0,"gold_loss":0.0,"damage_taken":0.0,"cards_obtained":["Regret"]}],"is_beta":true,"boss_relics":[],"items_purged_floors":[],"is_endless":false,"potions_floor_spawned":[4,8,13],"killed_by":"Lagavulin","ascension_level":19}