{"gold_per_floor":[119,133,133,11,11,11,11,11,62,62,94,94,124,24,24,126,126,116,128,128,48,48,48,13,13,13,33,33,53,66,100,100,100],"floor_reached":33,"playtime":1295,"items_purged":["Strike_R","Strike_R"],"score":324,"play_id":"23e875ea-1630-4bab-ad12-2308b11918a9","local_time":"20181201141626","is_ascension_mode":true,"campfire_choices":[{"data":"Sword Boomerang","floor":6,"key":"SMITH"},{"data":"Bash","floor":8,"key":"SMITH"},{"data":"Uppercut","floor":12,"key":"SMITH"},{"data":"Spot Weakness","floor":15,"key":"SMITH"},{"data":"Seeing Red","floor":23,"key":"SMITH"},{"data":"Twin Strike","floor":25,"key":"SMITH"},{"floor":28,"key":"REST"},{"floor":32,"key":"RECALL"}],"neow_cost":"NONE","seed_source_timestamp":1525212000828201,"circlet_count":0,"master_deck":["Strike_R","Defend_R","Defend_R","Defend_R","Defend_R","Bash+1","Ghostly Armor","Sword Boomerang+1","Twin Strike+1","Spot Weakness+1","Uppercut+1","Exhume","Ghostly Armor+1","Seeing Red+1","Shame","Flame Barrier+1","Infernal Blade+1","Second Wind+1"],"relics":["Burning Blood","Orichalcum","Red Skull","Paper Frog","Ancient Tea Set","Busted Crown","Nilry\u0027s Codex","Toxic Egg 2","Nunchaku","Thread and Needle"],"potions_floor_usage":[11,30],"damage_taken":[{"damage":9,"enemies":"Cultist","floor":1,"turns":5},{"damage":0,"enemies":"Small Slimes","floor":2,"turns":3},{"damage":4,"enemies":"3 Sentries","floor":11,"turns":7},{"damage":24,"enemies":"Hexaghost","floor":16,"turns":7},{"damage":24,"enemies":"2 Thieves","floor":18,"turns":4},{"damage":0,"enemies":"3 Byrds","floor":19,"turns":4},{"damage":24,"enemies":"Shelled Parasite and Fungi","floor":27,"turns":5},{"damage":8,"enemies":"Centurion and Healer","floor":29,"turns":4},{"damage":14,"enemies":"Snake Plant","floor":30,"turns":3},{"damage":19,"enemies":"Book of Stabbing","floor":31,"turns":5},{"damage":53,"enemies":"Automaton","floor":33,"turns":6}],"seed_played":"-2577416951042281449","potions_obtained":[{"floor":2,"key":"Explosive Potion"},{"floor":18,"key":"BloodPotion"},{"floor":30,"key":"Swift Potion"}],"is_trial":false,"path_per_floor":["M","M","?","$","?","R","$","R","T","?","E","R","?","$","R","B",null,"M","M","?","$","?","R","$","R","T","M","R","M","M","E","R","B"],"character_chosen":"IRONCLAD","items_purchased":["Twin Strike","Seeing Red","Flame Barrier+1"],"campfire_rested":1,"item_purchase_floors":[4,21,24],"current_hp_per_floor":[77,80,85,85,78,78,78,78,78,78,80,80,80,80,80,62,79,61,67,51,51,51,51,51,51,51,33,58,56,56,43,43,0],"gold":100,"neow_bonus":"RANDOM_COMMON_RELIC","is_prod":false,"is_daily":false,"chose_seed":false,"campfire_upgraded":6,"win_rate":0,"timestamp":1543691786,"path_taken":["M","M","?","$","?","R","$","R","T","?","E","R","?","?","R","BOSS","M","M","?","$","?","R","?","R","T","M","R","M","?","E","R","BOSS"],"build_version":"2018-11-15","purchased_purges":2,"victory":false,"max_hp_per_floor":[80,80,85,85,85,85,85,85,85,85,85,85,85,85,85,85,85,85,85,85,85,85,85,85,85,85,85,85,85,85,85,85,85],"card_choices":[{"not_picked":["Wild Strike","Warcry"],"picked":"Ghostly Armor","floor":1},{"not_picked":["Perfected Strike","Warcry"],"picked":"Sword Boomerang","floor":2},{"not_picked":["Heavy Blade","Spot Weakness"],"picked":"Uppercut","floor":11},{"not_picked":["Brutality","Dark Embrace"],"picked":"Exhume","floor":16},{"not_picked":[],"picked":"Ghostly Armor+1","floor":18},{"not_picked":["Armaments"],"picked":"SKIP","floor":19},{"not_picked":[],"picked":"Infernal Blade+1","floor":27},{"not_picked":[],"picked":"Second Wind+1","floor":29},{"not_picked":["Anger+1"],"picked":"SKIP","floor":30},{"not_picked":["Fire Breathing"],"picked":"SKIP","floor":31}],"player_experience":2597029,"relics_obtained":[{"floor":9,"key":"Red Skull"},{"floor":11,"key":"Paper Frog"},{"floor":20,"key":"Nilry\u0027s Codex"},{"floor":26,"key":"Nunchaku"},{"floor":31,"key":"Thread and Needle"}],"event_choices":[{"damage_healed":0,"gold_gain":0,"player_choice":"Donut","damage_taken":0,"max_hp_gain":5,"max_hp_loss":0,"event_name":"Big Fish","floor":3,"gold_loss":0},{"cards_removed":["Strike_R"],"damage_healed":0,"gold_gain":0,"player_choice":"Card Removal","damage_taken":7,"max_hp_gain":0,"max_hp_loss":0,"event_name":"Golden Wing","floor":5,"gold_loss":0},{"damage_healed":0,"gold_gain":0,"cards_transformed":["Strike_R"],"player_choice":"Change","damage_taken":0,"max_hp_gain":0,"max_hp_loss":0,"event_name":"Living Wall","floor":10,"gold_loss":0,"cards_obtained":["Spot Weakness"]},{"damage_healed":0,"gold_gain":30,"player_choice":"Searched \u00272\u0027 times","damage_taken":0,"relics_obtained":["Ancient Tea Set"],"max_hp_gain":0,"max_hp_loss":0,"event_name":"Dead Adventurer","floor":13,"gold_loss":0},{"damage_healed":0,"gold_gain":0,"player_choice":"Obtained Book","damage_taken":16,"max_hp_gain":0,"max_hp_loss":0,"event_name":"Cursed Tome","floor":20,"gold_loss":0},{"damage_healed":0,"gold_gain":0,"player_choice":"Stole Relic","damage_taken":0,"relics_obtained":["Toxic Egg 2"],"max_hp_gain":0,"max_hp_loss":0,"event_name":"Addict","floor":22,"gold_loss":0,"cards_obtained":["Shame"]}],"is_beta":false,"boss_relics":[{"not_picked":["Tiny House","Orrery"],"picked":"Busted Crown"}],"items_purged_floors":[4,14],"is_endless":false,"potions_floor_spawned":[2,18,30],"killed_by":"Automaton","ascension_level":5}