{"gold_per_floor":[114,18,18,43,43,43,77,77,77,77,77,103,103,122,122,122],"floor_reached":16,"playtime":708,"items_purged":[],"score":187,"play_id":"9a019f5e-d885-4bab-b18c-08d04a9f5e18","local_time":"20181113105731","is_ascension_mode":true,"campfire_choices":[{"data":"Mind Blast","floor":6,"key":"SMITH"},{"data":"Riddle With Holes","floor":8,"key":"SMITH"},{"data":"Leg Sweep","floor":10,"key":"SMITH"},{"data":"Survivor","floor":13,"key":"SMITH"},{"data":"Flying Knee","floor":15,"key":"SMITH"}],"neow_cost":"NONE","seed_source_timestamp":752103695963393,"circlet_count":0,"master_deck":["AscendersBane","Defend_G","Defend_G","Defend_G","Defend_G","Defend_G","Strike_G","Strike_G","Strike_G","Strike_G","Strike_G","Survivor+1","Neutralize+1","Riddle With Holes+1","Mind Blast+1","Leg Sweep+1","Flying Knee+1","Backstab"],"relics":["Ring of the Snake","Golden Idol","Meat on the Bone","Smiling Mask","Question Card","Odd Mushroom"],"potions_floor_usage":[7,12],"damage_taken":[{"damage":0,"enemies":"Small Slimes","floor":1,"turns":4},{"damage":0,"enemies":"2 Louse","floor":4,"turns":4},{"damage":32,"enemies":"Lagavulin","floor":7,"turns":7},{"damage":9,"enemies":"The Mushroom Lair","floor":12,"turns":6},{"damage":0,"enemies":"Jaw Worm","floor":14,"turns":2},{"damage":47,"enemies":"Slime Boss","floor":16,"turns":10}],"seed_played":"6659363895608046953","potions_obtained":[{"floor":1,"key":"PowerPotion"},{"floor":7,"key":"Weak Potion"}],"is_trial":false,"path_per_floor":["M","$","?","M","?","R","E","R","T","R","?","?","R","M","R","B"],"character_chosen":"THE_SILENT","items_purchased":["Mind Blast"],"campfire_rested":0,"item_purchase_floors":[2],"current_hp_per_floor":[59,59,59,59,54,54,34,34,34,34,39,42,42,42,42,0],"gold":122,"neow_bonus":"UPGRADE_CARD","is_prod":false,"is_daily":false,"chose_seed":false,"campfire_upgraded":5,"win_rate":0,"timestamp":1542124651,"path_taken":["M","$","?","M","?","R","E","R","T","R","?","?","R","M","R","BOSS"],"build_version":"2018-11-08","purchased_purges":0,"victory":false,"max_hp_per_floor":[66,66,60,60,60,60,60,60,60,60,65,65,65,65,65,65],"card_choices":[{"not_picked":["Bane","Dodge and Roll"],"picked":"Riddle With Holes","floor":1},{"not_picked":["Caltrops","Slice"],"picked":"Leg Sweep","floor":4},{"not_picked":["Terror","Sucker Punch"],"picked":"Flying Knee","floor":7},{"not_picked":["Underhanded Strike","Venomology","Quick Slash"],"picked":"Backstab","floor":12},{"not_picked":["Cloak And Dagger","Acrobatics","Flechettes","Dagger Throw"],"picked":"SKIP","floor":14}],"player_experience":2257230,"relics_obtained":[{"floor":7,"key":"Smiling Mask"},{"floor":9,"key":"Question Card"},{"floor":12,"key":"Odd Mushroom"}],"event_choices":[{"damage_healed":0,"gold_gain":0,"player_choice":"Lose Max HP","damage_taken":0,"relics_obtained":["Golden Idol"],"max_hp_gain":0,"max_hp_loss":6,"event_name":"Golden Idol","floor":3,"gold_loss":0},{"damage_healed":0,"gold_gain":0,"player_choice":"Success","damage_taken":5,"relics_obtained":["Meat on the Bone"],"max_hp_gain":0,"max_hp_loss":0,"event_name":"Scrap Ooze","floor":5,"gold_loss":0},{"damage_healed":0,"gold_gain":0,"player_choice":"Donut","damage_taken":0,"max_hp_gain":5,"max_hp_loss":0,"event_name":"Big Fish","floor":11,"gold_loss":0},{"damage_healed":0,"gold_gain":0,"player_choice":"Fought Mushrooms","damage_taken":0,"max_hp_gain":0,"max_hp_loss":0,"event_name":"Mushrooms","floor":12,"gold_loss":0}],"is_beta":false,"boss_relics":[],"items_purged_floors":[],"is_endless":false,"potions_floor_spawned":[1,7],"killed_by":"Slime Boss","ascension_level":19}