{"gold_per_floor":[216,25,43,57,69,69,85,85,85,103,103,138,148,148,148,248,248,260,185,198,123,143,157,157,5,5,104,104,137,157,174,174,273,273,291,143,143,18,18,45,45,58,137,150,150,162,180,34,34,34],"floor_reached":51,"playtime":5490,"items_purged":["Strike_G","Strike_G","Strike_G"],"score":676,"play_id":"0a170eee-e69b-49de-adc6-0805b1daeb7b","local_time":"20190718231828","is_ascension_mode":false,"campfire_choices":[{"data":"Noxious Fumes","floor":6,"key":"SMITH"},{"data":"Footwork","floor":8,"key":"SMITH"},{"data":"Crippling Poison","floor":11,"key":"SMITH"},{"data":"Accuracy","floor":15,"key":"SMITH"},{"data":"Envenom","floor":24,"key":"SMITH"},{"data":"Blade Dance","floor":28,"key":"SMITH"},{"data":"Footwork","floor":32,"key":"SMITH"},{"data":"Panacea","floor":41,"key":"SMITH"},{"floor":45,"key":"REST"},{"floor":49,"key":"REST"}],"neow_cost":"NONE","seed_source_timestamp":682331335460916,"circlet_count":0,"master_deck":["Strike_G","Strike_G","Defend_G","Defend_G","Defend_G","Defend_G","Defend_G","Survivor","Neutralize","Sucker Punch","Footwork+1","Leg Sweep","Crippling Poison+1","Footwork+1","Cloak And Dagger","Noxious Fumes+1","Backflip","Cloak And Dagger","Accuracy+1","Envenom+1","PiercingWail+1","Blade Dance+1","PiercingWail","Flechettes","Terror","Dash","Adrenaline","Glass Knife","Bullet Time","Dodge and Roll","Panacea+1","Caltrops+1","Pain","Footwork+1","PiercingWail","Dodge and Roll+1"],"relics":["Ring of the Serpent","Letter Opener","Matryoshka","Pantograph","Cursed Key","Blood Vial","Prayer Wheel","Orichalcum","Gremlin Horn","Ancient Tea Set"],"potions_floor_usage":[13,16,33,33,33,50,50,50],"damage_taken":[{"damage":0,"enemies":"Cultist","floor":1,"turns":4},{"damage":0,"enemies":"Jaw Worm","floor":3,"turns":5},{"damage":0,"enemies":"2 Louse","floor":4,"turns":4},{"damage":0,"enemies":"2 Fungi Beasts","floor":5,"turns":6},{"damage":0,"enemies":"Blue Slaver","floor":7,"turns":5},{"damage":0,"enemies":"Red Slaver","floor":10,"turns":6},{"damage":11,"enemies":"3 Sentries","floor":12,"turns":7},{"damage":0,"enemies":"Gremlin Gang","floor":13,"turns":4},{"damage":5,"enemies":"Hexaghost","floor":16,"turns":11},{"damage":0,"enemies":"Spheric Guardian","floor":18,"turns":6},{"damage":7,"enemies":"2 Thieves","floor":19,"turns":5},{"damage":3,"enemies":"Centurion and Healer","floor":20,"turns":6},{"damage":5,"enemies":"Shelled Parasite and Fungi","floor":22,"turns":8},{"damage":4,"enemies":"Snake Plant","floor":23,"turns":6},{"damage":15,"enemies":"Slavers","floor":29,"turns":6},{"damage":3,"enemies":"Snecko","floor":30,"turns":6},{"damage":0,"enemies":"3 Cultists","floor":31,"turns":4},{"damage":12,"enemies":"Automaton","floor":33,"turns":8},{"damage":0,"enemies":"3 Shapes","floor":35,"turns":6},{"damage":18,"enemies":"Giant Head","floor":40,"turns":10},{"damage":10,"enemies":"Orb Walker","floor":42,"turns":3},{"damage":3,"enemies":"3 Darklings","floor":44,"turns":5},{"damage":9,"enemies":"Writhing Mass","floor":46,"turns":7},{"damage":32,"enemies":"Spire Growth","floor":47,"turns":6},{"damage":22,"enemies":"Time Eater","floor":50,"turns":18}],"seed_played":"-2132343438983239879","potions_obtained":[{"floor":3,"key":"Ancient Potion"},{"floor":4,"key":"LiquidBronze"},{"floor":5,"key":"Explosive Potion"},{"floor":13,"key":"Block Potion"},{"floor":20,"key":"Swift Potion"},{"floor":23,"key":"SteroidPotion"},{"floor":31,"key":"Ancient Potion"},{"floor":33,"key":"GhostInAJar"},{"floor":35,"key":"SpeedPotion"},{"floor":40,"key":"Dexterity Potion"}],"is_trial":false,"path_per_floor":["M","$","M","M","M","R","M","R","T","M","R","E","M","?","R","B",null,"M","M","M","$","M","M","R","$","T","?","R","E","M","M","R","B",null,"M","$","?","$","?","E","R","M","T","M","R","M","M","$","R","B",null],"character_chosen":"THE_SILENT","items_purchased":["Footwork","Leg Sweep","Crippling Poison","Dash","Adrenaline","Dexterity Potion","Ancient Tea Set"],"campfire_rested":2,"item_purchase_floors":[2,2,2,25,25,36,48],"current_hp_per_floor":[70,70,70,70,70,70,70,70,70,70,70,59,59,59,59,65,70,70,63,60,60,55,51,51,51,51,51,51,36,35,37,37,52,70,70,70,70,70,70,52,52,44,44,43,64,57,27,27,48,48],"gold":34,"neow_bonus":"HUNDRED_GOLD","is_prod":false,"is_daily":false,"chose_seed":false,"campfire_upgraded":8,"win_rate":0,"timestamp":1563506308,"path_taken":["M","$","M","?","M","R","M","R","T","M","R","E","M","?","R","BOSS","M","M","M","$","M","M","R","$","T","?","R","E","M","M","R","BOSS","M","$","?","$","?","E","R","M","T","M","R","M","?","$","R","BOSS"],"build_version":"2019-07-17","purchased_purges":3,"victory":true,"max_hp_per_floor":[70,70,70,70,70,70,70,70,70,70,70,70,70,70,70,70,70,70,70,70,70,70,70,70,70,70,70,70,70,70,70,70,70,70,70,70,70,70,70,70,70,70,70,70,70,70,70,70,70,70],"card_choices":[{"not_picked":["Prepared","Escape Plan"],"picked":"Sucker Punch","floor":1},{"not_picked":["Escape Plan","Sucker Punch"],"picked":"Footwork","floor":3},{"not_picked":["Outmaneuver","Underhanded Strike"],"picked":"Cloak And Dagger","floor":4},{"not_picked":["Heel Hook","Outmaneuver"],"picked":"Noxious Fumes","floor":5},{"not_picked":["Expertise","Dodge and Roll"],"picked":"Backflip","floor":7},{"not_picked":["Dagger Throw","Heel Hook","Bane"],"picked":"SKIP","floor":10},{"not_picked":["Bullet Time","PiercingWail"],"picked":"Cloak And Dagger","floor":12},{"not_picked":["Slice","Infinite Blades"],"picked":"Accuracy","floor":13},{"not_picked":["Night Terror","Storm of Steel"],"picked":"Envenom","floor":16},{"not_picked":["Quick Slash","Slice"],"picked":"PiercingWail+1","floor":18},{"not_picked":["Terror","Noxious Fumes"],"picked":"Blade Dance","floor":19},{"not_picked":["Acrobatics+1","Outmaneuver"],"picked":"PiercingWail","floor":20},{"not_picked":["Infinite Blades","Dagger Throw"],"picked":"Flechettes","floor":22},{"not_picked":["Heel Hook+1","Underhanded Strike"],"picked":"Terror","floor":23},{"not_picked":["Slice+1","Bane"],"picked":"Glass Knife","floor":29},{"not_picked":["Terror+1","Flechettes","Flying Knee"],"picked":"SKIP","floor":30},{"not_picked":["Flying Knee+1","Acrobatics","Finisher"],"picked":"SKIP","floor":31},{"not_picked":["A Thousand Cuts","Glass Knife"],"picked":"Bullet Time","floor":33},{"not_picked":["Predator+1","Eviscerate+1"],"picked":"Dodge and Roll","floor":35},{"not_picked":["Deep Breath","Good Instincts"],"picked":"Panacea","floor":37},{"not_picked":["All Out Attack+1","Riddle With Holes+1"],"picked":"Caltrops+1","floor":40},{"not_picked":["Bane","Poisoned Stab+1","Crippling Poison+1"],"picked":"SKIP","floor":42},{"not_picked":["Prepared","Escape Plan","Slice"],"picked":"SKIP","floor":42},{"not_picked":["Dagger Spray+1","Deflect"],"picked":"Footwork+1","floor":44},{"not_picked":["Tools of the Trade","Deflect","Quick Slash+1"],"picked":"SKIP","floor":44},{"not_picked":["Dodge and Roll","Slice"],"picked":"PiercingWail","floor":46},{"not_picked":["Prepared+1","A Thousand Cuts","Masterful Stab+1"],"picked":"SKIP","floor":46},{"not_picked":["Blade Dance","Noxious Fumes+1"],"picked":"Dodge and Roll+1","floor":47},{"not_picked":["Flying Knee+1","Terror+1","Poisoned Stab+1"],"picked":"SKIP","floor":47}],"player_experience":4042018,"relics_obtained":[{"floor":9,"key":"Letter Opener"},{"floor":12,"key":"Matryoshka"},{"floor":29,"key":"Blood Vial"},{"floor":40,"key":"Prayer Wheel"},{"floor":43,"key":"Orichalcum"},{"floor":43,"key":"Gremlin Horn"}],"event_choices":[{"damage_healed":0,"gold_gain":0,"player_choice":"Searched \u00272\u0027 times","damage_taken":0,"relics_obtained":["Pantograph"],"max_hp_gain":0,"max_hp_loss":0,"event_name":"Dead Adventurer","floor":14,"gold_loss":0},{"damage_healed":0,"gold_gain":99,"player_choice":"Stole From Cult","damage_taken":0,"max_hp_gain":0,"max_hp_loss":0,"event_name":"Nest","floor":27,"gold_loss":0},{"damage_healed":0,"gold_gain":0,"player_choice":"Memory 1","damage_taken":0,"max_hp_gain":0,"max_hp_loss":0,"event_name":"SensoryStone","floor":37,"gold_loss":0},{"damage_healed":0,"gold_gain":0,"player_choice":"Got Potions","damage_taken":0,"max_hp_gain":0,"max_hp_loss":0,"event_name":"Lab","floor":39,"gold_loss":0}],"is_beta":false,"boss_relics":[{"not_picked":["Runic Pyramid","Ectoplasm"],"picked":"Cursed Key"},{"not_picked":["Sozu","Calling Bell"],"picked":"Ring of the Serpent"}],"items_purged_floors":[21,36,38],"is_endless":false,"potions_floor_spawned":[3,4,5,7,13,20,23,29,31,33,35,40,47],"ascension_level":0}