{"gold_per_floor":[115,40,190,190,200,200,28,0,27,27,39,39,55,25,25,99,149,132,132,132,151,151,151,181,193,218,218,237,162,11,11,11,83,83,102,102,202,107,125,125,178,207,219,231,253,265],"floor_reached":46,"playtime":4069,"items_purged":["Doubt","Defend_G"],"score":816,"play_id":"da70a24e-8ae8-4fc8-8674-660c8b70a707","local_time":"20190421050106","is_ascension_mode":true,"campfire_choices":[{"data":"Neutralize","floor":6.0,"key":"SMITH"},{"data":"Enlightenment","floor":10.0,"key":"SMITH"},{"data":"Doppelganger","floor":12.0,"key":"SMITH"},{"data":"Malaise","floor":15.0,"key":"SMITH"},{"floor":23.0,"key":"REST"},{"floor":27.0,"key":"REST"},{"data":"A Thousand Cuts","floor":32.0,"key":"SMITH"},{"data":"A Thousand Cuts","floor":40.0,"key":"SMITH"},{"data":"Choke","floor":44.0,"key":"SMITH"}],"neow_cost":"NONE","seed_source_timestamp":0,"circlet_count":0,"master_deck":["AscendersBane","Defend_G+1","Defend_G+1","Defend_G+1","Strike_G+1","Strike_G+1","Survivor","Neutralize+1","Doppelganger+1","Bouncing Flask+1","Choke+1","Enlightenment+1","Crippling Poison","Malaise+1","A Thousand Cuts+1","Calculated Gamble+1","Envenom","Dash+1","Malaise+1","Footwork","Sucker Punch","A Thousand Cuts+1","Decay","Cloak And Dagger+1","Writhe","Well Laid Plans+1","Backflip+1","Cloak And Dagger+1","Choke+1"],"special_seed":0,"relics":["Ring of the Snake","Singing Bowl","Centennial Puzzle","Tiny House","Pantograph","Omamori","Calling Bell","Orichalcum","Toxic Egg 2","Du-Vu Doll","Nunchaku","Blood Vial","MawBank","War Paint"],"potions_floor_usage":[],"damage_taken":[{"damage":0.0,"enemies":"Jaw Worm","floor":1.0,"turns":5.0},{"damage":0.0,"enemies":"2 Louse","floor":5.0,"turns":4.0},{"damage":0.0,"enemies":"Small Slimes","floor":11.0,"turns":3.0},{"damage":0.0,"enemies":"2 Fungi Beasts","floor":13.0,"turns":3.0},{"damage":7.0,"enemies":"Looter","floor":14.0,"turns":4.0},{"damage":10.0,"enemies":"The Guardian","floor":16.0,"turns":10.0},{"damage":11.0,"enemies":"2 Thieves","floor":18.0,"turns":4.0},{"damage":16.0,"enemies":"Colosseum Slavers","floor":19.0,"turns":4.0},{"damage":16.0,"enemies":"Shell Parasite","floor":21.0,"turns":8.0},{"damage":7.0,"enemies":"Book of Stabbing","floor":24.0,"turns":7.0},{"damage":6.0,"enemies":"Sentry and Sphere","floor":25.0,"turns":7.0},{"damage":9.0,"enemies":"Cultist and Chosen","floor":28.0,"turns":8.0},{"damage":74.0,"enemies":"Champ","floor":33.0,"turns":17.0},{"damage":19.0,"enemies":"3 Darklings","floor":35.0,"turns":9.0},{"damage":6.0,"enemies":"Mind Bloom Boss Battle","floor":37.0,"turns":9.0},{"damage":2.0,"enemies":"3 Shapes","floor":39.0,"turns":4.0},{"damage":25.0,"enemies":"Giant Head","floor":42.0,"turns":9.0},{"damage":30.0,"enemies":"3 Darklings","floor":45.0,"turns":6.0},{"damage":26,"enemies":"Spire Growth","floor":46,"turns":3}],"seed_played":"5066483548208777813","potions_obtained":[{"floor":11.0,"key":"Energy Potion"},{"floor":16.0,"key":"EssenceOfSteel"},{"floor":17.0,"key":"Strength Potion"},{"floor":21.0,"key":"SkillPotion"},{"floor":28.0,"key":"EssenceOfSteel"},{"floor":33.0,"key":"GhostInAJar"},{"floor":39.0,"key":"Poison Potion"},{"floor":45.0,"key":"LiquidBronze"}],"is_trial":false,"path_per_floor":["M","?","?","?","M","R","$","?","T","R","M","R","M","M","R","B",null,"M","?","?","M","?","R","E","M","T","R","M","?","$","?","R","B",null,"M","?","?","$","M","R","T","E","T","R","M","M"],"character_chosen":"THE_SILENT","items_purchased":["Enlightenment","Sucker Punch","Backflip+1","PowerPotion"],"campfire_rested":2,"item_purchase_floors":[7,30,38,38],"current_hp_per_floor":[59,59,59,41,41,41,41,41,41,41,41,41,41,36,36,26,65,56,40,40,24,24,47,42,36,36,59,52,52,52,52,52,3,62,43,59,75,75,73,73,73,50,50,50,24,0],"gold":265,"neow_bonus":"ONE_RANDOM_RARE_CARD","is_prod":false,"is_daily":false,"chose_seed":false,"campfire_upgraded":7,"win_rate":0,"timestamp":1555844466,"path_taken":["M","?","?","?","M","R","$","?","T","R","M","R","M","M","R","BOSS","M","?","?","M","?","R","E","?","T","R","M","?","$","?","R","BOSS","M","?","?","?","M","R","?","E","T","R","?","M"],"build_version":"2019-04-20","purchased_purges":2,"victory":false,"max_hp_per_floor":[66,66,66,66,66,66,66,66,66,66,66,66,66,68,68,68,75,77,77,77,77,77,77,79,79,79,79,81,81,81,81,81,81,81,81,81,81,81,81,81,81,81,81,81,83,83],"card_choices":[{"not_picked":["Dodge and Roll","Predator"],"picked":"Bouncing Flask","floor":1.0},{"not_picked":["Quick Slash","Flying Knee"],"picked":"Choke","floor":5.0},{"not_picked":["Dagger Spray","Accuracy"],"picked":"Crippling Poison","floor":11.0},{"not_picked":["Finisher","Poisoned Stab"],"picked":"Malaise","floor":13.0},{"not_picked":["Skewer","Dagger Throw","Flying Knee"],"picked":"Singing Bowl","floor":14.0},{"not_picked":["Wraith Form v2","Die Die Die"],"picked":"A Thousand Cuts","floor":16.0},{"not_picked":["Outmaneuver","Dodge and Roll","Masterful Stab"],"picked":"Singing Bowl","floor":17.0},{"not_picked":["Cloak And Dagger","Dagger Spray","Finisher"],"picked":"Singing Bowl","floor":18.0},{"not_picked":["Deadly Poison","Footwork"],"picked":"Dash+1","floor":21.0},{"not_picked":["PiercingWail","All Out Attack","Backflip"],"picked":"Singing Bowl","floor":24.0},{"not_picked":["Underhanded Strike+1","PiercingWail+1"],"picked":"Footwork","floor":25.0},{"not_picked":["Underhanded Strike","Masterful Stab","Bane"],"picked":"Singing Bowl","floor":28.0},{"not_picked":["Phantasmal Killer","Doppelganger"],"picked":"A Thousand Cuts","floor":33.0},{"not_picked":["Dodge and Roll+1","Dagger Spray"],"picked":"Cloak And Dagger+1","floor":35.0},{"not_picked":["Crippling Poison+1","Backflip+1"],"picked":"Well Laid Plans+1","floor":37.0},{"not_picked":["Poisoned Stab","Eviscerate"],"picked":"Cloak And Dagger+1","floor":39.0},{"not_picked":["Slice","Crippling Poison+1"],"picked":"Choke+1","floor":42.0},{"not_picked":["Dagger Throw","Skewer+1","Crippling Poison+1"],"picked":"Singing Bowl","floor":45.0}],"player_experience":898821,"relics_obtained":[{"floor":9.0,"key":"Centennial Puzzle"},{"floor":24.0,"key":"Pantograph"},{"floor":26.0,"key":"Omamori"},{"floor":34.0,"key":"Orichalcum"},{"floor":34.0,"key":"Toxic Egg 2"},{"floor":34.0,"key":"Du-Vu Doll"},{"floor":37.0,"key":"Nunchaku"},{"floor":41.0,"key":"Blood Vial"},{"floor":42.0,"key":"MawBank"},{"floor":43.0,"key":"War Paint"}],"event_choices":[{"cards_removed":["Strike_G"],"damage_healed":0.0,"max_hp_gain":0.0,"max_hp_loss":0.0,"gold_gain":0.0,"event_name":"The Cleric","player_choice":"Card Removal","floor":2.0,"gold_loss":75.0,"damage_taken":0.0},{"damage_healed":0.0,"max_hp_gain":0.0,"max_hp_loss":0.0,"gold_gain":150.0,"event_name":"Liars Game","player_choice":"AGREE","floor":3.0,"gold_loss":0.0,"damage_taken":0.0,"cards_obtained":["Doubt"]},{"damage_healed":0.0,"max_hp_gain":0.0,"max_hp_loss":0.0,"gold_gain":0.0,"event_name":"Scrap Ooze","player_choice":"Success","floor":4.0,"gold_loss":0.0,"damage_taken":18.0,"relics_obtained":["Singing Bowl"]},{"damage_healed":0.0,"max_hp_gain":0.0,"max_hp_loss":0.0,"gold_gain":0.0,"event_name":"World of Goop","player_choice":"Left Gold","floor":8.0,"gold_loss":28.0,"damage_taken":0.0},{"damage_healed":0.0,"max_hp_gain":0.0,"max_hp_loss":0.0,"gold_gain":0.0,"event_name":"Colosseum","player_choice":"Fight","floor":19.0,"gold_loss":0.0,"damage_taken":0.0},{"damage_healed":0.0,"max_hp_gain":0.0,"max_hp_loss":0.0,"gold_gain":0.0,"event_name":"Colosseum","player_choice":"Fled From Nobs","floor":19.0,"gold_loss":0.0,"damage_taken":0.0},{"damage_healed":0.0,"max_hp_gain":0.0,"max_hp_loss":0.0,"gold_gain":0.0,"cards_transformed":["Defend_G","Strike_G"],"event_name":"Drug Dealer","player_choice":"Became Test Subject","floor":20.0,"gold_loss":0.0,"damage_taken":0.0,"cards_obtained":["Calculated Gamble","Envenom"]},{"damage_healed":0.0,"max_hp_gain":0.0,"max_hp_loss":0.0,"gold_gain":0.0,"event_name":"Duplicator","player_choice":"Copied","floor":22.0,"gold_loss":0.0,"damage_taken":0.0,"cards_obtained":["Malaise"]},{"cards_removed":["Strike_G"],"damage_healed":0.0,"max_hp_gain":0.0,"max_hp_loss":0.0,"gold_gain":0.0,"event_name":"Beggar","player_choice":"Gave Gold","floor":29.0,"gold_loss":75.0,"damage_taken":0.0},{"damage_healed":0.0,"max_hp_gain":0.0,"max_hp_loss":0.0,"gold_gain":0.0,"event_name":"Back to Basics","player_choice":"Simplicity","floor":31.0,"gold_loss":0.0,"damage_taken":0.0,"cards_upgraded":["Defend_G","Defend_G","Defend_G","Strike_G"]},{"damage_healed":16.0,"max_hp_gain":0.0,"max_hp_loss":0.0,"gold_gain":0.0,"event_name":"Winding Halls","player_choice":"Writhe","floor":36.0,"gold_loss":0.0,"damage_taken":0.0,"cards_obtained":["Writhe"]},{"damage_healed":0.0,"max_hp_gain":0.0,"max_hp_loss":0.0,"gold_gain":0.0,"event_name":"MindBloom","player_choice":"Fight","floor":37.0,"gold_loss":0.0,"damage_taken":0.0}],"is_beta":true,"boss_relics":[{"not_picked":["Velvet Choker","Fusion Hammer"],"picked":"Tiny House"},{"not_picked":["Pandora\u0027s Box","Black Star"],"picked":"Calling Bell"}],"items_purged_floors":[7,30],"is_endless":false,"potions_floor_spawned":[11,16,19,21,28,33,39,45],"killed_by":"Spire Growth","ascension_level":15}