{"gold_per_floor":[119,119,69,88,7,7,27,47,47,60,85,102,114,131,131,229,229,244,244,225,61,73,104,104,119,119,119,119,133,147,72,72,177,227,242,254,7,17,29,29,60,60,60,60,71,87,87,119,119,119,119,119,3,36,36],"floor_reached":56,"playtime":6435,"items_purged":["Writhe"],"score":1339,"play_id":"b8d28e7f-15c3-4f66-a8be-3889bcee822d","local_time":"20190717233013","is_ascension_mode":true,"campfire_choices":[{"floor":6,"key":"RECALL"},{"data":"Skewer","floor":15,"key":"SMITH"},{"data":"Footwork","floor":24,"key":"SMITH"},{"data":"Backflip","floor":27,"key":"SMITH"},{"data":"Neutralize","floor":32,"key":"SMITH"},{"data":"Caltrops","floor":40,"key":"SMITH"},{"data":"Acrobatics","floor":44,"key":"SMITH"},{"data":"Calculated Gamble","floor":49,"key":"SMITH"},{"data":"Malaise","floor":52,"key":"SMITH"}],"neow_cost":"NONE","seed_source_timestamp":12461121637078,"circlet_count":0,"master_deck":["Strike_G","Strike_G","Strike_G","Defend_G","Defend_G","Defend_G","Defend_G","Defend_G","Survivor","Neutralize+1","Blur+1","Footwork+1","Die Die Die","Backflip+1","Calculated Gamble+1","Acrobatics+1","Skewer+1","After Image+1","Flechettes","Cloak And Dagger+1","Good Instincts","PiercingWail+1","Cloak And Dagger+1","Crippling Poison","Malaise+1","Prepared+1","Caltrops+1","Venomology+1","Good Instincts","Dodge and Roll","Escape Plan","Finesse","Flash of Steel","Footwork+1","Well Laid Plans+1","Escape Plan"],"relics":["Ring of the Snake","Letter Opener","Blood Vial","Snake Skull","Coffee Dripper","Oddly Smooth Stone","Bag of Preparation","Mummified Hand","Potion Belt","Tiny House","Pen Nib","The Courier","War Paint","Bag of Marbles"],"potions_floor_usage":[16,22,23,23,33,33,39,41,41,41,48,50,50,55,55,55],"damage_taken":[{"damage":0,"enemies":"2 Louse","floor":1,"turns":4},{"damage":4,"enemies":"Small Slimes","floor":4,"turns":5},{"damage":0,"enemies":"Jaw Worm","floor":7,"turns":6},{"damage":0,"enemies":"Blue Slaver","floor":8,"turns":5},{"damage":0,"enemies":"Looter","floor":10,"turns":5},{"damage":1,"enemies":"3 Louse","floor":12,"turns":2},{"damage":0,"enemies":"Gremlin Gang","floor":13,"turns":2},{"damage":3,"enemies":"Large Slime","floor":14,"turns":10},{"damage":49,"enemies":"The Guardian","floor":16,"turns":23},{"damage":23,"enemies":"3 Byrds","floor":18,"turns":7},{"damage":8,"enemies":"2 Thieves","floor":20,"turns":4},{"damage":0,"enemies":"Snake Plant","floor":22,"turns":6},{"damage":48,"enemies":"Gremlin Leader","floor":23,"turns":8},{"damage":7,"enemies":"Snecko","floor":25,"turns":8},{"damage":0,"enemies":"Centurion and Healer","floor":29,"turns":8},{"damage":5,"enemies":"Sentry and Sphere","floor":30,"turns":6},{"damage":8,"enemies":"Automaton","floor":33,"turns":19},{"damage":0,"enemies":"3 Shapes","floor":35,"turns":3},{"damage":0,"enemies":"Orb Walker","floor":36,"turns":4},{"damage":0,"enemies":"Jaw Worm Horde","floor":38,"turns":5},{"damage":1,"enemies":"Maw","floor":39,"turns":13},{"damage":4,"enemies":"Reptomancer","floor":41,"turns":12},{"damage":0,"enemies":"4 Shapes","floor":45,"turns":7},{"damage":7,"enemies":"Spire Growth","floor":46,"turns":8},{"damage":0,"enemies":"Giant Head","floor":48,"turns":13},{"damage":9,"enemies":"Time Eater","floor":50,"turns":17},{"damage":12,"enemies":"Shield and Spear","floor":54,"turns":18},{"damage":51,"enemies":"The Heart","floor":55,"turns":16}],"seed_played":"2703171437450619320","potions_obtained":[{"floor":1,"key":"Dexterity Potion"},{"floor":10,"key":"Regen Potion"},{"floor":12,"key":"Weak Potion"},{"floor":18,"key":"SkillPotion"},{"floor":25,"key":"EssenceOfSteel"},{"floor":30,"key":"SkillPotion"},{"floor":34,"key":"AttackPotion"},{"floor":36,"key":"AttackPotion"},{"floor":38,"key":"Fire Potion"},{"floor":39,"key":"AttackPotion"},{"floor":45,"key":"SteroidPotion"}],"is_trial":false,"path_per_floor":["M","?","?","M","$","R","M","M","T","M","T","M","M","M","R","B",null,"M","?","M","$","M","E","R","M","T","R","?","M","M","?","R","B",null,"M","M","$","M","M","R","E","?","T","R","M","M","?","E","R","B",null,"R","$","E","B",null],"character_chosen":"THE_SILENT","items_purchased":["Die Die Die","Good Instincts","Caltrops","Venomology","Good Instincts","War Paint"],"campfire_rested":0,"item_purchase_floors":[5,21,37,37,37,53],"current_hp_per_floor":[77,74,74,70,70,70,70,70,70,72,72,73,75,74,74,27,77,54,54,48,48,65,19,19,14,14,14,14,16,13,13,13,7,82,82,82,82,82,81,81,78,68,68,68,70,65,65,67,67,60,78,78,78,66,17],"gold":36,"neow_bonus":"TEN_PERCENT_HP_BONUS","is_prod":false,"is_daily":false,"chose_seed":false,"campfire_upgraded":8,"win_rate":0,"timestamp":1563399013,"path_taken":["M","?","?","M","?","R","M","M","T","M","?","M","M","M","R","BOSS","M","?","M","$","M","E","R","M","T","R","?","M","?","?","R","BOSS","M","M","$","M","M","R","E","?","T","R","M","M","?","E","R","BOSS","R","$","E","BOSS"],"build_version":"2019-07-05","purchased_purges":1,"victory":true,"max_hp_per_floor":[77,77,77,77,77,77,77,77,77,77,77,77,77,77,77,77,77,77,77,77,77,77,77,77,77,77,77,77,77,77,77,77,77,82,82,82,82,82,82,82,82,82,82,82,82,82,78,78,78,78,78,78,78,78,78],"card_choices":[{"not_picked":["Dagger Throw","Tactician"],"picked":"Blur","floor":1},{"not_picked":["Finisher","Dagger Spray"],"picked":"Footwork","floor":4},{"not_picked":["Infinite Blades","Dagger Throw"],"picked":"Backflip","floor":7},{"not_picked":["Dagger Throw","Sucker Punch","Deadly Poison"],"picked":"SKIP","floor":8},{"not_picked":["Prepared","Burst"],"picked":"Calculated Gamble","floor":10},{"not_picked":["Dash","Underhanded Strike","Choke"],"picked":"SKIP","floor":12},{"not_picked":["Underhanded Strike","Masterful Stab"],"picked":"Acrobatics","floor":13},{"not_picked":["Infinite Blades","Acrobatics"],"picked":"Skewer","floor":14},{"not_picked":["Doppelganger","Glass Knife"],"picked":"After Image","floor":16},{"not_picked":["Flying Knee+1","Sucker Punch"],"picked":"Flechettes","floor":18},{"not_picked":["Dagger Spray","PiercingWail"],"picked":"Cloak And Dagger+1","floor":20},{"not_picked":["Sucker Punch","Dagger Throw"],"picked":"PiercingWail+1","floor":22},{"not_picked":["Underhanded Strike","Terror"],"picked":"Cloak And Dagger+1","floor":23},{"not_picked":["Expertise","Endless Agony"],"picked":"Crippling Poison","floor":25},{"not_picked":["Bane","Predator+1","Cloak And Dagger"],"picked":"SKIP","floor":29},{"not_picked":["Expertise","Dagger Throw","Cloak And Dagger"],"picked":"SKIP","floor":30},{"not_picked":["Phantasmal Killer","Tools of the Trade"],"picked":"Malaise","floor":33},{"not_picked":["Dagger Throw+1","Cloak And Dagger","Doppelganger"],"picked":"SKIP","floor":35},{"not_picked":["Crippling Poison","Dagger Spray"],"picked":"Prepared+1","floor":36},{"not_picked":["Quick Slash+1","Calculated Gamble+1"],"picked":"Dodge and Roll","floor":38},{"not_picked":["Flying Knee","Blade Dance+1"],"picked":"Escape Plan","floor":39},{"not_picked":["Flechettes+1","Masterful Stab","Blade Dance"],"picked":"SKIP","floor":41},{"not_picked":["Chrysalis","Panacea"],"picked":"Finesse","floor":42},{"not_picked":["Dramatic Entrance","Trip"],"picked":"Flash of Steel","floor":42},{"not_picked":["Acrobatics+1","Cloak And Dagger"],"picked":"Footwork+1","floor":45},{"not_picked":["Poisoned Stab","Endless Agony"],"picked":"Well Laid Plans+1","floor":46},{"not_picked":["Cloak And Dagger","Underhanded Strike+1","Reflex"],"picked":"SKIP","floor":48},{"not_picked":["Heel Hook","Cloak And Dagger+1"],"picked":"Escape Plan","floor":54}],"player_experience":140058,"relics_obtained":[{"floor":9,"key":"Blood Vial"},{"floor":11,"key":"Snake Skull"},{"floor":23,"key":"Bag of Preparation"},{"floor":26,"key":"Mummified Hand"},{"floor":28,"key":"Potion Belt"},{"floor":41,"key":"Pen Nib"},{"floor":48,"key":"The Courier"},{"floor":54,"key":"Bag of Marbles"}],"event_choices":[{"damage_healed":0,"gold_gain":0,"player_choice":"Success","damage_taken":3,"relics_obtained":["Letter Opener"],"max_hp_gain":0,"max_hp_loss":0,"event_name":"Scrap Ooze","floor":2,"gold_loss":0},{"cards_removed":["Strike_G"],"damage_healed":0,"gold_gain":0,"player_choice":"Card Removal","damage_taken":0,"max_hp_gain":0,"max_hp_loss":0,"event_name":"The Cleric","floor":3,"gold_loss":50},{"damage_healed":0,"gold_gain":0,"player_choice":"Opened","damage_taken":0,"relics_obtained":["Oddly Smooth Stone"],"max_hp_gain":0,"max_hp_loss":0,"event_name":"The Mausoleum","floor":19,"gold_loss":0,"cards_obtained":["Writhe"]},{"damage_healed":0,"gold_gain":0,"player_choice":"Relic","damage_taken":0,"max_hp_gain":0,"max_hp_loss":0,"event_name":"Wheel of Change","floor":28,"gold_loss":0},{"cards_removed":["Strike_G"],"damage_healed":0,"gold_gain":0,"player_choice":"Gave Gold","damage_taken":0,"max_hp_gain":0,"max_hp_loss":0,"event_name":"Beggar","floor":31,"gold_loss":75},{"damage_healed":0,"gold_gain":0,"player_choice":"Memory 3","damage_taken":10,"max_hp_gain":0,"max_hp_loss":0,"event_name":"SensoryStone","floor":42,"gold_loss":0},{"damage_healed":0,"gold_gain":0,"player_choice":"Max HP","damage_taken":0,"max_hp_gain":0,"max_hp_loss":4,"event_name":"Winding Halls","floor":47,"gold_loss":0}],"is_beta":false,"boss_relics":[{"not_picked":["Lizard Tail","Runic Dome"],"picked":"Coffee Dripper"},{"not_picked":["Busted Crown","Empty Cage"],"picked":"Tiny House"}],"items_purged_floors":[21],"is_endless":false,"potions_floor_spawned":[1,10,12,18,25,30,36,38,39,45],"ascension_level":3}