{"gold_per_floor":[117,117,117,137,4,4,33,33,60,70,81,96,96,108,108,181,181,198,30,38,51,51,51,64,64,90,90,90],"floor_reached":28,"playtime":1464,"items_purged":[],"score":429,"play_id":"9e2426fa-0090-4761-9783-061ef221974c","local_time":"20190411150032","is_ascension_mode":true,"campfire_choices":[{"data":"Chaos","floor":6,"key":"SMITH"},{"floor":13,"key":"REST"},{"data":"Capacitor","floor":15,"key":"SMITH"},{"floor":23,"key":"REST"},{"floor":25,"key":"REST"},{"data":"Loop","floor":27,"key":"SMITH"}],"neow_cost":"NONE","seed_source_timestamp":156605136827921,"circlet_count":0,"master_deck":["AscendersBane","Defend_B+1","Defend_B","Defend_B","Zap","Dualcast","Chill+1","Chaos+1","FTL","Coolheaded","White Noise","Hyperbeam","Genetic Algorithm","Double Energy","Capacitor","Capacitor+1","Glacier","Rainbow","Undo+1","Hyperbeam+1","Compile Driver+1","Loop+1","Reinforced Body+1","FTL","Auto Shields","Go for the Eyes"],"relics":["Cracked Core","Bird Faced Urn","Matryoshka","War Paint","Boot","Astrolabe","Ancient Tea Set","Potion Belt","Vajra"],"potions_floor_usage":[7,7,14,14,16,28,28],"damage_taken":[{"damage":2,"enemies":"Cultist","floor":1,"turns":4},{"damage":1,"enemies":"2 Louse","floor":4,"turns":4},{"damage":15,"enemies":"Lagavulin","floor":7,"turns":6},{"damage":0,"enemies":"Jaw Worm","floor":10,"turns":3},{"damage":7,"enemies":"Red Slaver","floor":11,"turns":3},{"damage":7,"enemies":"2 Fungi Beasts","floor":12,"turns":3},{"damage":0,"enemies":"Lots of Slimes","floor":14,"turns":2},{"damage":32,"enemies":"The Guardian","floor":16,"turns":11},{"damage":16,"enemies":"3 Byrds","floor":18,"turns":4},{"damage":25,"enemies":"2 Thieves","floor":20,"turns":4},{"damage":19,"enemies":"3 Cultists","floor":21,"turns":4},{"damage":5,"enemies":"Centurion and Healer","floor":24,"turns":8},{"damage":66,"enemies":"Book of Stabbing","floor":28,"turns":7}],"seed_played":"-2945033476929628676","potions_obtained":[{"floor":0,"key":"SteroidPotion"},{"floor":0,"key":"Strength Potion"},{"floor":7,"key":"FearPotion"},{"floor":12,"key":"Poison Potion"},{"floor":14,"key":"LiquidBronze"},{"floor":21,"key":"SpeedPotion"},{"floor":24,"key":"GamblersBrew"}],"is_trial":false,"path_per_floor":["M","?","?","M","$","R","E","?","T","M","M","M","R","M","R","B",null,"M","$","M","M","?","R","M","R","T","R","E"],"character_chosen":"DEFECT","items_purchased":["FTL","Coolheaded","Ancient Tea Set"],"campfire_rested":3,"item_purchase_floors":[5,5,19],"current_hp_per_floor":[62,51,51,50,50,50,35,35,35,37,32,29,50,50,50,24,59,45,45,24,9,9,30,33,54,54,54,0],"gold":90,"neow_bonus":"THREE_SMALL_POTIONS","is_prod":false,"is_daily":false,"chose_seed":false,"campfire_upgraded":3,"win_rate":0,"timestamp":1555009232,"path_taken":["M","?","?","?","$","R","E","?","T","?","M","M","R","M","R","BOSS","M","$","M","M","?","R","M","R","T","R","E"],"build_version":"2019-01-23","purchased_purges":0,"victory":false,"max_hp_per_floor":[71,71,71,71,71,71,71,71,71,71,71,71,71,71,71,71,71,71,71,71,71,71,71,71,71,71,71,71],"card_choices":[{"not_picked":["Compile Driver","Streamline"],"picked":"Chill","floor":1},{"not_picked":["Rebound","Streamline"],"picked":"Chaos","floor":4},{"not_picked":["Redo","Melter"],"picked":"White Noise","floor":7},{"not_picked":["Leap","Hologram"],"picked":"Double Energy","floor":10},{"not_picked":["Fusion","Go for the Eyes"],"picked":"Capacitor","floor":11},{"not_picked":["Reinforced Body","Redo"],"picked":"Capacitor","floor":12},{"not_picked":["Doom and Gloom","Defragment"],"picked":"Glacier","floor":14},{"not_picked":["All For One","Amplify"],"picked":"Rainbow","floor":16},{"not_picked":["Beam Cell+1","Rebound"],"picked":"Loop","floor":18},{"not_picked":["Steam","Coolheaded"],"picked":"Reinforced Body+1","floor":20},{"not_picked":["Redo","Barrage"],"picked":"FTL","floor":21},{"not_picked":["Ball Lightning","Streamline"],"picked":"Go for the Eyes","floor":24}],"player_experience":3357434,"relics_obtained":[{"floor":7,"key":"Matryoshka"},{"floor":9,"key":"War Paint"},{"floor":9,"key":"Boot"},{"floor":26,"key":"Potion Belt"},{"floor":26,"key":"Vajra"}],"event_choices":[{"damage_healed":0,"gold_gain":0,"player_choice":"Success","damage_taken":11,"relics_obtained":["Bird Faced Urn"],"max_hp_gain":0,"max_hp_loss":0,"event_name":"Scrap Ooze","floor":2,"gold_loss":0},{"cards_removed":["Strike_B"],"damage_healed":0,"gold_gain":0,"player_choice":"Purged","damage_taken":0,"max_hp_gain":0,"max_hp_loss":0,"event_name":"Purifier","floor":3,"gold_loss":0},{"damage_healed":0,"gold_gain":0,"player_choice":"2 cards matched","damage_taken":0,"max_hp_gain":0,"max_hp_loss":0,"event_name":"Match and Keep!","floor":8,"gold_loss":0,"cards_obtained":["Hyperbeam","Genetic Algorithm"]},{"damage_healed":0,"gold_gain":0,"cards_transformed":["Defend_B"],"player_choice":"Transformed","damage_taken":0,"max_hp_gain":0,"max_hp_loss":0,"event_name":"Transmorgrifier","floor":22,"gold_loss":0,"cards_obtained":["Auto Shields"]}],"is_beta":false,"boss_relics":[{"not_picked":["Orrery","Pandora\u0027s Box"],"picked":"Astrolabe"}],"items_purged_floors":[],"is_endless":false,"potions_floor_spawned":[1,7,12,14,21,24],"killed_by":"Book of Stabbing","ascension_level":19}