{"gold_per_floor":[114,129,144,1,16,16,31,31,81,111,111,111,141,156,156,156],"floor_reached":16,"playtime":770,"items_purged":["Strike_R"],"score":137,"play_id":"33bc03c3-7897-4737-958c-85afdb1ee772","local_time":"20181203152936","daily_mods":["Specialized","Green Cards","Binary"],"is_ascension_mode":false,"campfire_choices":[{"data":"Entrench","floor":6,"key":"SMITH"},{"data":"Glass Knife","floor":11,"key":"SMITH"},{"data":"Backflip","floor":15,"key":"SMITH"}],"neow_cost":"","seed_source_timestamp":0,"circlet_count":0,"master_deck":["Strike_R","Strike_R","Strike_R","Strike_R","Defend_R","Defend_R","Defend_R","Defend_R","Bash+1","Juggernaut","Juggernaut","Juggernaut","Juggernaut","Juggernaut","Backflip+1","PiercingWail","Entrench+1","Glass Knife+1","Fiend Fire","PiercingWail"],"special_seed":17868,"relics":["Burning Blood","Regal Pillow","Dream Catcher","Letter Opener"],"potions_floor_usage":[5,10,16,16],"damage_taken":[{"damage":18,"enemies":"Jaw Worm","floor":1,"turns":4},{"damage":0,"enemies":"Small Slimes","floor":2,"turns":4},{"damage":4,"enemies":"Cultist","floor":3,"turns":4},{"damage":6,"enemies":"Lots of Slimes","floor":5,"turns":6},{"damage":21,"enemies":"Exordium Wildlife","floor":7,"turns":6},{"damage":24,"enemies":"Gremlin Nob","floor":10,"turns":5},{"damage":15,"enemies":"Lagavulin","floor":13,"turns":6},{"damage":5,"enemies":"Looter","floor":14,"turns":3},{"damage":40,"enemies":"Hexaghost","floor":16,"turns":9}],"seed_played":"278748648570052528","potions_obtained":[{"floor":2,"key":"Energy Potion"},{"floor":7,"key":"GamblersBrew"},{"floor":10,"key":"PowerPotion"},{"floor":14,"key":"EssenceOfSteel"}],"is_trial":false,"path_per_floor":["M","M","M","$","M","R","M","?","T","E","R","?","E","M","R","B"],"character_chosen":"IRONCLAD","items_purchased":["Entrench"],"campfire_rested":0,"item_purchase_floors":[4],"current_hp_per_floor":[68,74,76,76,76,76,61,66,66,48,48,48,39,40,40,0],"gold":156,"neow_bonus":"","is_prod":false,"is_daily":true,"chose_seed":false,"campfire_upgraded":3,"win_rate":0,"timestamp":1543868976,"path_taken":["M","M","M","$","M","R","M","?","T","E","R","?","E","M","R","BOSS"],"build_version":"2018-11-15","purchased_purges":1,"victory":false,"max_hp_per_floor":[80,80,80,80,80,80,80,85,85,85,85,85,85,85,85,85],"card_choices":[{"not_picked":["Caltrops"],"picked":"Backflip","floor":1},{"not_picked":["Perfected Strike","Headbutt"],"picked":"SKIP","floor":2},{"not_picked":["Prepared"],"picked":"PiercingWail","floor":3},{"not_picked":["Concentrate"],"picked":"Glass Knife","floor":5},{"not_picked":["Sever Soul","Flying Knee"],"picked":"SKIP","floor":7},{"not_picked":["Heel Hook","Anger"],"picked":"SKIP","floor":10},{"not_picked":["Tools of the Trade"],"picked":"Fiend Fire","floor":13},{"not_picked":["Anger"],"picked":"PiercingWail","floor":14}],"player_experience":2610851,"relics_obtained":[{"floor":9,"key":"Regal Pillow"},{"floor":10,"key":"Dream Catcher"},{"floor":13,"key":"Letter Opener"}],"event_choices":[{"damage_healed":0,"gold_gain":0,"player_choice":"Donut","damage_taken":0,"max_hp_gain":5,"max_hp_loss":0,"event_name":"Big Fish","floor":8,"gold_loss":0},{"damage_healed":0,"gold_gain":0,"player_choice":"Forge","damage_taken":0,"max_hp_gain":0,"max_hp_loss":0,"event_name":"Accursed Blacksmith","floor":12,"gold_loss":0,"cards_upgraded":["Bash"]}],"is_beta":false,"boss_relics":[],"items_purged_floors":[4],"is_endless":false,"potions_floor_spawned":[2,7,10,14],"killed_by":"Hexaghost","ascension_level":0}