{"gold_per_floor":[114,189,169,2,21,50,50,70,70,70,70,83,100,100],"floor_reached":14,"playtime":811,"items_purged":["Strike_G"],"score":162,"play_id":"40369da2-7836-4d89-a7ee-64f31956d971","local_time":"20181109134310","is_ascension_mode":true,"campfire_choices":[{"floor":11,"key":"REST"}],"neow_cost":"NONE","seed_source_timestamp":416339960111447,"circlet_count":0,"master_deck":["AscendersBane","Defend_G","Defend_G","Defend_G","Defend_G","Defend_G","Strike_G","Strike_G","Strike_G","Strike_G","Survivor","Neutralize","Purity","Dagger Spray","Sucker Punch","Well Laid Plans","Dodge and Roll","Backflip","Shame","Neutralize","Choke","Terror","Backstab"],"relics":["Ring of the Snake","Ornamental Fan","Juzu Bracelet"],"potions_floor_usage":[6,14],"damage_taken":[{"damage":0,"enemies":"Jaw Worm","floor":1,"turns":5},{"damage":12,"enemies":"2 Louse","floor":5,"turns":2},{"damage":50,"enemies":"Gremlin Nob","floor":6,"turns":7},{"damage":0,"enemies":"Cultist","floor":8,"turns":5},{"damage":3,"enemies":"2 Fungi Beasts","floor":12,"turns":3},{"damage":10,"enemies":"Exordium Thugs","floor":13,"turns":6},{"damage":21,"enemies":"Large Slime","floor":14,"turns":5}],"seed_played":"3044279003235125895","potions_obtained":[{"floor":3,"key":"Dexterity Potion"},{"floor":5,"key":"FairyPotion"},{"floor":13,"key":"SkillPotion"}],"is_trial":false,"path_per_floor":["M","?","?","$","M","E","?","M","T","?","R","M","M","M"],"character_chosen":"THE_SILENT","items_purchased":["Sucker Punch","Well Laid Plans"],"campfire_rested":1,"item_purchase_floors":[4,4],"current_hp_per_floor":[59,48,48,48,36,6,6,6,6,6,25,22,12,0],"gold":100,"neow_bonus":"RANDOM_COLORLESS","is_prod":false,"is_daily":false,"chose_seed":false,"campfire_upgraded":0,"win_rate":0,"timestamp":1541788990,"path_taken":["M","?","?","$","?","E","?","?","T","?","R","M","M","M"],"build_version":"2018-11-08","purchased_purges":1,"victory":false,"max_hp_per_floor":[66,66,66,66,66,66,66,66,66,66,66,66,66,66],"card_choices":[{"not_picked":["Flechettes","Dagger Throw"],"picked":"Dagger Spray","floor":1},{"not_picked":["Cloak And Dagger","Tactician"],"picked":"Dodge and Roll","floor":5},{"not_picked":["Blade Dance","Grand Finale"],"picked":"Backflip","floor":6},{"not_picked":["Acrobatics","Dagger Throw"],"picked":"Choke","floor":8},{"not_picked":["Deadly Poison","Endless Agony"],"picked":"Terror","floor":12},{"not_picked":["Outmaneuver","Blur"],"picked":"Backstab","floor":13}],"player_experience":2148328,"relics_obtained":[{"floor":6,"key":"Ornamental Fan"},{"floor":9,"key":"Juzu Bracelet"}],"event_choices":[{"damage_healed":0,"gold_gain":75,"player_choice":"Gather Gold","damage_taken":11,"max_hp_gain":0,"max_hp_loss":0,"event_name":"World of Goop","floor":2,"gold_loss":0},{"damage_healed":0,"gold_gain":0,"player_choice":"Bought 1 Potion","damage_taken":0,"max_hp_gain":0,"max_hp_loss":0,"event_name":"The Woman in Blue","floor":3,"gold_loss":0},{"damage_healed":0,"gold_gain":0,"player_choice":"2 cards matched","damage_taken":0,"max_hp_gain":0,"max_hp_loss":0,"event_name":"Match and Keep!","floor":7,"gold_loss":0,"cards_obtained":["Shame","Neutralize"]},{"damage_healed":0,"gold_gain":0,"player_choice":"2 cards matched","damage_taken":0,"max_hp_gain":0,"max_hp_loss":0,"event_name":"Match and Keep!","floor":7,"gold_loss":0,"cards_obtained":["Shame","Neutralize"]},{"damage_healed":0,"gold_gain":0,"player_choice":"Ignored","damage_taken":0,"max_hp_gain":0,"max_hp_loss":0,"event_name":"Shining Light","floor":10,"gold_loss":0}],"is_beta":false,"boss_relics":[],"items_purged_floors":[4],"is_endless":false,"potions_floor_spawned":[5,13],"killed_by":"Large Slime","ascension_level":16}