{"gold_per_floor":[111,111,10,25,25,25,58,70,96,96,221,221,286,336,336,439,439,452,502,552,678,689,689,701,701,772,822,822,879,929,946,946,1051,1051,1067,1079,1229,1279,1329,1329,1343,1371,1371,364,364,433,537,57,57,57],"floor_reached":51,"playtime":3381,"items_purged":["Strike_B"],"score":1027,"play_id":"7f13f187-8730-4854-8f4c-9d3f307df42f","local_time":"20181211113128","is_ascension_mode":true,"campfire_choices":[{"data":"Zap","floor":6,"key":"SMITH"},{"data":"Compile Driver","floor":10,"key":"SMITH"},{"floor":12,"key":"REST"},{"data":"Skim","floor":15,"key":"SMITH"},{"data":"Chaos","floor":23,"key":"SMITH"},{"floor":25,"key":"REST"},{"floor":28,"key":"REST"},{"floor":32,"key":"REST"},{"floor":40,"key":"RECALL"},{"floor":45,"key":"REST"},{"floor":49,"key":"REST"}],"neow_cost":"NONE","seed_source_timestamp":2377225772626504,"circlet_count":0,"master_deck":["Defend_B","Defend_B","Defend_B","Defend_B+1","Zap+1","Dualcast+1","Conserve Battery","Leap","Compile Driver+1","Leap","Skim+1","Machine Learning","Chaos+1","FTL+1","Compile Driver+1","Self Repair+1","Static Discharge+1","Barrage","Meteor Strike","Doom and Gloom+1","Creative AI+1","Reinforced Body+1","Loop+1","White Noise+1","Leap+1","Static Discharge+1","Recycle","FTL+1","Discovery","Melter+1","Thunder Strike+1"],"relics":["Cracked Core","SsserpentHead","War Paint","Potion Belt","Strawberry","Nuclear Battery","Shuriken","Frozen Egg 2","Tiny Chest","Fusion Hammer","FossilizedHelix","Gambling Chip","Pear","Molten Egg 2","Toy Ornithopter","Lantern","Mummified Hand","Ancient Tea Set"],"potions_floor_usage":[16,16,20,29,33,33,35,37,50,50,50,50,50],"damage_taken":[{"damage":3,"enemies":"Small Slimes","floor":1,"turns":4},{"damage":0,"enemies":"Cultist","floor":4,"turns":3},{"damage":21,"enemies":"Lagavulin","floor":7,"turns":9},{"damage":0,"enemies":"2 Louse","floor":8,"turns":3},{"damage":0,"enemies":"Large Slime","floor":13,"turns":4},{"damage":31,"enemies":"Slime Boss","floor":16,"turns":11},{"damage":11,"enemies":"Chosen","floor":18,"turns":7},{"damage":15,"enemies":"Colosseum Slavers","floor":20,"turns":6},{"damage":13,"enemies":"2 Thieves","floor":22,"turns":5},{"damage":10,"enemies":"Centurion and Healer","floor":24,"turns":7},{"damage":35,"enemies":"Slavers","floor":29,"turns":5},{"damage":17,"enemies":"Shelled Parasite and Fungi","floor":31,"turns":5},{"damage":34,"enemies":"Automaton","floor":33,"turns":10},{"damage":41,"enemies":"3 Darklings","floor":35,"turns":4},{"damage":11,"enemies":"3 Shapes","floor":36,"turns":3},{"damage":3,"enemies":"Mind Bloom Boss Battle","floor":37,"turns":9},{"damage":0,"enemies":"Transient","floor":41,"turns":5},{"damage":11,"enemies":"Reptomancer","floor":42,"turns":7},{"damage":7,"enemies":"Maw","floor":46,"turns":6},{"damage":18,"enemies":"Donu and Deca","floor":50,"turns":6}],"seed_played":"-2724109334825334135","potions_obtained":[{"floor":8,"key":"Dexterity Potion"},{"floor":13,"key":"Fire Potion"},{"floor":16,"key":"Regen Potion"},{"floor":22,"key":"Poison Potion"},{"floor":24,"key":"SpeedPotion"},{"floor":31,"key":"Dexterity Potion"},{"floor":33,"key":"Regen Potion"},{"floor":35,"key":"SkillPotion"},{"floor":42,"key":"EssenceOfSteel"}],"is_trial":false,"path_per_floor":["M","?","$","M","?","R","E","M","T","R","?","R","M","?","R","B",null,"M","?","?","T","M","R","M","R","T","?","R","E","?","M","R","B",null,"M","M","?","?","?","R","M","E","T","$","R","M","T","$","R","B",null],"character_chosen":"DEFECT","items_purchased":["War Paint","Static Discharge+1","Recycle","Block Potion","AttackPotion","LiquidBronze","Molten Egg 2","Toy Ornithopter","FTL+1","Discovery","Mummified Hand","Ancient Tea Set","Thunder Strike+1","PowerPotion"],"campfire_rested":6,"item_purchase_floors":[3,44,44,44,44,44,44,44,44,44,48,48,48,48],"current_hp_per_floor":[72,72,72,72,72,72,51,51,58,58,47,73,73,73,73,42,77,66,66,65,65,52,52,42,68,68,68,89,64,64,57,83,59,82,63,62,69,69,89,89,89,88,98,98,99,99,99,99,99,91],"gold":57,"neow_bonus":"TEN_PERCENT_HP_BONUS","is_prod":false,"is_daily":false,"chose_seed":false,"campfire_upgraded":4,"win_rate":0,"timestamp":1544545888,"path_taken":["M","?","?","M","?","R","E","M","T","R","?","R","?","?","R","BOSS","M","?","?","?","M","R","M","R","T","?","R","E","?","M","R","BOSS","M","M","?","?","?","R","M","E","T","$","R","?","?","?","R","BOSS"],"build_version":"2018-12-06","purchased_purges":1,"victory":true,"max_hp_per_floor":[82,82,82,82,82,82,82,82,89,89,89,89,89,89,89,89,89,89,89,89,89,89,89,89,89,89,89,89,89,89,89,89,89,89,89,89,89,89,89,89,89,89,99,99,99,99,99,99,99,99],"card_choices":[{"not_picked":["Barrage","Chill"],"picked":"Conserve Battery","floor":1},{"not_picked":["Gash","Stack"],"picked":"Leap","floor":4},{"not_picked":["Fission","Storm"],"picked":"Compile Driver","floor":7},{"not_picked":["Hologram","Heatsinks"],"picked":"Leap","floor":8},{"not_picked":["Reinforced Body","Redo"],"picked":"Skim","floor":13},{"not_picked":["Meteor Strike","Hyperbeam"],"picked":"Machine Learning","floor":16},{"not_picked":["FTL","Recycle"],"picked":"Chaos","floor":18},{"not_picked":["Cold Snap+1","Tempest"],"picked":"FTL+1","floor":22},{"not_picked":["Tempest","Go for the Eyes"],"picked":"Compile Driver+1","floor":24},{"not_picked":["Reboot","Coolheaded"],"picked":"Static Discharge+1","floor":29},{"not_picked":["Undo","Turbo"],"picked":"Doom and Gloom+1","floor":31},{"not_picked":["Machine Learning+1","Buffer+1"],"picked":"Creative AI+1","floor":33},{"not_picked":["Sweeping Beam+1","Coolheaded"],"picked":"Reinforced Body+1","floor":35},{"not_picked":["Cold Snap+1","Streamline+1"],"picked":"Loop+1","floor":36},{"not_picked":["Auto Shields+1","Force Field"],"picked":"White Noise+1","floor":37},{"not_picked":["Consume","Sweeping Beam","Rebound"],"picked":"SKIP","floor":41},{"not_picked":["Barrage","Tempest+1"],"picked":"Leap+1","floor":42},{"not_picked":["Hologram","Turbo"],"picked":"Melter+1","floor":46}],"player_experience":2832646,"relics_obtained":[{"floor":7,"key":"Potion Belt"},{"floor":9,"key":"Strawberry"},{"floor":21,"key":"Shuriken"},{"floor":26,"key":"Frozen Egg 2"},{"floor":29,"key":"Tiny Chest"},{"floor":37,"key":"FossilizedHelix"},{"floor":42,"key":"Gambling Chip"},{"floor":43,"key":"Pear"},{"floor":47,"key":"Lantern"}],"event_choices":[{"damage_healed":0,"gold_gain":0,"player_choice":"Trade","damage_taken":0,"relics_obtained":["SsserpentHead"],"max_hp_gain":0,"max_hp_loss":0,"event_name":"FaceTrader","floor":2,"gold_loss":0},{"cards_removed":["Strike_B"],"damage_healed":0,"gold_gain":0,"player_choice":"Card Removal","damage_taken":0,"max_hp_gain":0,"max_hp_loss":0,"event_name":"The Cleric","floor":5,"gold_loss":50},{"damage_healed":0,"gold_gain":75,"player_choice":"Gather Gold","damage_taken":11,"max_hp_gain":0,"max_hp_loss":0,"event_name":"World of Goop","floor":11,"gold_loss":0},{"damage_healed":0,"gold_gain":0,"player_choice":"Ignored","damage_taken":0,"max_hp_gain":0,"max_hp_loss":0,"event_name":"Liars Game","floor":14,"gold_loss":0},{"damage_healed":0,"gold_gain":0,"player_choice":"Ignored","damage_taken":0,"max_hp_gain":0,"max_hp_loss":0,"event_name":"Ghosts","floor":19,"gold_loss":0},{"damage_healed":0,"gold_gain":0,"player_choice":"Fight","damage_taken":0,"max_hp_gain":0,"max_hp_loss":0,"event_name":"Colosseum","floor":20,"gold_loss":0},{"damage_healed":0,"gold_gain":0,"player_choice":"Fled From Nobs","damage_taken":0,"max_hp_gain":0,"max_hp_loss":0,"event_name":"Colosseum","floor":20,"gold_loss":0},{"damage_healed":0,"gold_gain":0,"player_choice":"Read","damage_taken":0,"max_hp_gain":0,"max_hp_loss":0,"event_name":"The Library","floor":27,"gold_loss":0,"cards_obtained":["Self Repair"]},{"damage_healed":0,"gold_gain":0,"cards_transformed":["Strike_B","Strike_B"],"player_choice":"Became Test Subject","damage_taken":0,"max_hp_gain":0,"max_hp_loss":0,"event_name":"Drug Dealer","floor":30,"gold_loss":0,"cards_obtained":["Barrage","Meteor Strike"]},{"damage_healed":0,"gold_gain":0,"player_choice":"Fight","damage_taken":0,"max_hp_gain":0,"max_hp_loss":0,"event_name":"MindBloom","floor":37,"gold_loss":0},{"damage_healed":0,"gold_gain":0,"player_choice":"Ignored","damage_taken":0,"max_hp_gain":0,"max_hp_loss":0,"event_name":"Mysterious Sphere","floor":38,"gold_loss":0},{"damage_healed":20,"gold_gain":0,"player_choice":"Full Heal","damage_taken":0,"max_hp_gain":0,"max_hp_loss":0,"event_name":"Wheel of Change","floor":39,"gold_loss":0}],"is_beta":false,"boss_relics":[{"not_picked":["Snecko Eye","Philosopher\u0027s Stone"],"picked":"Nuclear Battery"},{"not_picked":["Cursed Key","Coffee Dripper"],"picked":"Fusion Hammer"}],"items_purged_floors":[44],"is_endless":false,"potions_floor_spawned":[8,13,16,22,24,31,33,35,42],"ascension_level":9}