{"path_per_floor":["M","?","M","M","$","R","M","$","T","M","?","M","R","M","R","B",null,"M","?","M","?","M","M","R","$","T","E","R","E","R","M","R","B",null,"M","M","?","M","M","E","R","?","T","E","R","M","$","M","R","B"],"character_chosen":"THE_SILENT","items_purchased":["Footwork","Art of War","Dexterity Potion","Dexterity Potion"],"gold_per_floor":[210,210,226,245,131,131,146,2,2,14,14,24,24,44,44,142,142,154,154,94,94,106,118,118,18,18,43,43,72,72,83,83,185,185,203,213,213,226,236,271,271,271,271,298,298,308,87,102,102,102],"floor_reached":51,"campfire_rested":0,"playtime":5995,"current_hp_per_floor":[67,60,60,60,60,60,49,49,49,49,54,54,54,54,54,35,75,75,75,71,71,66,72,72,72,72,72,72,69,69,69,69,68,75,75,75,75,74,75,74,74,74,74,74,74,74,74,74,74,74],"items_purged":["Strike_G","Strike_G","Injury"],"gold":102,"score":690,"play_id":"bf75b3ae-d5d8-42a4-a2a8-f164a3e10760","is_prod":false,"is_daily":false,"is_ascension_mode":false,"campfire_upgraded":10,"path_taken":["M","?","M","M","$","R","M","$","T","M","?","M","R","M","R","BOSS","M","?","M","?","?","M","R","?","T","E","R","E","R","M","R","BOSS","M","M","?","?","M","E","R","?","T","E","R","M","$","M","R","BOSS"],"build_version":"2018-02-22-PROD1","purchased_purges":3,"victory":true,"master_deck":["Defend_G","Defend_G","Defend_G","Survivor+1","Neutralize+1","Backflip+1","Dagger Throw","Footwork+1","Backflip+1","Bouncing Flask+1","After Image+1","Night Terror+1","Blur+1","Noxious Fumes+1","Blur+1","Blur+1","Phantasmal Killer","Trip+1","Backstab+1","Acrobatics+1","Bouncing Flask+1","Backflip+1","PiercingWail+1","Venomology+1","Backstab+1","Blur+1","Outmaneuver+1","Malaise+1","Concentrate+1","Acrobatics+1"],"max_hp_per_floor":[70,70,70,70,70,70,70,70,70,70,75,75,75,75,75,75,75,75,75,75,75,75,75,75,75,75,75,75,75,75,75,75,75,75,75,75,75,75,75,75,75,75,75,75,75,75,75,75,75,75],"relics":["Ring of the Snake","Art of War","Sundial","Astrolabe","Frozen Eye","Toxic Egg 2","Snake Skull","Cursed Key","Shuriken","Oddly Smooth Stone","Unceasing Top"],"card_choices":[{"not_picked":["Outmaneuver","Masterful Stab"],"picked":"Backflip"},{"not_picked":["Poisoned Stab","Caltrops"],"picked":"Dagger Throw"},{"not_picked":["Sucker Punch","Dagger Throw"],"picked":"Backflip"},{"not_picked":["Skewer","Underhanded Strike"],"picked":"Bouncing Flask"},{"not_picked":["Grand Finale","Storm of Steel"],"picked":"After Image"},{"not_picked":["Flying Knee","Bane"],"picked":"Blur"},{"not_picked":["Infinite Blades","Malaise"],"picked":"Blur"},{"not_picked":["All Out Attack","Choke"],"picked":"Backstab"},{"not_picked":["Sucker Punch","Calculated Gamble"],"picked":"Acrobatics"},{"not_picked":["Reflex","Wraith Form"],"picked":"Bouncing Flask"},{"not_picked":["Cloak And Dagger","Bane"],"picked":"Backflip"},{"not_picked":["Deflect","Quick Slash"],"picked":"PiercingWail"},{"not_picked":["Envenom","Glass Knife"],"picked":"Venomology"},{"not_picked":["PiercingWail","Endless Agony"],"picked":"Backstab"},{"not_picked":["Dagger Throw","Prepared"],"picked":"Blur"},{"not_picked":["Bane","Underhanded Strike"],"picked":"Outmaneuver"},{"not_picked":["Envenom","Terror"],"picked":"Malaise"},{"not_picked":["PiercingWail","Prepared"],"picked":"Concentrate"},{"not_picked":["Blur","Deadly Poison"],"picked":"Acrobatics"}],"player_experience":833492,"potions_floor_usage":[10,16,20,23,31,36,38,39,40,40,40,40,46,46,48,50,50,50,50],"damage_taken":[{"damage":3,"enemies":"Jaw Worm","floor":1,"turns":7},{"damage":0,"enemies":"Cultist","floor":3,"turns":6},{"damage":0,"enemies":"Small Slimes","floor":4,"turns":6},{"damage":11,"enemies":"3 Louse","floor":7,"turns":5},{"damage":0,"enemies":"Red Slaver","floor":10,"turns":5},{"damage":0,"enemies":"Exordium Thugs","floor":12,"turns":6},{"damage":0,"enemies":"2 Fungi Beasts","floor":14,"turns":5},{"damage":19,"enemies":"Slime Boss","floor":16,"turns":16},{"damage":0,"enemies":"Chosen","floor":18,"turns":5},{"damage":4,"enemies":"2 Thieves","floor":20,"turns":4},{"damage":5,"enemies":"Chosen and Byrds","floor":22,"turns":6},{"damage":9,"enemies":"Sentry and Sphere","floor":23,"turns":8},{"damage":0,"enemies":"Gremlin Leader","floor":27,"turns":11},{"damage":3,"enemies":"Book of Stabbing","floor":29,"turns":8},{"damage":0,"enemies":"3 Cultists","floor":31,"turns":7},{"damage":1,"enemies":"Champ","floor":33,"turns":14},{"damage":0,"enemies":"Orb Walker","floor":35,"turns":4},{"damage":0,"enemies":"3 Darklings","floor":36,"turns":10},{"damage":1,"enemies":"Maw","floor":38,"turns":8},{"damage":3,"enemies":"Sphere and 2 Shapes","floor":39,"turns":5},{"damage":16,"enemies":"2 Orb Walkers","floor":40,"turns":7},{"damage":0,"enemies":"Giant Head","floor":44,"turns":10},{"damage":0,"enemies":"4 Shapes","floor":46,"turns":5},{"damage":0,"enemies":"3 Darklings","floor":48,"turns":4},{"damage":0,"enemies":"Donu and Deca","floor":50,"turns":10}],"event_choices":[{"event_name":"Golden Wing","player_choice":"Card Removal","floor":2,"damage_taken":0},{"event_name":"Big Fish","player_choice":"Donut","floor":11,"damage_taken":0},{"event_name":"Vampires","player_choice":"Ignored","floor":19,"damage_taken":0},{"event_name":"Match and Keep!","player_choice":"2 cards matched","floor":21,"damage_taken":0},{"event_name":"Match and Keep!","player_choice":"2 cards matched","floor":21,"damage_taken":0},{"event_name":"Tomb of Lord Red Mask","player_choice":"Ignored","floor":42,"damage_taken":0}],"boss_relics":[{"not_picked":["Snecko Eye","Lizard Tail"],"picked":"Astrolabe"},{"not_picked":["Philosopher\u0027s Stone","Sozu"],"picked":"Cursed Key"}],"potions_floor_spawned":[7,12,16,22,29,33,35,40,44,46,48],"seed_played":"-4261862751738878148","ascension_level":0,"is_trial":false}