{"path_per_floor":["M","$","?","M","M","R","E","R","T","M","R","?","R","M","R","B",null,"M","M","$","M"],"character_chosen":"THE_SILENT","items_purchased":["Infinite Blades","Blood Vial","Noxious Fumes"],"gold_per_floor":[113,32,32,44,64,64,98,98,168,184,184,184,184,195,195,294,294,234,234,8,8],"floor_reached":22,"campfire_rested":2,"playtime":2180,"current_hp_per_floor":[43,43,43,39,34,52,35,35,35,29,47,47,47,47,47,22,51,27,21,21,11],"items_purged":[],"gold":8,"score":279,"play_id":"4db1c7e2-15b3-465e-9959-b992b4955657","is_prod":false,"is_daily":false,"is_ascension_mode":true,"campfire_upgraded":3,"path_taken":["M","$","?","M","M","R","E","R","T","M","R","?","R","M","R","BOSS","M","M","$","M","M"],"build_version":"2018-02-08-PROD1","purchased_purges":0,"victory":false,"master_deck":["Defend_G","Defend_G","Defend_G","Defend_G","Defend_G","Strike_G","Strike_G","Strike_G","Strike_G","Survivor","Neutralize","Accuracy","Deadly Poison+1","Infinite Blades","Burst+1","Footwork+1","Bouncing Flask+1","Cloak And Dagger","Die Die Die","Slice+1","Noxious Fumes","Dash"],"max_hp_per_floor":[60,60,60,60,60,60,60,60,60,60,60,60,60,60,60,60,60,60,60,60,60],"relics":["Ring of the Snake","Centennial Puzzle","Paper Crane","Ectoplasm","Blood Vial"],"card_choices":[{"not_picked":["Blur","Prepared"],"picked":"Deadly Poison"},{"not_picked":["Flying Knee","Setup"],"picked":"Burst"},{"not_picked":["Outmaneuver","Dodge and Roll"],"picked":"Footwork"},{"not_picked":["Concentrate","Dodge and Roll"],"picked":"Bouncing Flask"},{"not_picked":["Outmaneuver","Sucker Punch"],"picked":"Cloak And Dagger"},{"not_picked":["Grand Finale","Unload"],"picked":"Die Die Die"},{"not_picked":["Sucker Punch","Escape Plan"],"picked":"Slice"},{"not_picked":["Deflect","Poisoned Stab"],"picked":"Dash"}],"player_experience":677666,"potions_floor_usage":[16,16,18,21],"damage_taken":[{"damage":17,"enemies":"Cultist","floor":1,"turns":6},{"damage":4,"enemies":"Blue Slaver","floor":4,"turns":6},{"damage":5,"enemies":"2 Louse","floor":5,"turns":5},{"damage":17,"enemies":"3 Sentries","floor":7,"turns":13},{"damage":6,"enemies":"2 Fungi Beasts","floor":10,"turns":5},{"damage":0,"enemies":"Large Slime","floor":14,"turns":6},{"damage":25,"enemies":"Slime Boss","floor":16,"turns":11},{"damage":24,"enemies":"2 Thieves","floor":18,"turns":3},{"damage":6,"enemies":"Chosen","floor":19,"turns":4},{"damage":12,"enemies":"Snake Plant","floor":21,"turns":5},{"damage":21,"enemies":"Chosen and Byrds","floor":22,"turns":4}],"event_choices":[{"event_name":"Upgrade Shrine","player_choice":"Upgraded","floor":3,"damage_taken":0},{"event_name":"Living Wall","player_choice":"Forget","floor":12,"damage_taken":0}],"boss_relics":[{"not_picked":["Lizard Tail","Snecko Eye"],"picked":"Ectoplasm"}],"potions_floor_spawned":[7,10,16,18],"seed_played":"-6868522269148218596","killed_by":"Chosen and Byrds","ascension_level":10,"is_trial":false}