{"gold_per_floor":[114,13,28,43,43,73,88,118,118,133,148,48,78,93,93,193,193,208,29,44,44,59,59,59,74,99,99,126,156,171,201,201,301,301,316,331,42,142,157,187,187,217,242,242,257,217,232,34,34,34],"floor_reached":51,"playtime":5150,"items_purged":["Phantasmal Killer","A Thousand Cuts"],"score":794,"play_id":"c1059467-38a3-4441-8a56-346db65854cf","local_time":"20190623132114","daily_mods":["Shiny","Green Cards","Night Terrors"],"is_ascension_mode":false,"campfire_choices":[{"data":"Setup","floor":15,"key":"SMITH"},{"data":"Wraith Form v2","floor":24,"key":"SMITH"},{"data":"Self Repair","floor":27,"key":"SMITH"},{"floor":32,"key":"REST"},{"data":"Buffer","floor":41,"key":"SMITH"},{"data":"Reboot","floor":44,"key":"SMITH"},{"data":"Adrenaline","floor":49,"key":"SMITH"}],"neow_cost":"","seed_source_timestamp":903544702826611,"circlet_count":0,"master_deck":["Venomology","Corpse Explosion","Malaise","Die Die Die","Adrenaline+1","Doppelganger","Burst","Wraith Form v2+1","Tools of the Trade","Night Terror","Unload","After Image","Bullet Time","Storm of Steel","Glass Knife","Hyperbeam","Thunder Strike","Biased Cognition","Machine Learning","Electrodynamics","Buffer+1","Rainbow","Seek+1","Meteor Strike","Echo Form","All For One","Reboot+1","Amplify","Creative AI","Fission","Core Surge","Capacitor","Well Laid Plans","Stack","Loop+1","Glacier","Conserve Battery","Cloak And Dagger","Self Repair+1","Escape Plan","Setup+1","Reprogram+1","Leg Sweep+1","Sweeping Beam+1","Predator+1","Echo Form+1","Tactician+1","Genetic Algorithm+1","Deep Breath+1","Acrobatics+1","Double Energy+1","Setup+1","Prepared+1","Deadly Poison+1","Backflip+1","Deflect+1","Seek+1","Dodge and Roll+1","PiercingWail+1","Chrysalis+1","Jack Of All Trades+1","Sucker Punch+1","Hologram+1","Coolheaded+1","Backflip+1","Backflip+1"],"special_seed":18070,"relics":["Cracked Core","Smiling Mask","Matryoshka","Oddly Smooth Stone","Calipers","Toxic Egg 2","Astrolabe","Vajra","Lantern","Red Mask","Shuriken","Mercury Hourglass","Nuclear Battery","Nunchaku","Pear","Bronze Scales","Potion Belt","Bag of Preparation"],"potions_floor_usage":[3,6,8,8,10,13,13,16,16,18,22,29,29,31,38,39,40,40,42,45,50,50,50],"damage_taken":[{"damage":0,"enemies":"Jaw Worm","floor":1,"turns":1},{"damage":0,"enemies":"Cultist","floor":3,"turns":3},{"damage":0,"enemies":"2 Louse","floor":4,"turns":1},{"damage":33,"enemies":"3 Sentries","floor":6,"turns":5},{"damage":9,"enemies":"Looter","floor":7,"turns":3},{"damage":10,"enemies":"Lagavulin","floor":8,"turns":6},{"damage":12,"enemies":"2 Fungi Beasts","floor":10,"turns":3},{"damage":8,"enemies":"Lots of Slimes","floor":11,"turns":4},{"damage":11,"enemies":"3 Sentries","floor":13,"turns":4},{"damage":3,"enemies":"Exordium Wildlife","floor":14,"turns":4},{"damage":19,"enemies":"The Guardian","floor":16,"turns":11},{"damage":20,"enemies":"3 Byrds","floor":18,"turns":4},{"damage":8,"enemies":"2 Thieves","floor":20,"turns":4},{"damage":0,"enemies":"Cultist and Chosen","floor":22,"turns":5},{"damage":10,"enemies":"Sentry and Sphere","floor":25,"turns":7},{"damage":0,"enemies":"Masked Bandits","floor":28,"turns":2},{"damage":15,"enemies":"Slavers","floor":29,"turns":3},{"damage":12,"enemies":"Shelled Parasite and Fungi","floor":30,"turns":6},{"damage":15,"enemies":"Book of Stabbing","floor":31,"turns":6},{"damage":12,"enemies":"Champ","floor":33,"turns":11},{"damage":14,"enemies":"3 Shapes","floor":35,"turns":2},{"damage":0,"enemies":"Orb Walker","floor":36,"turns":3},{"damage":0,"enemies":"Mind Bloom Boss Battle","floor":38,"turns":7},{"damage":5,"enemies":"4 Shapes","floor":39,"turns":5},{"damage":31,"enemies":"Nemesis","floor":40,"turns":7},{"damage":21,"enemies":"Reptomancer","floor":42,"turns":6},{"damage":8,"enemies":"Jaw Worm Horde","floor":45,"turns":4},{"damage":0,"enemies":"Sphere and 2 Shapes","floor":47,"turns":4},{"damage":11,"enemies":"Donu and Deca","floor":50,"turns":8}],"seed_played":"-1843096681485004276","potions_obtained":[{"floor":4,"key":"Ancient Potion"},{"floor":5,"key":"GamblersBrew"},{"floor":5,"key":"Energy Potion"},{"floor":8,"key":"Regen Potion"},{"floor":10,"key":"Fire Potion"},{"floor":11,"key":"Regen Potion"},{"floor":16,"key":"Weak Potion"},{"floor":20,"key":"Energy Potion"},{"floor":22,"key":"SteroidPotion"},{"floor":28,"key":"Regen Potion"},{"floor":29,"key":"Fire Potion"},{"floor":33,"key":"Swift Potion"},{"floor":38,"key":"Ancient Potion"},{"floor":42,"key":"Block Potion"},{"floor":45,"key":"Regen Potion"},{"floor":47,"key":"Strength Potion"}],"is_trial":false,"path_per_floor":["M","$","M","M","?","E","M","E","T","M","M","$","E","M","R","B",null,"M","$","M","?","M","?","R","M","T","R","?","E","M","E","R","B",null,"M","M","$","?","M","E","R","E","T","R","M","?","M","$","R","B",null],"character_chosen":"DEFECT","items_purchased":["Well Laid Plans","Stack","PowerPotion","Genetic Algorithm+1","Deep Breath+1","Chrysalis+1","Jack Of All Trades+1","Bag of Preparation","Backflip+1"],"campfire_rested":1,"item_purchase_floors":[2,2,12,19,19,37,37,48,48],"current_hp_per_floor":[75,75,75,75,75,42,33,23,23,27,26,26,27,31,31,34,75,62,62,61,61,68,54,54,58,58,58,58,52,60,45,75,73,75,61,61,61,75,75,85,85,64,64,64,76,76,85,85,85,85],"gold":34,"neow_bonus":"","is_prod":false,"is_daily":true,"chose_seed":false,"campfire_upgraded":6,"win_rate":0,"timestamp":1561310474,"path_taken":["M","$","M","M","?","E","M","E","T","M","M","?","E","M","R","BOSS","M","$","M","?","M","?","R","M","T","R","?","E","M","E","R","BOSS","M","M","$","?","M","E","R","E","T","R","M","?","M","$","R","BOSS"],"build_version":"2019-01-23","purchased_purges":2,"victory":true,"max_hp_per_floor":[75,75,75,75,75,75,75,75,75,75,75,75,75,75,75,75,75,75,75,75,75,75,80,80,80,80,80,80,80,80,80,75,75,75,75,75,75,75,75,85,85,85,85,85,85,85,85,85,85,85],"card_choices":[{"not_picked":["Streamline","Footwork"],"picked":"Capacitor","floor":1},{"not_picked":["Quick Slash","Dagger Throw"],"picked":"Loop","floor":3},{"not_picked":["Cloak And Dagger","Infinite Blades"],"picked":"Glacier","floor":4},{"not_picked":["Stack","Calculated Gamble"],"picked":"Conserve Battery","floor":6},{"not_picked":["Infinite Blades","Barrage"],"picked":"Cloak And Dagger","floor":7},{"not_picked":["Heel Hook","Sunder"],"picked":"Self Repair","floor":8},{"not_picked":["Beam Cell","Setup"],"picked":"Escape Plan","floor":10},{"not_picked":["Sweeping Beam","Slice"],"picked":"Setup","floor":11},{"not_picked":["Tempest","Heatsinks"],"picked":"Reprogram","floor":13},{"not_picked":["Auto Shields+1","Gash"],"picked":"Leg Sweep+1","floor":14},{"not_picked":["Blade Dance+1","Acrobatics+1"],"picked":"Tactician+1","floor":18},{"not_picked":["Dagger Throw","Barrage"],"picked":"Acrobatics+1","floor":20},{"not_picked":["Poisoned Stab","Coolheaded+1"],"picked":"Double Energy+1","floor":22},{"not_picked":["Rebound","Tools of the Trade"],"picked":"Setup+1","floor":25},{"not_picked":["Cold Snap","Redo+1"],"picked":"Prepared+1","floor":28},{"not_picked":["Bane","Cold Snap"],"picked":"Deadly Poison+1","floor":29},{"not_picked":["Outmaneuver+1","Wraith Form v2"],"picked":"Backflip+1","floor":30},{"not_picked":["Cold Snap","Quick Slash"],"picked":"Deflect+1","floor":31},{"not_picked":["Corpse Explosion+1","Storm of Steel+1"],"picked":"Seek+1","floor":33},{"not_picked":["Go for the Eyes","Ball Lightning+1"],"picked":"Dodge and Roll+1","floor":35},{"not_picked":["Sweeping Beam","Deadly Poison+1"],"picked":"PiercingWail+1","floor":36},{"not_picked":["Underhanded Strike+1","Eviscerate+1"],"picked":"Sucker Punch+1","floor":38},{"not_picked":["Quick Slash","Wraith Form v2"],"picked":"Hologram+1","floor":39},{"not_picked":["Poisoned Stab+1","Choke"],"picked":"Coolheaded+1","floor":40},{"not_picked":["Slice+1","Die Die Die"],"picked":"Backflip+1","floor":42},{"not_picked":["Quick Slash+1","Prepared+1","Gash+1"],"picked":"SKIP","floor":45},{"not_picked":["Beam Cell","Go for the Eyes","Gash"],"picked":"SKIP","floor":47}],"player_experience":3809514,"relics_obtained":[{"floor":6,"key":"Smiling Mask"},{"floor":8,"key":"Matryoshka"},{"floor":9,"key":"Oddly Smooth Stone"},{"floor":9,"key":"Calipers"},{"floor":13,"key":"Toxic Egg 2"},{"floor":26,"key":"Vajra"},{"floor":26,"key":"Lantern"},{"floor":28,"key":"Red Mask"},{"floor":29,"key":"Shuriken"},{"floor":31,"key":"Mercury Hourglass"},{"floor":38,"key":"Nunchaku"},{"floor":40,"key":"Pear"},{"floor":42,"key":"Bronze Scales"},{"floor":43,"key":"Potion Belt"}],"event_choices":[{"damage_healed":0,"gold_gain":0,"player_choice":"Got Potions","damage_taken":0,"max_hp_gain":0,"max_hp_loss":0,"event_name":"Lab","floor":5,"gold_loss":0},{"damage_healed":0,"gold_gain":0,"player_choice":"Ignored","damage_taken":0,"max_hp_gain":0,"max_hp_loss":0,"event_name":"Cursed Tome","floor":21,"gold_loss":0},{"damage_healed":0,"gold_gain":0,"player_choice":"Shed Blood","damage_taken":19,"max_hp_gain":5,"max_hp_loss":0,"event_name":"Forgotten Altar","floor":23,"gold_loss":0},{"damage_healed":0,"gold_gain":0,"player_choice":"Fought Bandits","damage_taken":0,"max_hp_gain":0,"max_hp_loss":0,"event_name":"Masked Bandits","floor":28,"gold_loss":0},{"damage_healed":0,"gold_gain":0,"player_choice":"Fight","damage_taken":0,"max_hp_gain":0,"max_hp_loss":0,"event_name":"MindBloom","floor":38,"gold_loss":0},{"damage_healed":0,"gold_gain":0,"player_choice":"Upgraded Two","damage_taken":0,"max_hp_gain":0,"max_hp_loss":0,"event_name":"Designer","floor":46,"gold_loss":40,"cards_upgraded":["Loop","Seek"]}],"is_beta":false,"boss_relics":[{"not_picked":["Runic Pyramid","Philosopher\u0027s Stone"],"picked":"Astrolabe"},{"not_picked":["Cursed Key","Runic Dome"],"picked":"Nuclear Battery"}],"items_purged_floors":[12,19],"is_endless":false,"potions_floor_spawned":[4,8,10,11,16,20,22,28,29,33,35,38,42,45,47],"ascension_level":0}