{"path_per_floor":["M","?","?","M","M","R","$","R","T","M","R","?","M","M","R","B",null,"M","M","$","M","M","R","M","R","T","R","M","?","M","T","R","B",null,"M","$","M","?","?","$","M","R","T","M","R","?","M","M","R","B"],"character_chosen":"THE_SILENT","items_purchased":["Footwork","Well Laid Plans","Backflip","Footwork"],"gold_per_floor":[110,60,60,74,84,84,9,9,9,24,24,24,41,58,58,154,154,170,190,16,31,51,51,67,67,67,67,80,80,92,92,92,193,193,207,4,20,0,250,7,25,25,25,35,35,35,46,57,57,57],"floor_reached":51,"campfire_rested":3,"playtime":5940,"current_hp_per_floor":[70,70,77,77,77,77,77,77,77,74,74,74,74,74,74,50,80,79,79,79,60,46,46,25,25,25,49,49,49,39,39,63,35,80,62,62,77,77,77,77,77,77,77,75,75,65,45,42,66,21],"items_purged":["Strike_G","Strike_G","Defend_G","Regret"],"gold":57,"score":469,"play_id":"bf445eb4-71bd-4747-9818-31cf48a4d618","is_prod":false,"is_daily":false,"is_ascension_mode":false,"campfire_upgraded":7,"path_taken":["M","?","?","M","M","R","?","R","T","?","R","?","M","M","R","BOSS","M","M","$","M","M","R","M","R","T","R","M","?","M","?","R","BOSS","M","?","M","?","?","$","M","R","T","M","R","?","M","?","R","BOSS"],"build_version":"2018-02-15-PROD1","purchased_purges":5,"victory":true,"master_deck":["Defend_G","Defend_G","Defend_G","Defend_G","Survivor","Neutralize+1","Prepared","Dagger Throw+1","Poisoned Stab+1","Grand Finale","Footwork+1","Poisoned Stab","Noxious Fumes+1","Footwork","Dagger Spray+1","Prepared","Backflip","Backflip","Venomology","Footwork+1","Well Laid Plans+1","PiercingWail+1","Backflip+1","Footwork","Terror+1","Madness","Madness","Calculated Gamble"],"max_hp_per_floor":[70,70,80,80,80,80,80,80,80,80,80,80,80,80,80,80,80,80,80,80,80,80,80,80,80,80,80,80,80,80,80,80,80,80,80,80,80,80,80,80,80,80,80,80,80,80,80,80,80,80],"relics":["Ring of the Snake","Snake Skull","Pear","Peace Pipe","Orrery","Unceasing Top","Frozen Eye","Lizard Tail","Red Mask","Sundial"],"card_choices":[{"not_picked":["Caltrops","Outmaneuver"],"picked":"Prepared"},{"not_picked":["Storm of Steel","Setup"],"picked":"Dagger Throw"},{"not_picked":["Calculated Gamble","Caltrops"],"picked":"Poisoned Stab"},{"not_picked":["Storm of Steel","A Thousand Cuts"],"picked":"Grand Finale"},{"not_picked":["Prepared","Eviscerate"],"picked":"Footwork"},{"not_picked":["Endless Agony","Tools of the Trade"],"picked":"Poisoned Stab"},{"not_picked":["Deflect","Acrobatics"],"picked":"Noxious Fumes"},{"not_picked":["Sucker Punch","Accuracy"],"picked":"Dagger Spray"},{"not_picked":["Dagger Throw","Dagger Spray"],"picked":"Prepared"},{"not_picked":["Envenom","Deflect"],"picked":"Backflip"},{"not_picked":["Dagger Spray","Deflect"],"picked":"Backflip"},{"not_picked":["Tactician","Grand Finale"],"picked":"Venomology"},{"not_picked":["Bane","Cloak And Dagger"],"picked":"Footwork"},{"not_picked":["Deadly Poison","Bane"],"picked":"PiercingWail"},{"not_picked":["Expertise","Infinite Blades"],"picked":"Terror"},{"not_picked":["Dagger Spray","Underhanded Strike"],"picked":"Calculated Gamble"}],"player_experience":787727,"potions_floor_usage":[16,21,21,33,33,33,35,37,44,47,48,48,50,50,50],"damage_taken":[{"damage":0,"enemies":"2 Louse","floor":1,"turns":3},{"damage":0,"enemies":"Jaw Worm","floor":4,"turns":6},{"damage":0,"enemies":"Small Slimes","floor":5,"turns":4},{"damage":3,"enemies":"Exordium Thugs","floor":10,"turns":7},{"damage":0,"enemies":"Exordium Wildlife","floor":13,"turns":3},{"damage":0,"enemies":"Red Slaver","floor":14,"turns":4},{"damage":24,"enemies":"Slime Boss","floor":16,"turns":12},{"damage":1,"enemies":"Shell Parasite","floor":18,"turns":8},{"damage":0,"enemies":"3 Byrds","floor":19,"turns":4},{"damage":19,"enemies":"3 Cultists","floor":21,"turns":8},{"damage":14,"enemies":"Snake Plant","floor":22,"turns":5},{"damage":21,"enemies":"Slaver and Parasite","floor":24,"turns":9},{"damage":0,"enemies":"Snecko","floor":28,"turns":5},{"damage":10,"enemies":"Centurion and Healer","floor":30,"turns":7},{"damage":28,"enemies":"Collector","floor":33,"turns":9},{"damage":27,"enemies":"3 Darklings","floor":35,"turns":6},{"damage":0,"enemies":"3 Shapes","floor":37,"turns":6},{"damage":0,"enemies":"Maw","floor":41,"turns":9},{"damage":2,"enemies":"4 Shapes","floor":44,"turns":8},{"damage":20,"enemies":"Sphere and 2 Shapes","floor":47,"turns":8},{"damage":3,"enemies":"3 Darklings","floor":48,"turns":6},{"damage":45,"enemies":"Donu and Deca","floor":50,"turns":12}],"event_choices":[{"event_name":"The Cleric","player_choice":"Card Removal","floor":2,"damage_taken":0},{"event_name":"Scrap Ooze","player_choice":"success","floor":3,"damage_taken":3},{"event_name":"Wheel of Change","player_choice":"Card Removal","floor":12,"damage_taken":0},{"event_name":"The Lab","player_choice":"Got Potions","floor":29,"damage_taken":0},{"event_name":"Tomb of Lord Red Mask","player_choice":"Paid","floor":38,"damage_taken":0},{"event_name":"Golden Shrine","player_choice":"Desecrate","floor":39,"damage_taken":0},{"event_name":"Winding Halls","player_choice":"Embrace Madness","floor":46,"damage_taken":0}],"boss_relics":[{"not_picked":["White Beast Statue","Velvet Choker"],"picked":"Orrery"},{"not_picked":["Snecko Eye","Philosopher\u0027s Stone"],"picked":"Lizard Tail"}],"potions_floor_spawned":[5,13,16,22,28,30,37,41,44],"seed_played":"-8253340472133184341","ascension_level":0,"is_trial":false}