{"path_per_floor":["M","M","?","?","$","E","R","M","T","$","M","M","?","$","R","B",null,"M","M","?","?","M","R","M","$","T","?","$","M","R","E","R","B",null,"M","?","M","M","M","R","M","E","T","$","R","?","M","M","R","B"],"character_chosen":"THE_SILENT","items_purchased":["Footwork","Mind Blast","After Image","Dash","Blur","Bottled Flame","Regen Potion"],"gold_per_floor":[119,129,229,229,17,50,50,67,115,34,45,55,55,55,55,160,160,179,190,190,105,124,124,143,43,70,70,30,46,46,74,74,176,176,193,193,211,223,239,239,252,310,336,2,2,0,10,24,24,24],"floor_reached":51,"campfire_rested":2,"playtime":5916,"current_hp_per_floor":[64,64,64,64,64,36,36,36,36,36,38,40,40,40,40,49,70,65,65,49,49,62,62,64,64,64,64,64,60,60,62,62,56,70,65,65,67,67,61,61,42,13,13,13,34,34,51,49,70,35],"items_purged":["Strike_G","Strike_G"],"gold":24,"score":524,"play_id":"631b7f89-0e86-42b1-89ba-70dd8e1e3cff","is_prod":false,"is_daily":false,"is_ascension_mode":false,"campfire_upgraded":6,"path_taken":["M","M","?","?","?","E","R","M","T","$","M","?","?","$","R","BOSS","M","M","?","?","M","R","M","$","T","?","$","M","R","E","R","BOSS","M","?","?","M","M","R","M","E","T","$","R","?","M","M","R","BOSS"],"build_version":"2018-02-12-PROD1","purchased_purges":2,"victory":true,"master_deck":["Defend_G","Defend_G","Defend_G","Defend_G","Survivor","Neutralize+1","Well Laid Plans","Dagger Throw","Footwork+1","Mind Blast+1","Dagger Spray+1","Backflip","After Image","Dash+1","Adrenaline+1","Backstab+1","Phantasmal Killer+1","Malaise+1","Setup+1","Deadly Poison+1","Footwork+1","Dash","Footwork+1","PiercingWail+1","Backflip+1","Deadly Poison+1","Envenom","Blur"],"max_hp_per_floor":[70,70,70,70,70,70,70,70,70,70,70,70,70,70,70,70,70,70,70,70,70,70,70,70,70,70,70,70,70,70,70,70,70,70,70,70,70,70,70,70,70,70,70,70,70,70,70,70,70,70],"relics":["Ring of the Snake","Lantern","Blood Vial","Astrolabe","Nilry\u0027s Codex","Letter Opener","Pen Nib","Oddly Smooth Stone","Lizard Tail","Tiny Chest","Snake Skull","Bottled Flame","Red Mask"],"card_choices":[{"not_picked":["Poisoned Stab","Riddle With Holes"],"picked":"Well Laid Plans"},{"not_picked":["PiercingWail","Terror"],"picked":"Dagger Throw"},{"not_picked":["Flechettes","Dagger Throw"],"picked":"Dagger Spray"},{"not_picked":["Choke","Accuracy"],"picked":"Backflip"},{"not_picked":["Heel Hook","Catalyst"],"picked":"Dash"},{"not_picked":["Bullet Time","Corpse Explosion"],"picked":"Adrenaline"},{"not_picked":["Underhanded Strike","Endless Agony"],"picked":"Setup"},{"not_picked":["Catalyst","Slice"],"picked":"Deadly Poison"},{"not_picked":["Sucker Punch","Cloak And Dagger"],"picked":"Footwork"},{"not_picked":["Bane","Sucker Punch"],"picked":"Footwork"},{"not_picked":["Flying Knee","Infinite Blades"],"picked":"PiercingWail"},{"not_picked":["Cloak And Dagger","Sucker Punch"],"picked":"Backflip"},{"not_picked":["Dagger Throw","Dodge and Roll"],"picked":"Deadly Poison"},{"not_picked":["Dagger Spray","Masterful Stab"],"picked":"Envenom"}],"player_experience":739031,"potions_floor_usage":[16,16,16,22,29,31,42,42,47,50,50],"damage_taken":[{"damage":6,"enemies":"Cultist","floor":1,"turns":4},{"damage":0,"enemies":"Blue Slaver","floor":2,"turns":7},{"damage":28,"enemies":"Gremlin Nob","floor":6,"turns":5},{"damage":0,"enemies":"Jaw Worm","floor":8,"turns":4},{"damage":0,"enemies":"Large Slime","floor":11,"turns":7},{"damage":0,"enemies":"Red Slaver","floor":12,"turns":3},{"damage":8,"enemies":"Slime Boss","floor":16,"turns":8},{"damage":5,"enemies":"Shell Parasite","floor":18,"turns":7},{"damage":2,"enemies":"2 Thieves","floor":19,"turns":3},{"damage":4,"enemies":"Centurion and Healer","floor":22,"turns":6},{"damage":0,"enemies":"Sentry and Sphere","floor":24,"turns":7},{"damage":6,"enemies":"Snecko","floor":29,"turns":5},{"damage":0,"enemies":"Book of Stabbing","floor":31,"turns":5},{"damage":8,"enemies":"Champ","floor":33,"turns":18},{"damage":5,"enemies":"3 Shapes","floor":35,"turns":5},{"damage":0,"enemies":"Orb Walker","floor":37,"turns":5},{"damage":2,"enemies":"Maw","floor":38,"turns":9},{"damage":8,"enemies":"4 Shapes","floor":39,"turns":8},{"damage":21,"enemies":"3 Darklings","floor":41,"turns":7},{"damage":31,"enemies":"2 Orb Walkers","floor":42,"turns":8},{"damage":0,"enemies":"Maw","floor":47,"turns":9},{"damage":4,"enemies":"Sphere and 2 Shapes","floor":48,"turns":6},{"damage":72,"enemies":"Donu and Deca","floor":50,"turns":14}],"event_choices":[{"event_name":"Golden Shrine","player_choice":"Pray","floor":3,"damage_taken":0},{"event_name":"The Woman in Blue","player_choice":"Bought 0 Potions","floor":4,"damage_taken":0},{"event_name":"Living Wall","player_choice":"Grow","floor":13,"damage_taken":0},{"event_name":"Cursed Tome","player_choice":"Obtained Book","floor":20,"damage_taken":0},{"event_name":"Addict","player_choice":"Obtained Relic","floor":21,"damage_taken":0},{"event_name":"Beggar","player_choice":"Ignored","floor":27,"damage_taken":0},{"event_name":"Tomb of Lord Red Mask","player_choice":"Paid","floor":46,"damage_taken":0}],"boss_relics":[{"not_picked":["Pandora\u0027s Box","The Specimen"],"picked":"Astrolabe"},{"not_picked":["Runic Pyramid","Velvet Choker"],"picked":"Lizard Tail"}],"potions_floor_spawned":[2,8,12,18,24,29,33,37,41,42],"seed_played":"-7813857046912923935","ascension_level":0,"is_trial":false}