{"gold_per_floor":[116,45,60,77,95,95,121,137,137,147,159,159,193,204,204,305,305,316,335,335,335,42,42,375,375,375,390,5,17,17,17,17,118,118,132,132,132,132,147,147,47,47,47,60,60],"floor_reached":45,"playtime":3383,"items_purged":["Strike_B","Strike_B"],"score":515,"play_id":"2a986aaa-d4a5-49bb-b320-bdc16bdaba09","local_time":"20181126121608","is_ascension_mode":true,"campfire_choices":[{"data":"Zap","floor":6,"key":"SMITH"},{"floor":12,"key":"REST"},{"floor":15,"key":"REST"},{"data":"Capacitor","floor":23,"key":"SMITH"},{"floor":25,"key":"REST"},{"data":"Loop","floor":32,"key":"SMITH"},{"data":"Machine Learning","floor":40,"key":"SMITH"},{"data":"1","floor":42,"key":"LIFT"}],"neow_cost":"NONE","seed_source_timestamp":1083905251168366,"circlet_count":0,"master_deck":["Strike_B","Defend_B","Defend_B","Defend_B","Defend_B","Zap+1","Dualcast","Rip and Tear","Skim","Capacitor+1","Loop+1","Cold Snap","Echo Form","Coolheaded","Chill","Amplify","Ball Lightning+1","Barrage","Rebound+1","Machine Learning+1","Self Repair+1","Hologram+1"],"relics":["Cracked Core","Pear","Turnip","Pocketwatch","Girya","Nuclear Battery","Bird Faced Urn","Old Coin","Mummified Hand","Inserter","Art of War","Matryoshka"],"potions_floor_usage":[5,7,16,16,33,39,44,45],"damage_taken":[{"damage":10,"enemies":"Small Slimes","floor":1,"turns":3},{"damage":1,"enemies":"Cultist","floor":3,"turns":3},{"damage":2,"enemies":"Jaw Worm","floor":4,"turns":3},{"damage":10,"enemies":"Gremlin Gang","floor":5,"turns":5},{"damage":16,"enemies":"Lagavulin","floor":7,"turns":7},{"damage":1,"enemies":"Looter","floor":8,"turns":2},{"damage":6,"enemies":"2 Fungi Beasts","floor":10,"turns":3},{"damage":6,"enemies":"Red Slaver","floor":11,"turns":3},{"damage":20,"enemies":"3 Sentries","floor":13,"turns":7},{"damage":8,"enemies":"Blue Slaver","floor":14,"turns":4},{"damage":15,"enemies":"The Guardian","floor":16,"turns":11},{"damage":20,"enemies":"Chosen","floor":18,"turns":5},{"damage":21,"enemies":"Shell Parasite","floor":19,"turns":8},{"damage":65,"enemies":"Book of Stabbing","floor":24,"turns":7},{"damage":36,"enemies":"Snecko","floor":27,"turns":7},{"damage":0,"enemies":"Centurion and Healer","floor":29,"turns":6},{"damage":24,"enemies":"Automaton","floor":33,"turns":10},{"damage":30,"enemies":"Orb Walker","floor":35,"turns":4},{"damage":27,"enemies":"3 Darklings","floor":39,"turns":5},{"damage":55,"enemies":"Jaw Worm Horde","floor":44,"turns":4},{"damage":47,"enemies":"Nemesis","floor":45,"turns":2}],"seed_played":"7708631754495700705","potions_obtained":[{"floor":1,"key":"Strength Potion"},{"floor":4,"key":"Poison Potion"},{"floor":5,"key":"GamblersBrew"},{"floor":13,"key":"Strength Potion"},{"floor":16,"key":"Fire Potion"},{"floor":33,"key":"Swift Potion"},{"floor":35,"key":"Dexterity Potion"},{"floor":39,"key":"Explosive Potion"},{"floor":44,"key":"Explosive Potion"}],"is_trial":false,"path_per_floor":["M","?","M","M","M","R","E","M","T","M","M","R","E","M","R","B",null,"M","M","?","?","$","R","E","R","T","M","$","M","?","?","R","B",null,"M","?","?","T","M","R","$","R","T","M","E"],"character_chosen":"DEFECT","items_purchased":["Bird Faced Urn","Mummified Hand","Fire Potion"],"campfire_rested":3,"item_purchase_floors":[22,28,28],"current_hp_per_floor":[72,82,81,79,69,69,53,52,52,46,40,67,47,39,66,51,92,72,51,81,63,63,63,6,35,35,7,7,15,15,97,97,73,97,73,73,73,73,68,68,68,68,68,33,0],"gold":60,"neow_bonus":"TEN_PERCENT_HP_BONUS","is_prod":false,"is_daily":false,"chose_seed":false,"campfire_upgraded":4,"win_rate":0,"timestamp":1543252568,"path_taken":["M","?","M","M","M","R","E","M","T","?","M","R","E","M","R","BOSS","M","M","?","?","?","R","E","R","T","?","$","M","?","?","R","BOSS","M","?","?","?","M","R","$","R","T","?","E"],"build_version":"2018-11-15","purchased_purges":2,"victory":false,"max_hp_per_floor":[82,92,92,92,92,92,92,92,92,92,92,92,92,92,92,92,92,92,92,92,97,97,97,97,97,97,97,97,97,97,97,97,97,97,97,97,97,97,97,97,97,97,97,97,97],"card_choices":[{"not_picked":["Stack","Consume"],"picked":"Rip and Tear","floor":1},{"not_picked":["Lockon","Coolheaded"],"picked":"Skim","floor":3},{"not_picked":["Cold Snap","Barrage"],"picked":"Capacitor","floor":4},{"not_picked":["Hologram","Gash"],"picked":"Loop","floor":5},{"not_picked":["Sweeping Beam","Streamline"],"picked":"Fusion","floor":7},{"not_picked":["Hologram","Redo","Turbo"],"picked":"SKIP","floor":8},{"not_picked":["Reprogram","Hello World"],"picked":"Cold Snap","floor":10},{"not_picked":["Beam Cell","Redo"],"picked":"Echo Form","floor":11},{"not_picked":["Force Field","Fusion"],"picked":"Coolheaded","floor":13},{"not_picked":["Steam","Hologram"],"picked":"Chill","floor":14},{"not_picked":["Machine Learning","Thunder Strike"],"picked":"Amplify","floor":16},{"not_picked":["Coolheaded","Aggregate"],"picked":"Ball Lightning+1","floor":18},{"not_picked":["Streamline+1","Steam Power"],"picked":"Barrage","floor":19},{"not_picked":["Hello World","Sweeping Beam","Ball Lightning"],"picked":"SKIP","floor":24},{"not_picked":["Ball Lightning","Lockon","Hologram"],"picked":"SKIP","floor":27},{"not_picked":["Cold Snap","Amplify"],"picked":"Rebound+1","floor":29},{"not_picked":["Fission","Thunder Strike"],"picked":"Machine Learning","floor":33},{"not_picked":["Turbo+1","Sweeping Beam+1"],"picked":"Self Repair+1","floor":35},{"not_picked":["Rebound","Ball Lightning+1","Scrape+1"],"picked":"SKIP","floor":39},{"not_picked":["Loop","Recycle+1"],"picked":"Hologram+1","floor":44}],"player_experience":2511883,"relics_obtained":[{"floor":7,"key":"Turnip"},{"floor":9,"key":"Pocketwatch"},{"floor":13,"key":"Girya"},{"floor":24,"key":"Old Coin"},{"floor":38,"key":"Art of War"},{"floor":43,"key":"Matryoshka"}],"event_choices":[{"damage_healed":0,"gold_gain":0,"player_choice":"Paid Gold","damage_taken":0,"relics_obtained":["Pear"],"max_hp_gain":0,"max_hp_loss":0,"event_name":"WeMeetAgain","floor":2,"gold_loss":71},{"damage_healed":30,"gold_gain":0,"player_choice":"Heal","damage_taken":0,"max_hp_gain":0,"max_hp_loss":0,"event_name":"The Library","floor":20,"gold_loss":0},{"damage_healed":0,"gold_gain":0,"player_choice":"Shed Blood","damage_taken":23,"max_hp_gain":5,"max_hp_loss":0,"event_name":"Forgotten Altar","floor":21,"gold_loss":0},{"cards_removed":["Fusion"],"damage_healed":82,"gold_gain":0,"player_choice":"Offered Uncommon","damage_taken":0,"max_hp_gain":0,"max_hp_loss":0,"event_name":"Bonfire Elementals","floor":31,"gold_loss":0},{"damage_healed":0,"gold_gain":0,"player_choice":"Ignored","damage_taken":0,"max_hp_gain":0,"max_hp_loss":0,"event_name":"Tomb of Lord Red Mask","floor":36,"gold_loss":0},{"cards_removed":["Strike_B"],"damage_healed":0,"gold_gain":0,"player_choice":"Removed Attack","damage_taken":0,"max_hp_gain":0,"max_hp_loss":0,"event_name":"Falling","floor":37,"gold_loss":0}],"is_beta":false,"boss_relics":[{"not_picked":["Pandora\u0027s Box","Coffee Dripper"],"picked":"Nuclear Battery"},{"not_picked":["Sozu","Calling Bell"],"picked":"Inserter"}],"items_purged_floors":[28,41],"is_endless":false,"potions_floor_spawned":[1,4,5,13,16,33,35,39,44],"killed_by":"Nemesis","ascension_level":2}