{"gold_per_floor":[369,32,46,46,46,65,65,65,113,132,150,162,187,197,197,296,296,309,309,321,341,0,14,14,14],"floor_reached":25,"playtime":7161,"items_purged":["Strike_R","Corruption"],"score":248,"play_id":"54b0628a-e6a6-4de9-98d4-32875945d94d","local_time":"20181128142658","is_ascension_mode":true,"campfire_choices":[{"data":"Burning Pact","floor":7,"key":"SMITH"},{"data":"Clothesline","floor":15,"key":"SMITH"},{"floor":24,"key":"REST"}],"neow_cost":"PERCENT_DAMAGE","seed_source_timestamp":1260774137096302,"circlet_count":0,"master_deck":["Bash","Sword Boomerang","Heavy Blade","Metallicize","Shrug It Off","Burning Pact+1","Blood for Blood","Power Through","Thunderclap","Clothesline+1","True Grit","Havoc","Barricade","Wild Strike","Whirlwind","Thunderclap","Twin Strike","Ghostly Armor","Twin Strike","Body Slam+1","Shrug It Off"],"relics":["Burning Blood","Pen Nib","Centennial Puzzle","Pandora\u0027s Box","Art of War"],"potions_floor_usage":[12,12,12,20,23,25],"damage_taken":[{"damage":7,"enemies":"Jaw Worm","floor":1,"turns":3},{"damage":7,"enemies":"Small Slimes","floor":3,"turns":3},{"damage":0,"enemies":"2 Louse","floor":6,"turns":2},{"damage":4,"enemies":"Exordium Wildlife","floor":10,"turns":5},{"damage":6,"enemies":"Large Slime","floor":11,"turns":10},{"damage":4,"enemies":"Gremlin Gang","floor":12,"turns":4},{"damage":32,"enemies":"Gremlin Nob","floor":13,"turns":4},{"damage":0,"enemies":"Blue Slaver","floor":14,"turns":6},{"damage":23,"enemies":"The Guardian","floor":16,"turns":19},{"damage":22,"enemies":"Shell Parasite","floor":18,"turns":7},{"damage":4,"enemies":"3 Byrds","floor":20,"turns":5},{"damage":30,"enemies":"Shelled Parasite and Fungi","floor":21,"turns":12},{"damage":28,"enemies":"Snake Plant","floor":23,"turns":6},{"damage":50,"enemies":"Book of Stabbing","floor":25,"turns":6}],"seed_played":"893686710543202088","potions_obtained":[{"floor":3,"key":"SneckoOil"},{"floor":10,"key":"Energy Potion"},{"floor":11,"key":"Energy Potion"},{"floor":16,"key":"FearPotion"},{"floor":18,"key":"Block Potion"}],"is_trial":false,"path_per_floor":["M","$","M","?","?","M","R","?","T","M","M","M","E","M","R","B",null,"M","?","M","M","$","M","R","E"],"character_chosen":"IRONCLAD","items_purchased":["Heavy Blade","Pen Nib","Metallicize","Art of War","Shrug It Off","Energy Potion"],"campfire_rested":1,"item_purchase_floors":[2,2,2,22,22,22],"current_hp_per_floor":[55,55,54,38,43,49,49,49,49,51,51,53,27,33,33,16,85,69,69,71,47,47,25,50,0],"gold":14,"neow_bonus":"TWO_FIFTY_GOLD","is_prod":false,"is_daily":false,"chose_seed":false,"campfire_upgraded":2,"win_rate":0,"timestamp":1543433218,"path_taken":["M","$","M","?","?","M","R","?","T","?","M","M","E","M","R","BOSS","M","?","M","M","$","M","R","E"],"build_version":"2018-11-15","purchased_purges":2,"victory":false,"max_hp_per_floor":[80,80,80,80,85,85,85,85,85,85,85,85,85,85,85,85,85,85,85,85,85,85,85,85,85],"card_choices":[{"not_picked":["Wild Strike","Pummel"],"picked":"Sword Boomerang","floor":1},{"not_picked":["Second Wind","Sword Boomerang"],"picked":"Shrug It Off","floor":3},{"not_picked":["Dual Wield","Rupture"],"picked":"Burning Pact","floor":6},{"not_picked":["Sever Soul","Thunderclap"],"picked":"Power Through","floor":10},{"not_picked":["Pummel","Twin Strike"],"picked":"Thunderclap","floor":11},{"not_picked":["Burning Pact","Iron Wave"],"picked":"Clothesline","floor":12},{"not_picked":["Perfected Strike","Sentinel"],"picked":"True Grit","floor":13},{"not_picked":["Combust","Sword Boomerang"],"picked":"Havoc","floor":14},{"not_picked":["Exhume","Dark Embrace"],"picked":"Barricade","floor":16},{"not_picked":["Pummel","Sword Boomerang","Twin Strike"],"picked":"SKIP","floor":18},{"not_picked":["Inflame","Clash"],"picked":"Body Slam+1","floor":20},{"not_picked":["Combust","Fire Breathing","Clothesline"],"picked":"SKIP","floor":21},{"not_picked":["Wild Strike","Infernal Blade","Double Tap"],"picked":"SKIP","floor":23}],"player_experience":2544441,"relics_obtained":[{"floor":13,"key":"Centennial Puzzle"}],"event_choices":[{"damage_healed":0,"gold_gain":0,"player_choice":"Entered Light","damage_taken":16,"max_hp_gain":0,"max_hp_loss":0,"event_name":"Shining Light","floor":4,"gold_loss":0,"cards_upgraded":["Defend_R","Strike_R"]},{"damage_healed":0,"gold_gain":0,"player_choice":"Donut","damage_taken":0,"max_hp_gain":5,"max_hp_loss":0,"event_name":"Big Fish","floor":5,"gold_loss":0},{"damage_healed":0,"gold_gain":0,"cards_transformed":["Strike_R"],"player_choice":"Change","damage_taken":0,"max_hp_gain":0,"max_hp_loss":0,"event_name":"Living Wall","floor":8,"gold_loss":0,"cards_obtained":["Blood for Blood"]},{"damage_healed":0,"gold_gain":0,"player_choice":"Ignored","damage_taken":0,"max_hp_gain":0,"max_hp_loss":0,"event_name":"Vampires","floor":19,"gold_loss":0}],"is_beta":false,"boss_relics":[{"not_picked":["Empty Cage","Black Star"],"picked":"Pandora\u0027s Box"}],"items_purged_floors":[2,22],"is_endless":false,"potions_floor_spawned":[3,10,11,16,18],"killed_by":"Book of Stabbing","ascension_level":4}