{"path_per_floor":["M","$","?","$","?","R","E","R","T","M","M","M","R","M","R","B",null,"M","?","?","?","$","E","R","M","T","M","R","M","M","?","R","B",null,"M","M","$","M","?","R","M","?","T","$","R","?","M","?","R"],"character_chosen":"THE_SILENT","items_purchased":["Footwork","Panache","Escape Plan","Bandage Up","Noxious Fumes"],"gold_per_floor":[115,1,1,1,76,76,111,111,162,180,198,218,218,233,233,331,331,347,347,347,347,72,103,103,116,139,154,154,168,182,182,182,280,280,292,306,106,119,0,0,10,64,90,21,21,21,41,141,141],"floor_reached":50,"campfire_rested":2,"playtime":4155,"current_hp_per_floor":[70,70,70,70,59,59,59,59,59,59,59,59,59,59,59,59,70,70,70,54,41,41,41,41,41,41,41,41,32,23,23,45,29,75,71,54,54,50,50,50,58,46,46,46,46,46,50,50,72],"items_purged":["Strike_G","Strike_G"],"gold":141,"score":510,"play_id":"c0378936-63a9-49d0-9f7e-14903edae90c","is_prod":false,"is_daily":false,"is_ascension_mode":false,"campfire_upgraded":7,"path_taken":["M","$","?","$","?","R","E","R","T","M","M","M","R","?","R","BOSS","M","?","?","?","$","E","R","M","T","M","R","M","M","?","R","BOSS","M","M","$","M","?","R","M","?","T","$","R","?","M","?","R","BOSS"],"build_version":"2018-02-22-PROD2","purchased_purges":2,"victory":false,"master_deck":["Defend_G+1","Defend_G+1","Defend_G+1","Defend_G+1","Defend_G+1","Strike_G+1","Strike_G+1","Survivor","Neutralize+1","PiercingWail","Footwork+1","Bouncing Flask+1","Backflip","Acrobatics","Caltrops+1","Burst+1","Prepared","Adrenaline+1","Prepared+1","Reflex","Neutralize","Panache","Escape Plan","Backflip","Catalyst","Riddle With Holes","Bandage Up","Predator+1","Footwork","Outmaneuver+1","Noxious Fumes","Dagger Spray"],"max_hp_per_floor":[70,70,70,70,70,70,70,70,70,70,70,70,70,70,70,70,70,70,70,70,75,75,75,75,75,75,75,75,75,75,75,75,75,75,75,75,75,75,75,75,75,75,75,75,75,75,75,75,75],"relics":["Ring of the Snake","NeowsBlessing","Oddly Smooth Stone","Omamori","White Beast Statue","Necronomicon","Shovel","Juzu Bracelet","The Specimen","Red Mask","Calipers","Vajra","Shuriken"],"card_choices":[{"not_picked":["Infinite Blades","Flechettes"],"picked":"PiercingWail"},{"not_picked":["Cloak And Dagger","Masterful Stab"],"picked":"Backflip"},{"not_picked":["Skewer","Leg Sweep"],"picked":"Acrobatics"},{"not_picked":["Flying Knee","Slice"],"picked":"Caltrops"},{"not_picked":["Dagger Throw","Riddle With Holes"],"picked":"Burst"},{"not_picked":["Accuracy","PiercingWail"],"picked":"Prepared"},{"not_picked":["Tactician","Burst"],"picked":"Adrenaline"},{"not_picked":["Acrobatics","Slice"],"picked":"Prepared"},{"not_picked":["Deadly Poison","Phantasmal Killer"],"picked":"Backflip"},{"not_picked":["Slice","Eviscerate"],"picked":"Catalyst"},{"not_picked":["Deflect","Cloak And Dagger"],"picked":"Riddle With Holes"},{"not_picked":["PiercingWail","Unload"],"picked":"Predator"},{"not_picked":["Flying Knee","Underhanded Strike"],"picked":"Footwork"},{"not_picked":["Infinite Blades","Predator"],"picked":"Outmaneuver"},{"not_picked":["Dagger Throw","Infinite Blades"],"picked":"Dagger Spray"}],"player_experience":887496,"potions_floor_usage":[16,23,23,23,29,29,30,33,36,36,42,47,50,50,50],"damage_taken":[{"damage":0,"enemies":"Small Slimes","floor":1,"turns":1},{"damage":0,"enemies":"Lagavulin","floor":7,"turns":2},{"damage":0,"enemies":"2 Louse","floor":10,"turns":1},{"damage":0,"enemies":"Cultist","floor":11,"turns":4},{"damage":0,"enemies":"2 Fungi Beasts","floor":12,"turns":4},{"damage":0,"enemies":"3 Louse","floor":14,"turns":5},{"damage":0,"enemies":"Hexaghost","floor":16,"turns":6},{"damage":0,"enemies":"3 Byrds","floor":18,"turns":3},{"damage":0,"enemies":"Slavers","floor":23,"turns":5},{"damage":0,"enemies":"Chosen","floor":25,"turns":5},{"damage":0,"enemies":"Snake Plant","floor":27,"turns":4},{"damage":9,"enemies":"Slaver and Parasite","floor":29,"turns":5},{"damage":9,"enemies":"Snecko","floor":30,"turns":6},{"damage":16,"enemies":"Champ","floor":33,"turns":11},{"damage":4,"enemies":"3 Shapes","floor":35,"turns":4},{"damage":17,"enemies":"3 Darklings","floor":36,"turns":9},{"damage":8,"enemies":"Sphere and 2 Shapes","floor":38,"turns":5},{"damage":0,"enemies":"Maw","floor":41,"turns":6},{"damage":31,"enemies":"Mysterious Sphere","floor":42,"turns":6},{"damage":0,"enemies":"4 Shapes","floor":47,"turns":4},{"damage":89,"enemies":"Awakened One","floor":50,"turns":10}],"event_choices":[{"event_name":"Living Wall","player_choice":"Change","floor":3,"damage_taken":0},{"event_name":"World of Goop","player_choice":"Gather Gold","floor":5,"damage_taken":0},{"event_name":"Match and Keep!","player_choice":"2 cards matched","floor":19,"damage_taken":0},{"event_name":"Cursed Tome","player_choice":"Obtained Book","floor":20,"damage_taken":0},{"event_name":"Forgotten Altar","player_choice":"Shed Blood","floor":21,"damage_taken":0},{"event_name":"Back to Basics","player_choice":"Simplicity","floor":31,"damage_taken":0},{"event_name":"Tomb of Lord Red Mask","player_choice":"Paid","floor":39,"damage_taken":0},{"event_name":"Mysterious Sphere","player_choice":"Fight","floor":42,"damage_taken":0},{"event_name":"The Lab","player_choice":"Got Potions","floor":46,"damage_taken":0},{"event_name":"Golden Shrine","player_choice":"Pray","floor":48,"damage_taken":0}],"boss_relics":[{"not_picked":["Tiny House","Pandora\u0027s Box"],"picked":"White Beast Statue"},{"not_picked":["Runic Dome","Question Card"],"picked":"The Specimen"}],"potions_floor_spawned":[11,12,14,18,23,25,27,29,30,33,35,36,38,41,42,47],"seed_played":"-8147890770410010552","killed_by":"Awakened One","ascension_level":0,"is_trial":false}