{"gold_per_floor":[119,44,61,73,86,86,145,145,169,18,18,50,50,76,76,149,149,161,177,190,190,205,238,72,85,85,85,85,113,123,139,139,213,213,228,238,238,34,34,34,59,59,110,110],"floor_reached":44,"playtime":3291,"items_purged":["Strike_G"],"score":919,"play_id":"01321eed-dc1f-4fdc-b867-59a393c18913","local_time":"20181019174954","is_ascension_mode":true,"campfire_choices":[{"data":"Noxious Fumes","floor":6,"key":"SMITH"},{"floor":8,"key":"REST"},{"floor":13,"key":"REST"},{"floor":15,"key":"REST"},{"floor":28,"key":"REST"},{"floor":32,"key":"REST"},{"data":"Catalyst","floor":40,"key":"SMITH"}],"neow_cost":"TEN_PERCENT_HP_LOSS","seed_source_timestamp":3287281877625,"circlet_count":0,"master_deck":["Defend_G","Defend_G","Defend_G+1","Defend_G","Defend_G","Survivor","Neutralize","AscendersBane","Mind Blast","Deep Breath+1","Noxious Fumes+1","Catalyst","Footwork","PiercingWail","Corpse Explosion","Crippling Poison","Backflip","Poisoned Stab","Bite","Bite","Bite","Bite+1","Bite+1","Backflip+1","Panache","Prepared","Writhe","Envenom","Catalyst+1","Noxious Fumes+1","Crippling Poison","Catalyst"],"relics":["Ring of the Snake","Centennial Puzzle","Ancient Tea Set","PreservedInsect","Orichalcum","Sozu","Bronze Scales","Smiling Mask","Kunai","Bag of Marbles","Eternal Feather","DollysMirror","Prayer Wheel","War Paint","Potion Belt","Whetstone"],"potions_floor_usage":[4,5,16,18],"damage_taken":[{"damage":0,"enemies":"Jaw Worm","floor":1,"turns":7},{"damage":10,"enemies":"Small Slimes","floor":3,"turns":5},{"damage":0,"enemies":"2 Louse","floor":4,"turns":2},{"damage":15,"enemies":"Red Slaver","floor":5,"turns":7},{"damage":27,"enemies":"3 Sentries","floor":7,"turns":9},{"damage":17,"enemies":"3 Sentries","floor":12,"turns":8},{"damage":5,"enemies":"Lagavulin","floor":14,"turns":7},{"damage":26,"enemies":"The Guardian","floor":16,"turns":12},{"damage":5,"enemies":"Shell Parasite","floor":18,"turns":4},{"damage":6,"enemies":"Spheric Guardian","floor":19,"turns":5},{"damage":3,"enemies":"Centurion and Healer","floor":20,"turns":7},{"damage":4,"enemies":"3 Cultists","floor":22,"turns":6},{"damage":18,"enemies":"Book of Stabbing","floor":23,"turns":6},{"damage":13,"enemies":"Snake Plant","floor":25,"turns":4},{"damage":16,"enemies":"Gremlin Leader","floor":29,"turns":4},{"damage":18,"enemies":"Shelled Parasite and Fungi","floor":30,"turns":5},{"damage":8,"enemies":"Snecko","floor":31,"turns":4},{"damage":68,"enemies":"Champ","floor":33,"turns":16},{"damage":13,"enemies":"3 Darklings","floor":35,"turns":3},{"damage":0,"enemies":"3 Shapes","floor":36,"turns":5},{"damage":12,"enemies":"Mind Bloom Boss Battle","floor":39,"turns":6},{"damage":49,"enemies":"Reptomancer","floor":41,"turns":5},{"damage":14,"enemies":"Jaw Worm Horde","floor":44,"turns":1}],"seed_played":"-4490880820032461928","potions_obtained":[{"floor":1,"key":"Ancient Potion"},{"floor":3,"key":"Fire Potion"},{"floor":7,"key":"SteroidPotion"},{"floor":16,"key":"Poison Potion"}],"is_trial":false,"path_per_floor":["M","$","M","M","M","R","?","R","T","$","?","E","R","E","R","B",null,"M","M","M","?","M","E","$","M","T","?","R","E","M","M","R","B",null,"M","M","?","$","?","R","E","T","T"],"character_chosen":"THE_SILENT","items_purchased":["PreservedInsect","Panache","DollysMirror"],"campfire_rested":5,"item_purchase_floors":[10,24,38],"current_hp_per_floor":[59,59,49,49,34,34,7,25,25,25,25,8,26,23,41,17,49,46,42,41,41,45,33,33,30,30,30,48,42,30,28,46,10,48,41,43,43,43,47,57,12,12,12,0],"gold":110,"neow_bonus":"RANDOM_COLORLESS_2","is_prod":false,"is_daily":false,"chose_seed":false,"campfire_upgraded":2,"win_rate":0,"timestamp":1539985794,"path_taken":["M","$","M","M","M","R","?","R","T","?","?","E","R","E","R","BOSS","M","?","M","?","M","E","$","M","T","?","R","E","M","M","R","BOSS","M","?","?","$","?","R","E","?","T","M"],"build_version":"2018-10-18","purchased_purges":1,"victory":false,"max_hp_per_floor":[60,60,60,60,60,60,60,60,60,60,60,60,60,60,60,60,60,60,60,60,60,60,60,60,60,60,60,60,60,60,60,60,60,60,60,60,57,57,57,57,57,57,57,57],"card_choices":[{"not_picked":["Well Laid Plans","Bouncing Flask"],"picked":"Noxious Fumes","floor":1},{"not_picked":["PiercingWail","Distraction"],"picked":"Catalyst","floor":3},{"not_picked":["PiercingWail","Blade Dance"],"picked":"Footwork","floor":4},{"not_picked":["Well Laid Plans","Prepared"],"picked":"PiercingWail","floor":5},{"not_picked":["Flying Knee","Storm of Steel","Accuracy"],"picked":"SKIP","floor":12},{"not_picked":["Bane","Sucker Punch","Poisoned Stab"],"picked":"SKIP","floor":14},{"not_picked":["Storm of Steel","Die Die Die"],"picked":"Corpse Explosion","floor":16},{"not_picked":["Acrobatics","Eviscerate"],"picked":"Crippling Poison","floor":18},{"not_picked":["Dagger Spray","Calculated Gamble"],"picked":"Backflip","floor":19},{"not_picked":["Outmaneuver","Prepared"],"picked":"Poisoned Stab","floor":20},{"not_picked":["Predator+1","Eviscerate"],"picked":"Backflip+1","floor":22},{"not_picked":["Tactician","Outmaneuver","Quick Slash+1"],"picked":"SKIP","floor":23},{"not_picked":["Deadly Poison","Dodge and Roll"],"picked":"Prepared","floor":25},{"not_picked":["Riddle With Holes","Predator","Flying Knee"],"picked":"SKIP","floor":29},{"not_picked":["Sucker Punch","Acrobatics","Dagger Spray"],"picked":"SKIP","floor":30},{"not_picked":["Phantasmal Killer","Distraction","Tactician"],"picked":"SKIP","floor":31},{"not_picked":["Phantasmal Killer","Bullet Time"],"picked":"Envenom","floor":33},{"not_picked":["Poisoned Stab+1","Blade Dance+1"],"picked":"Catalyst","floor":35},{"not_picked":["Bane","Flying Knee","Blade Dance"],"picked":"SKIP","floor":36},{"not_picked":["Acrobatics+1","Leg Sweep"],"picked":"Crippling Poison","floor":39},{"not_picked":["Expertise+1","Sucker Punch"],"picked":"Catalyst","floor":41}],"player_experience":2108806,"relics_obtained":[{"floor":7,"key":"Centennial Puzzle"},{"floor":9,"key":"Ancient Tea Set"},{"floor":12,"key":"Blood Vial"},{"floor":14,"key":"Orichalcum"},{"floor":23,"key":"Bronze Scales"},{"floor":26,"key":"Smiling Mask"},{"floor":29,"key":"Bag of Marbles"},{"floor":39,"key":"Prayer Wheel"},{"floor":41,"key":"War Paint"},{"floor":42,"key":"Potion Belt"},{"floor":43,"key":"Whetstone"}],"event_choices":[{"damage_healed":0,"gold_gain":0,"player_choice":"Searched \u00271\u0027 times","damage_taken":0,"max_hp_gain":0,"max_hp_loss":0,"event_name":"Dead Adventurer","floor":7,"gold_loss":0},{"damage_healed":0,"gold_gain":0,"player_choice":"Leave","damage_taken":0,"max_hp_gain":0,"max_hp_loss":0,"event_name":"The Cleric","floor":11,"gold_loss":0},{"damage_healed":0,"gold_gain":0,"player_choice":"Became a vampire (Vial)","damage_taken":0,"max_hp_gain":0,"max_hp_loss":0,"event_name":"Vampires","floor":21,"relics_lost":["Blood Vial"],"gold_loss":0,"cards_obtained":["Bite","Bite","Bite","Bite","Bite"]},{"damage_healed":0,"gold_gain":0,"player_choice":"Opened","damage_taken":0,"relics_obtained":["Kunai"],"max_hp_gain":0,"max_hp_loss":0,"event_name":"The Mausoleum","floor":27,"gold_loss":0,"cards_obtained":["Writhe"]},{"damage_healed":0,"gold_gain":0,"player_choice":"Max HP","damage_taken":0,"max_hp_gain":0,"max_hp_loss":3,"event_name":"Winding Halls","floor":37,"gold_loss":0},{"damage_healed":0,"gold_gain":0,"player_choice":"Fight","damage_taken":0,"max_hp_gain":0,"max_hp_loss":0,"event_name":"MindBloom","floor":39,"gold_loss":0}],"is_beta":false,"boss_relics":[{"not_picked":["Astrolabe","Orrery"],"picked":"Sozu"},{"not_picked":["WristBlade","White Beast Statue"],"picked":"Eternal Feather"}],"items_purged_floors":[2],"is_endless":false,"potions_floor_spawned":[1,3,7,16,23,29,30,33,39,41],"killed_by":"Jaw Worm Horde","ascension_level":15}