{"gold_per_floor":[114,289,304,29,29,59,59,89,114,129,144,144,174,189,189,289,289,304,319,319,319,334,364,391,403,465,477,519,531,558,585,597,709,721,748,775,802,69,84,114,114,129,154,184,184,284,314,329,329,329],"floor_reached":51,"playtime":4195,"items_purged":["Doubt","Writhe"],"score":924,"play_id":"483a771a-3c65-421f-b274-e72c56fa920e","local_time":"20190504171019","daily_mods":["Shiny","Time Dilation","Terminal"],"is_ascension_mode":false,"campfire_choices":[{"data":"Limit Break","floor":15,"key":"SMITH"},{"data":"Disarm","floor":25,"key":"SMITH"},{"data":"Offering","floor":27,"key":"SMITH"},{"data":"Exhume","floor":29,"key":"SMITH"},{"data":"Clothesline","floor":32,"key":"SMITH"},{"data":"Reaper","floor":41,"key":"SMITH"},{"data":"Limit Break","floor":49,"key":"SMITH"}],"neow_cost":"","seed_source_timestamp":0,"circlet_count":0,"master_deck":["Double Tap+1","Demon Form+1","Bludgeon","Feed+1","Limit Break+1","Barricade","Dark Embrace","Impervious","Juggernaut","Reaper+1","Exhume","Offering+1","Immolate","Shrug It Off","Dual Wield+1","Shrug It Off","Seeing Red","Disarm+1","Exhume+1","Clothesline+1","Twin Strike+1","Shrug It Off+1","Disarm","Parasite","Intimidate+1","Body Slam+1","Limit Break+1","Sword Boomerang+1","Impervious"],"special_seed":18020,"relics":["Burning Blood","Potion Belt","Centennial Puzzle","Blood Vial","Orichalcum","Lantern","Empty Cage","Champion Belt","MawBank","Bag of Preparation","Meat on the Bone","White Beast Statue","Bag of Marbles","HandDrill","Red Skull","Matryoshka","Question Card","Art of War","Singing Bowl","StoneCalendar","Dream Catcher"],"potions_floor_usage":[6,16,23,24,24,33,37,37,40,44,44,46,46,47,47,50,50],"damage_taken":[{"damage":0,"enemies":"Jaw Worm","floor":1,"turns":1},{"damage":0,"enemies":"Small Slimes","floor":3,"turns":1},{"damage":12,"enemies":"Gremlin Nob","floor":6,"turns":2},{"damage":4,"enemies":"3 Sentries","floor":8,"turns":2},{"damage":6,"enemies":"2 Louse","floor":10,"turns":2},{"damage":16,"enemies":"Exordium Wildlife","floor":11,"turns":7},{"damage":17,"enemies":"Lagavulin","floor":13,"turns":7},{"damage":6,"enemies":"Looter","floor":14,"turns":3},{"damage":6,"enemies":"Slime Boss","floor":16,"turns":8},{"damage":6,"enemies":"Shell Parasite","floor":18,"turns":5},{"damage":6,"enemies":"2 Thieves","floor":19,"turns":3},{"damage":6,"enemies":"Snake Plant","floor":22,"turns":7},{"damage":60,"enemies":"Gremlin Leader","floor":23,"turns":9},{"damage":6,"enemies":"Centurion and Healer","floor":24,"turns":7},{"damage":11,"enemies":"Book of Stabbing","floor":28,"turns":9},{"damage":6,"enemies":"Cultist and Chosen","floor":30,"turns":3},{"damage":6,"enemies":"Snecko","floor":31,"turns":5},{"damage":43,"enemies":"Automaton","floor":33,"turns":10},{"damage":16,"enemies":"Orb Walker","floor":35,"turns":3},{"damage":39,"enemies":"3 Darklings","floor":36,"turns":3},{"damage":21,"enemies":"Sphere and 2 Shapes","floor":37,"turns":4},{"damage":6,"enemies":"Writhing Mass","floor":39,"turns":9},{"damage":42,"enemies":"Reptomancer","floor":40,"turns":8},{"damage":14,"enemies":"Spire Growth","floor":42,"turns":7},{"damage":63,"enemies":"Giant Head","floor":44,"turns":9},{"damage":12,"enemies":"Mind Bloom Boss Battle","floor":46,"turns":7},{"damage":34,"enemies":"Reptomancer","floor":47,"turns":6},{"damage":9,"enemies":"3 Darklings","floor":48,"turns":6},{"damage":38,"enemies":"Time Eater","floor":50,"turns":7}],"seed_played":"-8048916062082781119","potions_obtained":[{"floor":1,"key":"Fire Potion"},{"floor":3,"key":"SkillPotion"},{"floor":6,"key":"SteroidPotion"},{"floor":10,"key":"Explosive Potion"},{"floor":14,"key":"Regen Potion"},{"floor":22,"key":"SteroidPotion"},{"floor":23,"key":"SkillPotion"},{"floor":30,"key":"Regen Potion"},{"floor":31,"key":"Fire Potion"},{"floor":35,"key":"BloodPotion"},{"floor":36,"key":"BloodPotion"},{"floor":37,"key":"SteroidPotion"},{"floor":40,"key":"Energy Potion"},{"floor":44,"key":"BloodPotion"},{"floor":46,"key":"SpeedPotion"},{"floor":47,"key":"Regen Potion"},{"floor":48,"key":"Fire Potion"}],"is_trial":false,"path_per_floor":["M","?","M","$","?","E","?","E","T","M","M","?","E","M","R","B",null,"M","M","?","?","M","E","M","R","T","R","E","R","M","M","R","B",null,"M","M","M","$","M","E","R","M","T","E","?","?","E","M","R","B",null],"character_chosen":"IRONCLAD","items_purchased":["Potion Belt","Swift Potion","Bag of Marbles","Disarm","HandDrill","Red Skull","LiquidBronze"],"campfire_rested":0,"item_purchase_floors":[4,4,38,38,38,38,38],"current_hp_per_floor":[78,77,79,78,62,56,61,63,63,76,82,81,79,84,84,89,88,90,92,91,90,93,45,95,94,93,92,91,91,97,100,99,102,101,104,75,96,96,120,108,108,125,124,79,79,96,99,125,124,105],"gold":329,"neow_bonus":"","is_prod":false,"is_daily":true,"chose_seed":false,"campfire_upgraded":7,"win_rate":0,"timestamp":1557004219,"path_taken":["M","?","M","$","?","E","?","E","T","M","M","?","E","M","R","BOSS","M","M","?","?","M","E","M","R","T","R","E","R","M","M","R","BOSS","M","M","M","$","M","E","R","M","T","E","?","?","E","M","R","BOSS"],"build_version":"2019-01-23","purchased_purges":2,"victory":true,"max_hp_per_floor":[78,77,79,78,77,76,80,79,78,80,82,81,83,85,84,89,88,90,92,91,90,93,92,95,94,93,92,95,94,97,100,99,102,101,104,107,118,117,120,123,122,125,124,123,122,125,126,125,124,127],"card_choices":[{"not_picked":["Second Wind","Shockwave"],"picked":"Shrug It Off","floor":1},{"not_picked":["Wild Strike","Shrug It Off"],"picked":"Dual Wield","floor":3},{"not_picked":["Body Slam","Pummel","Clothesline"],"picked":"SKIP","floor":6},{"not_picked":["Iron Wave","Cleave"],"picked":"Shrug It Off","floor":8},{"not_picked":["Flex","Wild Strike","Perfected Strike"],"picked":"SKIP","floor":10},{"not_picked":["Fiend Fire","Sever Soul","Wild Strike"],"picked":"SKIP","floor":11},{"not_picked":["Shrug It Off","Searing Blow"],"picked":"Seeing Red","floor":13},{"not_picked":["Perfected Strike","Armaments","Pommel Strike"],"picked":"SKIP","floor":14},{"not_picked":["Clothesline","Metallicize","Cleave"],"picked":"SKIP","floor":18},{"not_picked":["Armaments","Rampage","Searing Blow"],"picked":"SKIP","floor":19},{"not_picked":["Blood for Blood","Spot Weakness"],"picked":"Disarm","floor":22},{"not_picked":["Pommel Strike","Disarm+1"],"picked":"Exhume","floor":23},{"not_picked":["Pommel Strike","Armaments","Headbutt"],"picked":"SKIP","floor":24},{"not_picked":["True Grit","Shrug It Off","Intimidate"],"picked":"SKIP","floor":28},{"not_picked":["Metallicize","Heavy Blade"],"picked":"Clothesline","floor":30},{"not_picked":["Iron Wave","Brutality","Wild Strike+1"],"picked":"SKIP","floor":31},{"not_picked":["Corruption","Power Through","Pommel Strike+1"],"picked":"SKIP","floor":35},{"not_picked":["Rupture","Warcry+1"],"picked":"Twin Strike+1","floor":36},{"not_picked":["Iron Wave+1","Perfected Strike"],"picked":"Shrug It Off+1","floor":37},{"not_picked":["Intimidate","Cleave+1","Flex+1"],"picked":"SKIP","floor":39},{"not_picked":["Iron Wave+1","Warcry+1"],"picked":"Intimidate+1","floor":40},{"not_picked":["Flex","Twin Strike"],"picked":"Body Slam+1","floor":42},{"not_picked":["Wild Strike+1","Carnage+1","Perfected Strike"],"picked":"Limit Break","floor":44},{"not_picked":["Iron Wave+1","Cleave+1","Ghostly Armor+1"],"picked":"Sword Boomerang+1","floor":46},{"not_picked":["True Grit","Inflame","Pummel","Wild Strike+1"],"picked":"Singing Bowl","floor":47},{"not_picked":["Perfected Strike","Evolve","Seeing Red"],"picked":"Impervious","floor":48}],"player_experience":3591064,"relics_obtained":[{"floor":6,"key":"Centennial Puzzle"},{"floor":8,"key":"Blood Vial"},{"floor":9,"key":"Orichalcum"},{"floor":13,"key":"Lantern"},{"floor":23,"key":"MawBank"},{"floor":26,"key":"Bag of Preparation"},{"floor":28,"key":"Meat on the Bone"},{"floor":40,"key":"Matryoshka"},{"floor":43,"key":"Question Card"},{"floor":43,"key":"Art of War"},{"floor":44,"key":"Singing Bowl"},{"floor":46,"key":"StoneCalendar"},{"floor":47,"key":"Dream Catcher"}],"event_choices":[{"damage_healed":0,"gold_gain":175,"player_choice":"AGREE","damage_taken":0,"max_hp_gain":0,"max_hp_loss":0,"event_name":"Liars Game","floor":2,"gold_loss":0,"cards_obtained":["Doubt"]},{"damage_healed":0,"gold_gain":0,"player_choice":"Entered Light","damage_taken":16,"max_hp_gain":0,"max_hp_loss":0,"event_name":"Shining Light","floor":5,"gold_loss":0,"cards_upgraded":["Double Tap","Demon Form"]},{"damage_healed":0,"gold_gain":0,"player_choice":"Donut","damage_taken":0,"max_hp_gain":5,"max_hp_loss":0,"event_name":"Big Fish","floor":7,"gold_loss":0},{"damage_healed":0,"gold_gain":0,"player_choice":"Grow","damage_taken":0,"max_hp_gain":0,"max_hp_loss":0,"event_name":"Living Wall","floor":12,"gold_loss":0,"cards_upgraded":["Dual Wield"]},{"damage_healed":0,"gold_gain":0,"player_choice":"Opened","damage_taken":0,"relics_obtained":["Champion Belt"],"max_hp_gain":0,"max_hp_loss":0,"event_name":"The Mausoleum","floor":20,"gold_loss":0,"cards_obtained":["Writhe"]},{"damage_healed":0,"gold_gain":0,"player_choice":"Upgraded","damage_taken":0,"max_hp_gain":0,"max_hp_loss":0,"event_name":"Upgrade Shrine","floor":21,"gold_loss":0,"cards_upgraded":["Feed"]},{"cards_removed":["Fiend Fire"],"damage_healed":0,"gold_gain":0,"player_choice":"Removed Attack","damage_taken":0,"max_hp_gain":0,"max_hp_loss":0,"event_name":"Falling","floor":45,"gold_loss":0},{"damage_healed":0,"gold_gain":0,"player_choice":"Fight","damage_taken":0,"max_hp_gain":0,"max_hp_loss":0,"event_name":"MindBloom","floor":46,"gold_loss":0}],"is_beta":false,"boss_relics":[{"not_picked":["Astrolabe","Ectoplasm"],"picked":"Empty Cage"},{"not_picked":["Tiny House","Eternal Feather"],"picked":"White Beast Statue"}],"items_purged_floors":[4,38],"is_endless":false,"potions_floor_spawned":[1,3,6,10,14,22,23,30,31,35,36,37,39,40,42,44,46,47,48],"ascension_level":0}