{"gold_per_floor":[115,128,138,188,201,201,234,234,234,234,266,284,284],"floor_reached":13,"playtime":434,"items_purged":[],"score":190,"play_id":"38a921ce-5547-40e3-8545-e94ca0464cc6","local_time":"20190429233530","is_ascension_mode":true,"campfire_choices":[{"floor":6,"key":"REST"},{"floor":8,"key":"REST"},{"floor":10,"key":"REST"}],"neow_cost":"NONE","seed_source_timestamp":1743735657529394,"circlet_count":0,"master_deck":["AscendersBane","Strike_R","Strike_R","Strike_R","Strike_R","Strike_R","Defend_R","Defend_R","Defend_R","Defend_R","Bash","Battle Trance","Twin Strike","Spot Weakness","Bloodletting","Reaper","Sword Boomerang","Flame Barrier+1"],"relics":["Burning Blood","NeowsBlessing","Centennial Puzzle","Toxic Egg 2","Champion Belt"],"potions_floor_usage":[5,5],"damage_taken":[{"damage":0,"enemies":"Cultist","floor":1,"turns":1},{"damage":0,"enemies":"2 Louse","floor":2,"turns":1},{"damage":0,"enemies":"Small Slimes","floor":3,"turns":1},{"damage":47,"enemies":"Gremlin Gang","floor":5,"turns":4},{"damage":55,"enemies":"Gremlin Nob","floor":7,"turns":5},{"damage":56,"enemies":"Lagavulin","floor":11,"turns":8},{"damage":7,"enemies":"3 Louse","floor":12,"turns":2},{"damage":36,"enemies":"Gremlin Nob","floor":13,"turns":4}],"seed_played":"-6851052163817030010","potions_obtained":[{"floor":2,"key":"FearPotion"},{"floor":3,"key":"EssenceOfSteel"}],"is_trial":false,"path_per_floor":["M","M","M","?","M","R","E","R","T","R","E","M","E"],"character_chosen":"IRONCLAD","items_purchased":[],"campfire_rested":3,"item_purchase_floors":[],"current_hp_per_floor":[74,75,75,75,34,56,7,29,29,51,11,31,0],"gold":284,"neow_bonus":"THREE_ENEMY_KILL","is_prod":false,"is_daily":false,"chose_seed":false,"campfire_upgraded":0,"win_rate":0,"timestamp":1556595330,"path_taken":["M","?","M","?","?","R","E","R","T","R","E","M","E"],"build_version":"2019-01-23","purchased_purges":0,"victory":false,"max_hp_per_floor":[75,75,75,75,75,75,75,75,75,75,75,75,75],"card_choices":[{"not_picked":["Armaments","Perfected Strike"],"picked":"Battle Trance","floor":1},{"not_picked":["Thunderclap","Second Wind"],"picked":"Twin Strike","floor":2},{"not_picked":["Pommel Strike","Carnage"],"picked":"Spot Weakness","floor":3},{"not_picked":["Second Wind","Pommel Strike"],"picked":"Bloodletting","floor":5},{"not_picked":["Iron Wave","Spot Weakness"],"picked":"Reaper","floor":7},{"not_picked":["Spot Weakness+1","Inflame"],"picked":"Sword Boomerang","floor":11},{"not_picked":["Whirlwind","Clash"],"picked":"Flame Barrier+1","floor":12}],"player_experience":3526511,"relics_obtained":[{"floor":7,"key":"Centennial Puzzle"},{"floor":9,"key":"Toxic Egg 2"},{"floor":11,"key":"Champion Belt"}],"event_choices":[{"damage_healed":0,"gold_gain":50,"player_choice":"Pray","damage_taken":0,"max_hp_gain":0,"max_hp_loss":0,"event_name":"Golden Shrine","floor":4,"gold_loss":0}],"is_beta":false,"boss_relics":[],"items_purged_floors":[],"is_endless":false,"potions_floor_spawned":[2,3],"killed_by":"Gremlin Nob","ascension_level":20}