{"gold_per_floor":[18,35,35,53,2,2,22,36,36,54,83,83,99,117,117,214,214,224,238,238,0,15,48,48,80,80,80,90,104,121,146,146,146],"floor_reached":33,"playtime":2521,"items_purged":["Pain"],"score":421,"play_id":"f1ad2bc2-1d88-4924-ac7e-7a7dea3d1d42","local_time":"20190720013031","is_ascension_mode":true,"campfire_choices":[{"data":"Neutralize","floor":6.0,"key":"SMITH"},{"data":"Footwork","floor":12.0,"key":"SMITH"},{"data":"Dodge and Roll","floor":15.0,"key":"SMITH"},{"floor":24.0,"key":"REST"},{"data":"Venomology","floor":32,"key":"SMITH"}],"neow_cost":"NO_GOLD","seed_source_timestamp":527603961444917,"circlet_count":0,"master_deck":["Defend_G","Defend_G","Defend_G","Defend_G","Defend_G","Survivor+1","Neutralize+1","Footwork+1","Well Laid Plans","Flying Knee","Bullet Time+1","Riddle With Holes","Backstab","Burst","Dodge and Roll+1","Predator","Glass Knife","Parasite","Writhe","Dagger Spray","PiercingWail","Wraith Form v2","Concentrate","Leg Sweep","Bite","Bite","Bite","Bite","Bite","Unload","Blur","Venomology+1"],"special_seed":0,"relics":["Ring of the Snake","Bag of Preparation","Sundial","FossilizedHelix","Calling Bell","Bronze Scales","Question Card","Calipers","War Paint","Red Mask","Blood Vial"],"potions_floor_usage":[30,33,33,33,33,33],"damage_taken":[{"damage":1.0,"enemies":"Cultist","floor":1.0,"turns":6.0},{"damage":0.0,"enemies":"2 Louse","floor":2.0,"turns":5.0},{"damage":3.0,"enemies":"Small Slimes","floor":4.0,"turns":4.0},{"damage":4.0,"enemies":"Exordium Thugs","floor":7.0,"turns":7.0},{"damage":1.0,"enemies":"Exordium Wildlife","floor":8.0,"turns":3.0},{"damage":1.0,"enemies":"2 Fungi Beasts","floor":10.0,"turns":3.0},{"damage":8.0,"enemies":"Gremlin Nob","floor":11.0,"turns":3.0},{"damage":0.0,"enemies":"Blue Slaver","floor":13.0,"turns":2.0},{"damage":0.0,"enemies":"Exordium Wildlife","floor":14.0,"turns":5.0},{"damage":24.0,"enemies":"Slime Boss","floor":16.0,"turns":17.0},{"damage":6.0,"enemies":"Shell Parasite","floor":18.0,"turns":6.0},{"damage":2.0,"enemies":"3 Byrds","floor":19.0,"turns":4.0},{"damage":18.0,"enemies":"Snake Plant","floor":22.0,"turns":5.0},{"damage":36.0,"enemies":"Book of Stabbing","floor":23.0,"turns":7.0},{"damage":18.0,"enemies":"Masked Bandits","floor":25.0,"turns":6.0},{"damage":8.0,"enemies":"Shelled Parasite and Fungi","floor":28.0,"turns":7.0},{"damage":14,"enemies":"Centurion and Healer","floor":29,"turns":13},{"damage":4,"enemies":"3 Cultists","floor":30,"turns":7},{"damage":22,"enemies":"Slavers","floor":31,"turns":8},{"damage":80,"enemies":"Collector","floor":33,"turns":13}],"seed_played":"4207041774568980520","potions_obtained":[{"floor":1.0,"key":"SkillPotion"},{"floor":8.0,"key":"Block Potion"},{"floor":10.0,"key":"AttackPotion"},{"floor":11.0,"key":"Fruit Juice"},{"floor":22.0,"key":"Regen Potion"},{"floor":23.0,"key":"AttackPotion"},{"floor":25.0,"key":"SmokeBomb"},{"floor":28.0,"key":"Fire Potion"},{"floor":31,"key":"EntropicBrew"}],"is_trial":false,"path_per_floor":["M","M","?","M","?","R","M","M","T","M","E","R","M","M","R","B",null,"M","M","?","$","M","E","R","?","T","?","M","M","M","E","R","B"],"character_chosen":"THE_SILENT","items_purchased":["Wraith Form v2"],"campfire_rested":1,"item_purchase_floors":[21],"current_hp_per_floor":[76,76,76,73,73,73,69,68,68,67,64,64,64,64,64,40,77,71,69,61,61,43,22,48,30,30,30,38,54,58,50,50,0],"gold":146,"neow_bonus":"TWENTY_PERCENT_HP_BONUS","is_prod":false,"is_daily":false,"chose_seed":false,"campfire_upgraded":4,"win_rate":0,"timestamp":1563607831,"path_taken":["M","M","?","M","?","R","M","M","T","?","E","R","M","?","R","BOSS","M","M","?","?","?","E","R","?","T","?","M","M","M","E","R","BOSS"],"build_version":"2019-07-18","purchased_purges":1,"victory":false,"max_hp_per_floor":[84,84,84,84,84,84,84,84,84,84,89,89,89,89,89,89,89,89,89,89,89,89,89,89,89,89,62,62,62,62,62,62,62],"card_choices":[{"not_picked":["Blade Dance","Underhanded Strike"],"picked":"Footwork","floor":1.0},{"not_picked":["Blade Dance","Infinite Blades"],"picked":"Well Laid Plans","floor":2.0},{"not_picked":["Underhanded Strike","Outmaneuver"],"picked":"Flying Knee","floor":4.0},{"not_picked":["Well Laid Plans","Dagger Spray"],"picked":"Bullet Time","floor":7.0},{"not_picked":["Endless Agony","Flying Knee"],"picked":"Riddle With Holes","floor":8.0},{"not_picked":["Reflex","Catalyst"],"picked":"Backstab","floor":10.0},{"not_picked":["Dodge and Roll","Bane"],"picked":"Burst","floor":11.0},{"not_picked":["Concentrate","Poisoned Stab"],"picked":"Dodge and Roll","floor":13.0},{"not_picked":["Dodge and Roll","Quick Slash"],"picked":"Predator","floor":14.0},{"not_picked":["Storm of Steel","Unload"],"picked":"Glass Knife","floor":16.0},{"not_picked":["Masterful Stab+1","Flying Knee+1","Bane"],"picked":"Dagger Spray","floor":18.0},{"not_picked":["Blade Dance","Deadly Poison","Blur"],"picked":"PiercingWail","floor":19.0},{"not_picked":["Underhanded Strike","Predator","Well Laid Plans"],"picked":"Concentrate","floor":22.0},{"not_picked":["PiercingWail","Calculated Gamble","All Out Attack"],"picked":"Leg Sweep","floor":23.0},{"not_picked":["Dagger Throw","Flying Knee","Deadly Poison+1"],"picked":"Unload","floor":28.0},{"not_picked":["Deflect","Dagger Throw","Quick Slash"],"picked":"Blur","floor":29},{"not_picked":["Leg Sweep","Concentrate","Deflect+1","Flying Knee+1"],"picked":"SKIP","floor":30},{"not_picked":["Bane","Well Laid Plans+1","Dagger Spray"],"picked":"Venomology","floor":31}],"player_experience":1235643,"relics_obtained":[{"floor":9.0,"key":"Sundial"},{"floor":11.0,"key":"FossilizedHelix"},{"floor":17.0,"key":"Bronze Scales"},{"floor":17.0,"key":"Question Card"},{"floor":17.0,"key":"Calipers"},{"floor":23.0,"key":"War Paint"},{"floor":25.0,"key":"Red Mask"},{"floor":31,"key":"Blood Vial"}],"event_choices":[{"damage_healed":0.0,"max_hp_gain":0.0,"max_hp_loss":0.0,"gold_gain":0.0,"event_name":"Scrap Ooze","player_choice":"Fled","floor":3.0,"gold_loss":0.0,"damage_taken":0.0},{"damage_healed":0.0,"max_hp_gain":0.0,"max_hp_loss":0.0,"gold_gain":0.0,"event_name":"WeMeetAgain","player_choice":"Paid Gold","floor":5.0,"gold_loss":51.0,"damage_taken":0.0,"relics_obtained":["Bag of Preparation"]},{"damage_healed":0.0,"max_hp_gain":0.0,"max_hp_loss":0.0,"gold_gain":0.0,"event_name":"Wheel of Change","player_choice":"Damaged","floor":20.0,"gold_loss":0.0,"damage_taken":8.0},{"damage_healed":0.0,"max_hp_gain":0.0,"max_hp_loss":0.0,"gold_gain":0.0,"event_name":"Masked Bandits","player_choice":"Fought Bandits","floor":25.0,"gold_loss":0.0,"damage_taken":0.0},{"damage_healed":0.0,"max_hp_gain":0.0,"max_hp_loss":27.0,"gold_gain":0.0,"event_name":"Vampires","player_choice":"Became a vampire","floor":27.0,"gold_loss":0.0,"damage_taken":0.0,"cards_obtained":["Bite","Bite","Bite","Bite","Bite"]}],"is_beta":true,"boss_relics":[{"not_picked":["Fusion Hammer","Busted Crown"],"picked":"Calling Bell"}],"items_purged_floors":[21],"is_endless":false,"potions_floor_spawned":[1,8,10,11,22,23,25,28,31],"killed_by":"Collector","ascension_level":7}