{"path_per_floor":["M","$","M","?","?","R","M","R","T","M","R","E","M","M","R","B",null,"M","M","$","?","M","E","R","?","T","R","M","E","$","?","R","B",null,"M","?","M","$","M","R","M","$","T","R","?","E","R","M","R"],"character_chosen":"THE_SILENT","items_purchased":["Cloak And Dagger","Ancient Tea Set","Malaise","After Image","Backflip","Reflex"],"gold_per_floor":[117,20,31,31,31,31,49,49,73,87,87,116,126,143,143,241,241,255,267,12,12,26,55,55,55,55,55,75,109,36,36,36,141,141,156,156,174,53,68,68,78,1,55,55,108,138,138,153,153],"floor_reached":50,"campfire_rested":5,"playtime":4317,"current_hp_per_floor":[69,69,64,57,57,57,57,57,57,55,55,50,40,38,59,55,70,70,68,68,68,53,50,50,34,34,70,58,9,9,9,45,20,70,70,61,50,50,26,62,52,52,52,52,27,24,60,60,60],"items_purged":["Strike_G","Strike_G"],"gold":153,"score":510,"play_id":"ca14d1a0-842d-41b8-a66c-20ca7c13b0e0","local_time":"20180312224032","is_prod":false,"is_daily":false,"is_ascension_mode":false,"campfire_upgraded":6,"timestamp":1520908832,"path_taken":["M","$","M","?","?","R","M","R","T","M","R","E","M","M","R","BOSS","M","M","$","?","M","E","R","?","T","R","M","E","$","?","R","BOSS","M","?","?","$","M","R","M","?","T","R","?","E","R","M","R","BOSS"],"build_version":"2018-03-09","purchased_purges":2,"victory":false,"master_deck":["Defend_G","Defend_G","Defend_G","Defend_G","Defend_G","Survivor","Neutralize+1","Sucker Punch+1","Poisoned Stab+1","Cloak And Dagger","Quick Slash","Prepared","After Image","Terror","Envenom","Backflip","Footwork+1","Riddle With Holes+1","Bane","Malaise","Tactician+1","Dagger Spray","Madness","Madness","Outmaneuver+1","After Image","Backflip","Acrobatics","Reflex","Blur","Noxious Fumes+1"],"max_hp_per_floor":[70,70,70,70,70,70,70,70,70,70,70,70,70,70,70,70,70,70,70,70,70,70,70,70,70,70,70,70,70,70,70,70,70,70,70,70,70,70,70,70,70,70,70,70,70,70,70,70,70],"relics":["Ring of the Snake","Vajra","Snake Skull","Philosopher\u0027s Stone","Ancient Tea Set","Pen Nib","Enchiridion","Regal Pillow","Anchor","Sozu","Bag of Preparation","Tingsha","Bag of Marbles"],"card_choices":[{"not_picked":["Eviscerate","Poisoned Stab"],"picked":"Sucker Punch"},{"not_picked":["Backflip","Crippling Poison"],"picked":"Poisoned Stab"},{"not_picked":["Dodge and Roll","Catalyst"],"picked":"Quick Slash"},{"not_picked":["Bane","Deadly Poison"],"picked":"Prepared"},{"not_picked":["Adrenaline","Outmaneuver"],"picked":"After Image"},{"not_picked":["Acrobatics","Choke"],"picked":"Terror"},{"not_picked":["Corpse Explosion","Die Die Die"],"picked":"Envenom"},{"not_picked":["Dagger Throw","Acrobatics"],"picked":"Backflip"},{"not_picked":["Blade Dance","Underhanded Strike"],"picked":"Riddle With Holes"},{"not_picked":["All Out Attack","Riddle With Holes"],"picked":"Bane"},{"not_picked":["Corpse Explosion","A Thousand Cuts"],"picked":"Tactician"},{"not_picked":["Acrobatics","Poisoned Stab"],"picked":"Dagger Spray"},{"not_picked":["Acrobatics","Leg Sweep"],"picked":"Outmaneuver"},{"not_picked":["Outmaneuver","Flying Knee"],"picked":"Acrobatics"},{"not_picked":["Burst","Setup"],"picked":"Blur"},{"not_picked":["Caltrops","Escape Plan"],"picked":"Noxious Fumes"}],"player_experience":998764,"potions_floor_usage":[12,12,13,16,28,29,37],"damage_taken":[{"damage":1,"enemies":"2 Louse","floor":1,"turns":3},{"damage":5,"enemies":"Jaw Worm","floor":3,"turns":3},{"damage":0,"enemies":"Cultist","floor":7,"turns":3},{"damage":2,"enemies":"Looter","floor":10,"turns":3},{"damage":5,"enemies":"3 Sentries","floor":12,"turns":6},{"damage":10,"enemies":"Lots of Slimes","floor":13,"turns":4},{"damage":2,"enemies":"Exordium Thugs","floor":14,"turns":4},{"damage":4,"enemies":"Hexaghost","floor":16,"turns":8},{"damage":0,"enemies":"Chosen","floor":18,"turns":4},{"damage":2,"enemies":"Shell Parasite","floor":19,"turns":6},{"damage":15,"enemies":"Sentry and Sphere","floor":22,"turns":9},{"damage":3,"enemies":"Book of Stabbing","floor":23,"turns":6},{"damage":12,"enemies":"Centurion and Healer","floor":28,"turns":4},{"damage":49,"enemies":"Gremlin Leader","floor":29,"turns":8},{"damage":25,"enemies":"Champ","floor":33,"turns":8},{"damage":0,"enemies":"Orb Walker","floor":35,"turns":3},{"damage":11,"enemies":"3 Shapes","floor":37,"turns":4},{"damage":24,"enemies":"Sphere and 2 Shapes","floor":39,"turns":6},{"damage":10,"enemies":"4 Shapes","floor":41,"turns":5},{"damage":25,"enemies":"Mysterious Sphere","floor":45,"turns":4},{"damage":3,"enemies":"Giant Head","floor":46,"turns":7},{"damage":0,"enemies":"3 Darklings","floor":48,"turns":5},{"damage":66,"enemies":"Awakened One","floor":50,"turns":3}],"event_choices":[{"event_name":"Golden Wing","player_choice":"Card Removal","floor":4,"damage_taken":0},{"event_name":"Bonfire Elementals","player_choice":"BASIC","floor":5,"damage_taken":0},{"event_name":"The Library","player_choice":"Read","floor":21,"damage_taken":0},{"event_name":"Cursed Tome","player_choice":"Obtained Book","floor":25,"damage_taken":0},{"event_name":"Purifier","player_choice":"One Purge","floor":31,"damage_taken":0},{"event_name":"Winding Halls","player_choice":"Embrace Madness","floor":36,"damage_taken":0},{"event_name":"Mysterious Sphere","player_choice":"Fight","floor":45,"damage_taken":0}],"boss_relics":[{"not_picked":["Tiny House","Question Card"],"picked":"Philosopher\u0027s Stone"},{"not_picked":["Velvet Choker","Cursed Key"],"picked":"Sozu"}],"potions_floor_spawned":[1,3,7,13,18,28,33,35,39,45,46],"seed_played":"-7091178843757771793","killed_by":"Awakened One","ascension_level":0,"is_trial":false}