{"gold_per_floor":[109,59,134,144,161,191,191,208,278,278,278,295,308,323,323,427,427,437,437,447,72,88,88,108,108,131,131],"floor_reached":27,"playtime":2988,"items_purged":["Strike_B"],"score":242,"play_id":"a1a3849e-fa35-4b77-9d71-ddc2944226af","local_time":"20190705192356","is_ascension_mode":false,"campfire_choices":[{"floor":7,"key":"REST"},{"data":"Glacier","floor":11,"key":"SMITH"},{"data":"Chaos","floor":15,"key":"SMITH"},{"data":"Capacitor","floor":23,"key":"SMITH"}],"neow_cost":"NONE","seed_source_timestamp":40135823642139,"circlet_count":0,"master_deck":["Strike_B","Strike_B","Defend_B","Defend_B","Defend_B","Defend_B","Dualcast","Redo","Redo","Fusion","Ball Lightning","Glacier+1","Leap","Chaos+1","Capacitor+1","Seek","Doom and Gloom","Sweeping Beam","Apotheosis","Hologram","Hello World","Stack","Redo","Doubt","Stack"],"relics":["Cracked Core","Pocketwatch","Pear","Velvet Choker","Lantern"],"potions_floor_usage":[6,12,16,22],"damage_taken":[{"damage":2,"enemies":"2 Louse","floor":1,"turns":4},{"damage":2,"enemies":"Small Slimes","floor":4,"turns":4},{"damage":6,"enemies":"Jaw Worm","floor":5,"turns":3},{"damage":21,"enemies":"Lagavulin","floor":6,"turns":6},{"damage":14,"enemies":"Blue Slaver","floor":8,"turns":3},{"damage":7,"enemies":"3 Louse","floor":12,"turns":3},{"damage":0,"enemies":"Red Slaver","floor":13,"turns":3},{"damage":6,"enemies":"Exordium Wildlife","floor":14,"turns":3},{"damage":21,"enemies":"Hexaghost","floor":16,"turns":10},{"damage":18,"enemies":"2 Thieves","floor":18,"turns":5},{"damage":8,"enemies":"Spheric Guardian","floor":20,"turns":4},{"damage":28,"enemies":"Cultist and Chosen","floor":22,"turns":6},{"damage":4,"enemies":"Snake Plant","floor":24,"turns":6},{"damage":38,"enemies":"Gremlin Leader","floor":27,"turns":6}],"seed_played":"-4158979168184761441","potions_obtained":[{"floor":4,"key":"GamblersBrew"},{"floor":6,"key":"Swift Potion"},{"floor":14,"key":"Poison Potion"},{"floor":16,"key":"PowerPotion"},{"floor":24,"key":"FearPotion"}],"is_trial":false,"path_per_floor":["M","?","?","M","M","E","R","M","T","?","R","M","M","M","R","B",null,"M","?","M","$","M","R","M","?","T","E"],"character_chosen":"DEFECT","items_purchased":["Apotheosis","Hologram","Hello World"],"campfire_rested":1,"item_purchase_floors":[21,21,21],"current_hp_per_floor":[80,80,69,67,61,40,64,50,60,60,60,53,53,47,47,26,92,74,74,66,66,38,38,34,34,34,0],"gold":131,"neow_bonus":"TEN_PERCENT_HP_BONUS","is_prod":false,"is_daily":false,"chose_seed":false,"campfire_upgraded":3,"win_rate":0.0,"timestamp":1562347436,"path_taken":["M","?","?","?","M","E","R","M","T","?","R","M","M","M","R","BOSS","M","?","M","$","?","R","M","?","T","E"],"build_version":"2019-07-01","purchased_purges":1,"victory":false,"max_hp_per_floor":[82,82,82,82,82,82,82,82,92,92,92,92,92,92,92,92,92,92,92,92,92,92,92,92,92,92,92],"card_choices":[{"not_picked":["Go for the Eyes","Barrage"],"picked":"Redo","floor":1},{"not_picked":["Go for the Eyes","Double Energy"],"picked":"Redo","floor":4},{"not_picked":["Hologram","Go for the Eyes"],"picked":"Fusion","floor":5},{"not_picked":["Darkness","Thunder Strike"],"picked":"Ball Lightning","floor":6},{"not_picked":["Stack","Ball Lightning"],"picked":"Glacier","floor":8},{"not_picked":["Reinforced Body","FTL"],"picked":"Leap","floor":12},{"not_picked":["Melter","Hologram"],"picked":"Chaos","floor":13},{"not_picked":["Cold Snap","Compile Driver"],"picked":"Capacitor","floor":14},{"not_picked":["Thunder Strike","Multi-Cast"],"picked":"Seek","floor":16},{"not_picked":["Reprogram","Lockon+1"],"picked":"Doom and Gloom","floor":18},{"not_picked":["Double Energy","Streamline+1"],"picked":"Sweeping Beam","floor":20},{"not_picked":["Coolheaded+1","Skim"],"picked":"Stack","floor":22},{"not_picked":["Sweeping Beam","Steam Power"],"picked":"Redo","floor":24}],"player_experience":12982,"relics_obtained":[{"floor":6,"key":"Pocketwatch"},{"floor":9,"key":"Pear"},{"floor":26,"key":"Lantern"}],"event_choices":[{"cards_removed":["Strike_B"],"damage_healed":0,"gold_gain":0,"player_choice":"Card Removal","damage_taken":0,"max_hp_gain":0,"max_hp_loss":0,"event_name":"The Cleric","floor":2,"gold_loss":50},{"damage_healed":0,"gold_gain":75,"player_choice":"Gather Gold","damage_taken":11,"max_hp_gain":0,"max_hp_loss":0,"event_name":"World of Goop","floor":3,"gold_loss":0},{"damage_healed":0,"gold_gain":0,"player_choice":"Ignored","damage_taken":0,"max_hp_gain":0,"max_hp_loss":0,"event_name":"Liars Game","floor":10,"gold_loss":0},{"cards_removed":["Zap"],"damage_healed":0,"gold_gain":0,"player_choice":"Offered Basic","damage_taken":0,"max_hp_gain":0,"max_hp_loss":0,"event_name":"Bonfire Elementals","floor":19,"gold_loss":0},{"damage_healed":0,"gold_gain":0,"player_choice":"2 cards matched","damage_taken":0,"max_hp_gain":0,"max_hp_loss":0,"event_name":"Match and Keep!","floor":25,"gold_loss":0,"cards_obtained":["Doubt","Stack"]}],"is_beta":false,"boss_relics":[{"not_picked":["Coffee Dripper","Cursed Key"],"picked":"Velvet Choker"}],"items_purged_floors":[21],"is_endless":false,"potions_floor_spawned":[4,6,14,16,24],"killed_by":"Gremlin Leader","ascension_level":0}