{"path_per_floor":["M","M","M","M","M","R","M","R","T","M","M","M","?","M","R"],"character_chosen":"THE_SILENT","items_purchased":[],"gold_per_floor":[110,130,143,155,168,168,181,181,181,201,219,230,405,415,415],"floor_reached":16,"campfire_rested":1,"playtime":2119,"current_hp_per_floor":[61,61,58,58,52,52,20,41,41,38,34,22,22,37,37],"items_purged":[],"gold":415,"play_id":"b2b81656-ce8b-4220-831d-43ee7e597ff3","is_prod":false,"is_daily":false,"is_ascension_mode":true,"campfire_upgraded":2,"path_taken":["M","M","M","M","M","R","M","R","T","M","M","M","?","M","R","BOSS"],"build_version":"2018-02-01-PROD3","purchased_purges":0,"victory":false,"master_deck":["Defend_G","Defend_G","Defend_G","Defend_G","Defend_G","Strike_G","Strike_G","Strike_G","Strike_G","Survivor","Neutralize+1","Prepared","Dodge and Roll","Deadly Poison","Crippling Poison","Dagger Spray+1","Acrobatics","Leg Sweep","Escape Plan","Doubt"],"max_hp_per_floor":[70,70,70,70,70,70,70,70,70,70,70,70,70,70,70],"relics":["Ring of the Snake","Frozen Eye"],"card_choices":[{"not_picked":["Quick Slash","Cloak And Dagger"],"picked":"Prepared"},{"not_picked":["Underhanded Strike","Slice"],"picked":"Dodge and Roll"},{"not_picked":["Underhanded Strike","Sucker Punch"],"picked":"Deadly Poison"},{"not_picked":["Quick Slash","Bane"],"picked":"Crippling Poison"},{"not_picked":["Deadly Poison","Accuracy"],"picked":"Dagger Spray"},{"not_picked":["Deflect","Venomology"],"picked":"Acrobatics"},{"not_picked":["Slice","Deflect"],"picked":"Leg Sweep"},{"not_picked":["Underhanded Strike","Outmaneuver"],"picked":"Escape Plan"}],"player_experience":533099,"potions_floor_usage":[7,12,14,16],"damage_taken":[{"damage":2,"enemies":"Cultist","floor":1,"turns":4},{"damage":0,"enemies":"2 Louse","floor":2,"turns":4},{"damage":3,"enemies":"Blue Slaver","floor":3,"turns":8},{"damage":0,"enemies":"Exordium Wildlife","floor":4,"turns":5},{"damage":6,"enemies":"Large Slime","floor":5,"turns":11},{"damage":32,"enemies":"Gremlin Gang","floor":7,"turns":8},{"damage":3,"enemies":"Looter","floor":10,"turns":5},{"damage":4,"enemies":"2 Fungi Beasts","floor":11,"turns":4},{"damage":12,"enemies":"Gremlin Gang","floor":12,"turns":4},{"damage":0,"enemies":"Exordium Wildlife","floor":14,"turns":7},{"damage":37,"enemies":"Hexaghost","floor":16,"turns":16}],"event_choices":[{"event_name":"Liars Game","player_choice":"agreed","floor":13,"damage_taken":0}],"boss_relics":[],"potions_floor_spawned":[5,10,12,14],"seed_played":"6215359750631971792","killed_by":"Hexaghost","ascension_level":6,"is_trial":false}