{"gold_per_floor":[117,127,144,144,99,99,130,130,130,165,91,119,139,154,154,251,251,265,161,179,179],"floor_reached":21,"playtime":3306,"items_purged":[],"score":224,"play_id":"845311cd-4100-4686-bd22-55a7ab4e2307","local_time":"20190712121159","is_ascension_mode":false,"campfire_choices":[{"data":"Infinite Blades","floor":6.0,"key":"SMITH"},{"floor":15.0,"key":"REST"}],"neow_cost":"NONE","seed_source_timestamp":0,"circlet_count":0,"master_deck":["Strike_G","Strike_G","Strike_G","Strike_G+1","Strike_G+1","Defend_G","Defend_G","Defend_G","Defend_G","Defend_G","Survivor","Neutralize","Prepared","Deflect","Cloak And Dagger","Blur","Infinite Blades+1","Cloak And Dagger+1","Cloak And Dagger","Well Laid Plans","Deflect","Dagger Throw","Blur","Bullet Time","Escape Plan","Noxious Fumes","Prepared","Cloak And Dagger+1"],"special_seed":0,"relics":["Ring of the Snake","Meat on the Bone","Whetstone","Juzu Bracelet","Peace Pipe","WristBlade"],"potions_floor_usage":[],"damage_taken":[{"damage":1.0,"enemies":"Jaw Worm","floor":1.0,"turns":7.0},{"damage":0.0,"enemies":"Small Slimes","floor":2.0,"turns":5.0},{"damage":0.0,"enemies":"2 Louse","floor":3.0,"turns":3.0},{"damage":0.0,"enemies":"Looter","floor":5.0,"turns":5.0},{"damage":53.0,"enemies":"Lagavulin","floor":7.0,"turns":15.0},{"damage":6.0,"enemies":"3 Sentries","floor":10.0,"turns":9.0},{"damage":19.0,"enemies":"Gremlin Nob","floor":12.0,"turns":5.0},{"damage":0.0,"enemies":"3 Louse","floor":13.0,"turns":4.0},{"damage":7.0,"enemies":"Exordium Thugs","floor":14.0,"turns":5.0},{"damage":23.0,"enemies":"Hexaghost","floor":16.0,"turns":16.0},{"damage":24.0,"enemies":"Spheric Guardian","floor":18.0,"turns":6.0},{"damage":6.0,"enemies":"3 Byrds","floor":20.0,"turns":7.0},{"damage":40,"enemies":"Masked Bandits","floor":21,"turns":3}],"seed_played":"-8037436546544317713","potions_obtained":[{"floor":1.0,"key":"Swift Potion"},{"floor":2.0,"key":"Fire Potion"},{"floor":3.0,"key":"Regen Potion"}],"is_trial":false,"path_per_floor":["M","M","M","$","M","R","E","?","T","E","$","E","M","M","R","B",null,"M","$","M","?"],"character_chosen":"THE_SILENT","items_purchased":["Well Laid Plans","Noxious Fumes","Prepared"],"campfire_rested":1,"item_purchase_floors":[11,19,19],"current_hp_per_floor":[69,69,69,69,69,69,16,16,16,22,22,15,27,32,53,42,70,46,46,40,0],"gold":179,"neow_bonus":"THREE_CARDS","is_prod":false,"is_daily":false,"chose_seed":false,"campfire_upgraded":1,"win_rate":0.0,"timestamp":1562926319,"path_taken":["M","M","M","$","M","R","E","?","T","E","$","E","M","M","R","BOSS","M","$","M","?"],"build_version":"2019-07-05","purchased_purges":0,"victory":false,"max_hp_per_floor":[70,70,70,70,70,70,70,70,70,70,70,70,70,70,70,70,70,70,70,70,70],"card_choices":[{"not_picked":["Dagger Spray","Underhanded Strike"],"picked":"Prepared","floor":0.0},{"not_picked":["Underhanded Strike","Caltrops"],"picked":"Deflect","floor":1.0},{"not_picked":["All Out Attack","Calculated Gamble"],"picked":"Cloak And Dagger","floor":2.0},{"not_picked":["Bane","Heel Hook"],"picked":"Blur","floor":3.0},{"not_picked":["Cloak And Dagger","Sucker Punch"],"picked":"Infinite Blades","floor":5.0},{"not_picked":["Eviscerate","Dagger Throw"],"picked":"Cloak And Dagger","floor":7.0},{"not_picked":["PiercingWail","Expertise"],"picked":"Cloak And Dagger","floor":10.0},{"not_picked":["Unload","Slice"],"picked":"Deflect","floor":12.0},{"not_picked":["Slice","Blade Dance"],"picked":"Dagger Throw","floor":13.0},{"not_picked":["Poisoned Stab","Outmaneuver"],"picked":"Blur","floor":14.0},{"not_picked":["Glass Knife","Malaise"],"picked":"Bullet Time","floor":16.0},{"not_picked":["Underhanded Strike","Prepared"],"picked":"Escape Plan","floor":18.0},{"not_picked":["Slice+1","All Out Attack"],"picked":"Cloak And Dagger+1","floor":20.0}],"player_experience":114271,"relics_obtained":[{"floor":7.0,"key":"Meat on the Bone"},{"floor":9.0,"key":"Whetstone"},{"floor":10.0,"key":"Juzu Bracelet"},{"floor":12.0,"key":"Peace Pipe"}],"event_choices":[{"damage_healed":0.0,"max_hp_gain":0.0,"max_hp_loss":0.0,"gold_gain":0.0,"event_name":"Living Wall","player_choice":"Grow","floor":8.0,"gold_loss":0.0,"damage_taken":0.0,"cards_upgraded":["Cloak And Dagger"]},{"damage_healed":0,"gold_gain":0,"player_choice":"Fought Bandits","damage_taken":0,"max_hp_gain":0,"max_hp_loss":0,"event_name":"Masked Bandits","floor":21,"gold_loss":0}],"is_beta":false,"boss_relics":[{"not_picked":["Ectoplasm","HoveringKite"],"picked":"WristBlade"}],"items_purged_floors":[],"is_endless":false,"potions_floor_spawned":[1,2,3,14],"killed_by":"Masked Bandits","ascension_level":0}