{"gold_per_floor":[113,126,276,351,370,370,404,404,404,16,16,27,58,73,73,147,147,161,161,173,8,21,21,48,48,75,25,57,69,88,99,99,177,177,190,240,72,123,123],"floor_reached":39,"playtime":3243,"items_purged":["Doubt","Injury"],"score":934,"play_id":"1db85dfc-f99b-4da6-b7ee-862936041b8e","local_time":"20190703202304","is_ascension_mode":true,"campfire_choices":[{"floor":6.0,"key":"REST"},{"floor":11.0,"key":"REST"},{"floor":15.0,"key":"REST"},{"floor":23.0,"key":"REST"},{"floor":32.0,"key":"REST"}],"neow_cost":"NONE","seed_source_timestamp":0,"circlet_count":0,"master_deck":["AscendersBane","Survivor","Neutralize","Grand Finale","Finisher","Dagger Throw","Escape Plan","Well Laid Plans","Acrobatics","Panacea+1","Prepared","A Thousand Cuts","Endless Agony+1","Reflex","Dodge and Roll","Escape Plan","Backstab","Distraction","Tactician","Blade Dance","Dagger Throw","Adrenaline","Backflip","Panache","Deflect","Tools of the Trade","Underhanded Strike","Tactician","Grand Finale","Writhe","Clumsy","PiercingWail","Backflip","Calculated Gamble"],"special_seed":0,"relics":["Ring of the Snake","The Courier","Art of War","Tiny Chest","Regal Pillow","Bag of Marbles","Pandora\u0027s Box","Ninja Scroll","Boot","Lantern","Calling Bell","Vajra","Question Card","StoneCalendar","The Specimen"],"potions_floor_usage":[38,38],"damage_taken":[{"damage":6.0,"enemies":"Jaw Worm","floor":1.0,"turns":6.0},{"damage":5.0,"enemies":"2 Louse","floor":2.0,"turns":3.0},{"damage":1.0,"enemies":"Cultist","floor":5.0,"turns":3.0},{"damage":28.0,"enemies":"Lagavulin","floor":7.0,"turns":8.0},{"damage":0.0,"enemies":"2 Fungi Beasts","floor":12.0,"turns":3.0},{"damage":28.0,"enemies":"3 Sentries","floor":13.0,"turns":8.0},{"damage":3.0,"enemies":"Gremlin Gang","floor":14.0,"turns":3.0},{"damage":22.0,"enemies":"Slime Boss","floor":16.0,"turns":10.0},{"damage":0.0,"enemies":"Spheric Guardian","floor":18.0,"turns":2.0},{"damage":0.0,"enemies":"Chosen","floor":20.0,"turns":2.0},{"damage":21.0,"enemies":"Centurion and Healer","floor":22.0,"turns":4.0},{"damage":31.0,"enemies":"Slavers","floor":24.0,"turns":3.0},{"damage":0.0,"enemies":"Gremlin Leader","floor":28.0,"turns":3.0},{"damage":16.0,"enemies":"Cultist and Chosen","floor":29.0,"turns":4.0},{"damage":2.0,"enemies":"3 Cultists","floor":30.0,"turns":3.0},{"damage":0.0,"enemies":"Snake Plant","floor":31.0,"turns":2.0},{"damage":51.0,"enemies":"Collector","floor":33.0,"turns":4.0},{"damage":0.0,"enemies":"3 Shapes","floor":35.0,"turns":3.0},{"damage":26,"enemies":"2 Orb Walkers","floor":38,"turns":5},{"damage":27,"enemies":"Orb Walker","floor":39,"turns":2}],"seed_played":"3608464018447827874","potions_obtained":[{"floor":1.0,"key":"Dexterity Potion"},{"floor":2.0,"key":"Block Potion"},{"floor":7.0,"key":"AttackPotion"},{"floor":8.0,"key":"EntropicBrew"},{"floor":13.0,"key":"Regen Potion"},{"floor":18.0,"key":"Ancient Potion"},{"floor":28.0,"key":"GamblersBrew"},{"floor":30.0,"key":"Strength Potion"},{"floor":33.0,"key":"GhostInAJar"},{"floor":35.0,"key":"PowerPotion"}],"is_trial":false,"path_per_floor":["M","M","?","?","M","R","E","?","T","$","R","M","E","M","R","B",null,"M","?","M","$","M","R","E","?","T","?","E","M","M","M","R","B",null,"M","?","$","?","M"],"character_chosen":"THE_SILENT","items_purchased":["Tiny Chest","Regal Pillow","Acrobatics","Panacea","Panache","PiercingWail","Backflip"],"campfire_rested":5,"item_purchase_floors":[10,10,10,10,21,37,37],"current_hp_per_floor":[53,48,48,37,36,55,27,27,27,27,61,61,33,30,64,42,60,60,56,56,56,35,66,35,35,35,35,44,28,26,26,60,9,52,52,46,46,20,0],"gold":123,"neow_bonus":"ONE_RANDOM_RARE_CARD","is_prod":false,"is_daily":false,"chose_seed":false,"campfire_upgraded":0,"win_rate":0,"timestamp":1562206984,"path_taken":["M","M","?","?","M","R","E","?","T","$","R","M","E","?","R","BOSS","M","?","M","$","?","R","E","?","T","?","E","?","M","M","R","BOSS","M","?","?","?","M"],"build_version":"2019-06-30","purchased_purges":2,"victory":false,"max_hp_per_floor":[66,66,66,66,66,66,66,66,66,66,66,66,66,66,66,66,66,66,66,66,66,66,66,66,66,66,66,66,66,66,66,66,66,66,66,66,66,66,66],"card_choices":[{"not_picked":["Endless Agony","Concentrate"],"picked":"Finisher","floor":1.0},{"not_picked":["Bouncing Flask","Choke"],"picked":"Dagger Throw","floor":2.0},{"not_picked":["Leg Sweep","Tactician"],"picked":"Escape Plan","floor":5.0},{"not_picked":["Outmaneuver","Infinite Blades"],"picked":"Well Laid Plans","floor":7.0},{"not_picked":["Flying Knee","Poisoned Stab","Blur"],"picked":"SKIP","floor":12.0},{"not_picked":["Predator","Catalyst"],"picked":"Prepared","floor":13.0},{"not_picked":["Accuracy","Dash","Blade Dance"],"picked":"SKIP","floor":14.0},{"not_picked":["Die Die Die","Corpse Explosion"],"picked":"A Thousand Cuts","floor":16.0},{"not_picked":["Slice","Choke","Noxious Fumes"],"picked":"SKIP","floor":18.0},{"not_picked":["Flying Knee","Underhanded Strike"],"picked":"Backflip","floor":20.0},{"not_picked":["Dodge and Roll","Quick Slash"],"picked":"Deflect","floor":22.0},{"not_picked":["Bane","Caltrops"],"picked":"Tools of the Trade","floor":24.0},{"not_picked":["Deflect","Riddle With Holes","Poisoned Stab"],"picked":"SKIP","floor":28.0},{"not_picked":["Deadly Poison","Dagger Throw"],"picked":"Underhanded Strike","floor":29.0},{"not_picked":["All Out Attack","Masterful Stab"],"picked":"Tactician","floor":30.0},{"not_picked":["Corpse Explosion","Tactician","Deflect"],"picked":"SKIP","floor":31.0},{"not_picked":["Bullet Time","Venomology"],"picked":"Grand Finale","floor":33.0},{"not_picked":["Bane","Deflect+1","Flying Knee+1","Infinite Blades+1"],"picked":"SKIP","floor":35.0},{"not_picked":["Bane","Masterful Stab","Prepared"],"picked":"Calculated Gamble","floor":38}],"player_experience":1136244,"relics_obtained":[{"floor":7.0,"key":"The Courier"},{"floor":9.0,"key":"Art of War"},{"floor":13.0,"key":"Bag of Marbles"},{"floor":24.0,"key":"Ninja Scroll"},{"floor":26.0,"key":"Boot"},{"floor":28.0,"key":"Lantern"},{"floor":34.0,"key":"Vajra"},{"floor":34.0,"key":"Question Card"},{"floor":34.0,"key":"StoneCalendar"},{"floor":38,"key":"The Specimen"}],"event_choices":[{"damage_healed":0.0,"max_hp_gain":0.0,"max_hp_loss":0.0,"gold_gain":150.0,"event_name":"Liars Game","player_choice":"AGREE","floor":3.0,"gold_loss":0.0,"damage_taken":0.0,"cards_obtained":["Doubt"]},{"damage_healed":0.0,"max_hp_gain":0.0,"max_hp_loss":0.0,"gold_gain":75.0,"event_name":"World of Goop","player_choice":"Gather Gold","floor":4.0,"gold_loss":0.0,"damage_taken":11.0},{"damage_healed":0.0,"max_hp_gain":0.0,"max_hp_loss":0.0,"gold_gain":0.0,"event_name":"Lab","player_choice":"Got Potions","floor":8.0,"gold_loss":0.0,"damage_taken":0.0},{"damage_healed":0.0,"max_hp_gain":0.0,"max_hp_loss":0.0,"gold_gain":0.0,"event_name":"The Woman in Blue","player_choice":"Bought 0 Potions","floor":19.0,"gold_loss":0.0,"damage_taken":0.0},{"damage_healed":0.0,"max_hp_gain":0.0,"max_hp_loss":0.0,"gold_gain":0.0,"event_name":"Ghosts","player_choice":"Ignored","floor":25.0,"gold_loss":0.0,"damage_taken":0.0},{"damage_healed":0.0,"max_hp_gain":0.0,"max_hp_loss":0.0,"gold_gain":0.0,"event_name":"Designer","player_choice":"Upgraded Two","floor":27.0,"gold_loss":50.0,"damage_taken":0.0,"cards_upgraded":["Endless Agony","Panacea"]},{"damage_healed":0,"gold_gain":50,"player_choice":"Touch","damage_taken":6,"max_hp_gain":0,"max_hp_loss":0,"event_name":"FaceTrader","floor":36,"gold_loss":0},{"damage_healed":0,"gold_gain":0,"player_choice":"Fight","damage_taken":0,"max_hp_gain":0,"max_hp_loss":0,"event_name":"Mysterious Sphere","floor":38,"gold_loss":0}],"is_beta":true,"boss_relics":[{"not_picked":["Sozu","WristBlade"],"picked":"Pandora\u0027s Box"},{"not_picked":["Orrery","Velvet Choker"],"picked":"Calling Bell"}],"items_purged_floors":[10,37],"is_endless":false,"potions_floor_spawned":[1,2,7,13,14,18,28,30,31,33,35],"killed_by":"Orb Walker","ascension_level":19}