{"path_per_floor":["M","M","M","M","M","E","$","R","T","M","?","E","M","E","R","B",null,"M","?","$","M","?","E","M","T","T","R","$","R","?","?","R","B",null,"M","M","?","?","M","R","E","M","T","$","R","T","?","M","R","B"],"character_chosen":"THE_SILENT","items_purchased":["Footwork","Blur","Noxious Fumes","Noxious Fumes","Lantern","Jack Of All Trades","Swift Potion"],"gold_per_floor":[111,129,147,162,172,230,39,39,64,82,82,108,122,150,150,247,247,262,262,92,109,9,39,58,138,186,186,109,109,109,109,109,207,207,223,236,236,236,256,256,291,301,301,11,11,11,0,18,18,18],"floor_reached":51,"campfire_rested":3,"playtime":11337,"current_hp_per_floor":[75,75,75,75,66,57,57,57,57,57,62,60,53,45,45,19,82,80,80,80,76,76,73,66,66,66,66,66,66,57,41,41,23,87,66,42,42,42,33,59,19,16,16,16,42,42,42,30,56,78],"items_purged":["Defend_G","Masterful Stab"],"gold":18,"play_id":"68a683b4-3aea-4f19-9400-249c483eb714","is_prod":false,"is_daily":false,"campfire_rituals":0,"campfire_upgraded":5,"is_hardmode":false,"path_taken":["M","M","?","M","?","E","$","R","T","M","?","E","M","E","R","BOSS","M","?","$","M","?","E","M","?","T","R","$","R","?","?","R","BOSS","M","M","?","?","M","R","E","M","T","$","R","?","?","M","R","BOSS"],"build_version":"2018-01-18-PROD4","purchased_purges":2,"victory":true,"master_deck":["Survivor","Neutralize","Blur","Backflip","After Image","Well Laid Plans","Tactician","Footwork","Blur","Caltrops","Die Die Die","Footwork","Burst","Malaise","PiercingWail","Quick Slash","Masterful Stab","Flechettes","Sucker Punch","Well Laid Plans","Acrobatics","Noxious Fumes","J.A.X.","Sucker Punch","Noxious Fumes","Necronomicurse","Burst","Prepared","Acrobatics","Calculated Gamble","Blur","Concentrate","Jack Of All Trades","Dodge and Roll"],"max_hp_per_floor":[77,77,77,77,77,77,77,77,77,77,82,82,82,82,82,82,82,82,82,82,82,82,82,82,82,82,82,82,82,87,87,87,87,87,87,87,87,87,87,87,87,87,87,87,87,87,87,87,87,87],"relics":["Ring of the Snake","Tiny Chest","Bag of Preparation","Bottled Flame","Juzu Bracelet","Pandora\u0027s Box","Whetstone","Shuriken","Pen Nib","Necronomicon","Question Card","Mummified Hand","Pantograph","Lantern","Oddly Smooth Stone","Red Mask"],"campfire_meditates":0,"card_choices":[{"not_picked":["Bane","Dodge and Roll"],"picked":"Blur"},{"not_picked":["Calculated Gamble","Escape Plan"],"picked":"Backflip"},{"not_picked":["Dagger Throw","Riddle With Holes"],"picked":"After Image"},{"not_picked":["Outmaneuver","Dagger Spray"],"picked":"Well Laid Plans"},{"not_picked":["PiercingWail","Storm of Steel"],"picked":"Tactician"},{"not_picked":["Accuracy","Cloak And Dagger"],"picked":"Caltrops"},{"not_picked":["Poisoned Stab","Cloak And Dagger"],"picked":"Die Die Die"},{"not_picked":["Poisoned Stab","PiercingWail"],"picked":"Footwork"},{"not_picked":["Wraith Form","Tactician"],"picked":"Burst"},{"not_picked":["Deflect","Terror"],"picked":"Acrobatics"},{"not_picked":["Poisoned Stab","Skewer"],"picked":"Sucker Punch"},{"not_picked":["A Thousand Cuts","Doppelganger"],"picked":"Burst"},{"not_picked":["Malaise","Acrobatics","Poisoned Stab"],"picked":"Prepared"},{"not_picked":["Endless Agony","Underhanded Strike","Deadly Poison"],"picked":"Acrobatics"},{"not_picked":["Quick Slash","Deflect","Prepared"],"picked":"Calculated Gamble"},{"not_picked":["Dodge and Roll","Underhanded Strike","Catalyst"],"picked":"Blur"},{"not_picked":["Crippling Poison","Caltrops","Choke"],"picked":"Concentrate"},{"not_picked":["Finisher","Catalyst","Well Laid Plans"],"picked":"Dodge and Roll"}],"player_experience":192313,"potions_floor_usage":[4,5,6,14,16,18,33,36,48,50],"damage_taken":[{"damage":2,"enemies":"Blue Slaver","floor":1,"turns":7},{"damage":0,"enemies":"Small Slimes","floor":2,"turns":6},{"damage":0,"enemies":"Cultist","floor":3,"turns":6},{"damage":0,"enemies":"3 Louse","floor":4,"turns":6},{"damage":9,"enemies":"Looter","floor":5,"turns":4},{"damage":24,"enemies":"Gremlin Nob","floor":6,"turns":6},{"damage":0,"enemies":"2 Fungi Beasts","floor":10,"turns":7},{"damage":2,"enemies":"Lagavulin","floor":12,"turns":16},{"damage":7,"enemies":"Large Slime","floor":13,"turns":9},{"damage":8,"enemies":"3 Sentries","floor":14,"turns":9},{"damage":26,"enemies":"Slime Boss","floor":16,"turns":26},{"damage":2,"enemies":"3 Byrds","floor":18,"turns":5},{"damage":4,"enemies":"Spheric Guardian","floor":21,"turns":7},{"damage":3,"enemies":"Book of Stabbing","floor":23,"turns":8},{"damage":7,"enemies":"Chosen and Byrds","floor":24,"turns":8},{"damage":18,"enemies":"Champ","floor":33,"turns":12},{"damage":21,"enemies":"3 Shapes","floor":35,"turns":6},{"damage":24,"enemies":"3 Darklings","floor":36,"turns":6},{"damage":9,"enemies":"4 Shapes","floor":39,"turns":6},{"damage":40,"enemies":"Nemesis","floor":41,"turns":13},{"damage":3,"enemies":"Sphere and 2 Shapes","floor":42,"turns":7},{"damage":12,"enemies":"3 Darklings","floor":48,"turns":4},{"damage":3,"enemies":"Donu and Deca","floor":50,"turns":10}],"event_choices":[{"event_name":"Big Fish","player_choice":"Donut","floor":11,"damage_taken":0},{"event_name":"Vampires","player_choice":"Ignored","floor":19,"damage_taken":0},{"event_name":"Drug Dealer","player_choice":"Got JAXXED","floor":22,"damage_taken":0},{"event_name":"Forgotten Altar","player_choice":"Shed Blood","floor":30,"damage_taken":0},{"event_name":"Cursed Tome","player_choice":"Obtained Book","floor":31,"damage_taken":0},{"event_name":"Upgrade Shrine","player_choice":"Upgraded","floor":37,"damage_taken":0},{"event_name":"Tomb of Lord Red Mask","player_choice":"Paid","floor":47,"damage_taken":0}],"boss_relics":[{"not_picked":["Runic Dome","Tiny House"],"picked":"Pandora\u0027s Box"},{"not_picked":["Philosopher\u0027s Stone","Runic Pyramid"],"picked":"Question Card"}],"potions_floor_spawned":[1,3,4,12,13,16,21,35,48],"seed_played":"-1301649214904969712","is_trial":false}