{"gold_per_floor":[118,136,136,153,168,203,203,220,244,244,264,264,279,311,311,414,414,427,25,45,19,19,45,60,60,60,87,87,118,118,118,118,216,216,230,249,264,279,47,81,96,18,18,52,152,152,187,200,200,200,200,200,12,41,41],"floor_reached":56,"playtime":10412,"items_purged":[],"score":1613,"play_id":"1a707f85-f686-494c-a0ea-8ba59c85bf7e","local_time":"20190714223724","is_ascension_mode":true,"campfire_choices":[{"floor":7,"key":"RECALL"},{"floor":15,"key":"REST"},{"floor":25,"key":"REST"},{"data":"Infinite Blades","floor":28,"key":"SMITH"},{"data":"After Image","floor":30,"key":"SMITH"},{"data":"Cloak And Dagger","floor":32,"key":"SMITH"},{"data":"Tools of the Trade","floor":49,"key":"SMITH"},{"data":"Blade Dance","floor":52,"key":"SMITH"}],"neow_cost":"NONE","seed_source_timestamp":31630920281492,"circlet_count":0,"master_deck":["Strike_G","Strike_G","Strike_G","Strike_G","Strike_G","Defend_G","Defend_G","Defend_G","Defend_G","Survivor+1","Neutralize+1","Clumsy","Parasite","Clumsy","Quick Slash","Unload+1","Infinite Blades+1","Blade Dance","Storm of Steel","After Image+1","Riddle With Holes","Leg Sweep","Finisher+1","Cloak And Dagger+1","Blade Dance+1","Cloak And Dagger","Dagger Spray","Dagger Spray+1","Backstab+1","Riddle With Holes+1","Swift Strike+1","Decay","Bullet Time","Prepared+1","Infinite Blades+1","Expertise+1","Finisher+1","Acrobatics","Dagger Spray+1","Parasite","Tools of the Trade+1","Escape Plan+1","Writhe","Choke+1","Parasite","Cloak And Dagger+1","Wraith Form v2","Secret Weapon","Quick Slash+1"],"relics":["Calling Bell","PreservedInsect","Pantograph","Du-Vu Doll","Bag of Preparation","Anchor","Orrery","Membership Card","Whetstone","Meat on the Bone","Enchiridion","Blood Vial","Molten Egg 2","Pear","Smiling Mask","Cursed Key","Lee\u0027s Waffle","Oddly Smooth Stone","Centennial Puzzle","Vajra","Ancient Tea Set","Gremlin Horn","Dead Branch","Mercury Hourglass","Strawberry"],"potions_floor_usage":[6,14,16,16,33,33,37,40,45,55,55],"damage_taken":[{"damage":1,"enemies":"Small Slimes","floor":1,"turns":4},{"damage":0,"enemies":"Cultist","floor":2,"turns":3},{"damage":0,"enemies":"2 Louse","floor":4,"turns":3},{"damage":9,"enemies":"Red Slaver","floor":5,"turns":3},{"damage":13,"enemies":"Lagavulin","floor":6,"turns":5},{"damage":0,"enemies":"3 Louse","floor":8,"turns":3},{"damage":1,"enemies":"Looter","floor":11,"turns":3},{"damage":5,"enemies":"Gremlin Gang","floor":13,"turns":4},{"damage":0,"enemies":"Gremlin Nob","floor":14,"turns":2},{"damage":46,"enemies":"The Guardian","floor":16,"turns":10},{"damage":3,"enemies":"2 Thieves","floor":18,"turns":3},{"damage":0,"enemies":"Chosen","floor":20,"turns":2},{"damage":18,"enemies":"Gremlin Leader","floor":23,"turns":4},{"damage":24,"enemies":"Snake Plant","floor":24,"turns":5},{"damage":2,"enemies":"Book of Stabbing","floor":27,"turns":3},{"damage":11,"enemies":"Slavers","floor":29,"turns":4},{"damage":20,"enemies":"Automaton","floor":33,"turns":8},{"damage":15,"enemies":"3 Darklings","floor":35,"turns":4},{"damage":25,"enemies":"3 Shapes","floor":36,"turns":3},{"damage":0,"enemies":"Spire Growth","floor":37,"turns":2},{"damage":0,"enemies":"4 Shapes","floor":38,"turns":2},{"damage":3,"enemies":"Nemesis","floor":40,"turns":5},{"damage":11,"enemies":"Jaw Worm Horde","floor":41,"turns":3},{"damage":0,"enemies":"Reptomancer","floor":44,"turns":2},{"damage":7,"enemies":"Mind Bloom Boss Battle","floor":45,"turns":2},{"damage":4,"enemies":"Nemesis","floor":47,"turns":3},{"damage":1,"enemies":"Writhing Mass","floor":48,"turns":3},{"damage":28,"enemies":"Time Eater","floor":50,"turns":8},{"damage":0,"enemies":"Shield and Spear","floor":54,"turns":3},{"damage":88,"enemies":"The Heart","floor":55,"turns":6}],"seed_played":"-1871654649806592727","potions_obtained":[{"floor":1,"key":"Swift Potion"},{"floor":2,"key":"Weak Potion"},{"floor":8,"key":"Strength Potion"},{"floor":11,"key":"Fire Potion"},{"floor":18,"key":"GhostInAJar"},{"floor":23,"key":"Ancient Potion"},{"floor":24,"key":"GhostInAJar"},{"floor":33,"key":"Explosive Potion"},{"floor":35,"key":"SkillPotion"},{"floor":40,"key":"Swift Potion"},{"floor":47,"key":"Swift Potion"}],"is_trial":false,"path_per_floor":["M","M","?","M","M","E","R","M","T","?","M","?","M","E","R","B",null,"M","$","M","$","?","E","M","R","T","E","R","E","R","?","R","B",null,"M","M","M","M","$","E","M","$","T","E","?","?","E","M","R","B",null,"R","$","E","B",null],"character_chosen":"THE_SILENT","items_purchased":["Membership Card","Whetstone","Meat on the Bone","Dagger Spray","Finisher+1","Lee\u0027s Waffle","Oddly Smooth Stone","Acrobatics","Vajra","Wraith Form v2","SteroidPotion","Secret Weapon"],"campfire_rested":2,"item_purchase_floors":[19,19,19,21,39,39,39,39,42,53,53,53],"current_hp_per_floor":[69,69,69,69,60,47,47,47,47,33,32,32,27,27,48,24,70,67,67,67,67,51,45,35,56,56,66,66,57,57,57,57,60,80,65,42,44,46,87,84,75,75,75,77,80,87,83,84,84,59,87,87,87,94,18],"gold":41,"neow_bonus":"BOSS_RELIC","is_prod":false,"is_daily":false,"chose_seed":false,"campfire_upgraded":5,"win_rate":0,"timestamp":1563136644,"path_taken":["M","M","?","M","?","E","R","M","T","?","M","?","M","E","R","BOSS","M","$","M","?","?","E","M","R","T","E","R","E","R","?","R","BOSS","M","?","M","M","$","E","M","$","T","E","?","?","E","M","R","BOSS","R","$","E","BOSS"],"build_version":"2019-07-05","purchased_purges":0,"victory":true,"max_hp_per_floor":[70,70,70,70,70,70,70,70,70,70,70,70,70,70,70,70,70,70,70,70,70,70,70,70,70,70,80,80,80,80,80,80,80,80,80,80,80,80,87,87,87,87,87,87,87,87,87,87,87,87,87,87,87,94,94],"card_choices":[{"not_picked":["Poisoned Stab","Bane"],"picked":"Quick Slash","floor":1},{"not_picked":["Sucker Punch","Deadly Poison","Deflect"],"picked":"SKIP","floor":2},{"not_picked":["Masterful Stab","Outmaneuver"],"picked":"Unload","floor":4},{"not_picked":["Expertise","Crippling Poison","Footwork"],"picked":"SKIP","floor":5},{"not_picked":["Backflip","Cloak And Dagger"],"picked":"Infinite Blades","floor":6},{"not_picked":["Expertise","Flechettes","Deflect"],"picked":"SKIP","floor":8},{"not_picked":["Flying Knee","Dagger Spray"],"picked":"Blade Dance","floor":11},{"not_picked":["Deflect","Bouncing Flask","Underhanded Strike"],"picked":"SKIP","floor":13},{"not_picked":["Masterful Stab","Prepared"],"picked":"Storm of Steel","floor":14},{"not_picked":["Unload","Corpse Explosion"],"picked":"After Image","floor":16},{"not_picked":["Distraction","Endless Agony"],"picked":"Riddle With Holes","floor":17},{"not_picked":["Reflex","Catalyst"],"picked":"Leg Sweep","floor":17},{"not_picked":["Flying Knee","Backflip"],"picked":"Finisher","floor":17},{"not_picked":["Acrobatics","Sucker Punch"],"picked":"Cloak And Dagger","floor":17},{"not_picked":["Well Laid Plans","Finisher"],"picked":"Blade Dance","floor":18},{"not_picked":["Dodge and Roll","Deadly Poison+1"],"picked":"Cloak And Dagger","floor":20},{"not_picked":["Leg Sweep+1","Bullet Time","Crippling Poison"],"picked":"SKIP","floor":23},{"not_picked":["Terror","Outmaneuver"],"picked":"Dagger Spray+1","floor":24},{"not_picked":["Poisoned Stab+1","Outmaneuver+1"],"picked":"Backstab+1","floor":27},{"not_picked":["After Image","Outmaneuver"],"picked":"Riddle With Holes+1","floor":29},{"not_picked":["Tools of the Trade","Doppelganger"],"picked":"Bullet Time","floor":33},{"not_picked":["Eviscerate+1","Dodge and Roll","Caltrops+1"],"picked":"SKIP","floor":35},{"not_picked":["Quick Slash+1","Poisoned Stab+1"],"picked":"Prepared+1","floor":36},{"not_picked":["Prepared","Dodge and Roll+1"],"picked":"Infinite Blades+1","floor":37},{"not_picked":["Quick Slash+1","Deflect"],"picked":"Expertise+1","floor":38},{"not_picked":["Underhanded Strike+1","After Image","Expertise"],"picked":"SKIP","floor":40},{"not_picked":["Backflip","Well Laid Plans"],"picked":"Dagger Spray+1","floor":41},{"not_picked":["Poisoned Stab+1","Heel Hook+1"],"picked":"Tools of the Trade","floor":44},{"not_picked":["Acrobatics+1","Underhanded Strike+1"],"picked":"Escape Plan+1","floor":45},{"not_picked":["Dagger Spray+1","Predator+1"],"picked":"Choke+1","floor":47},{"not_picked":["Heel Hook+1","Sucker Punch+1"],"picked":"Cloak And Dagger+1","floor":48},{"not_picked":["Malaise","Dodge and Roll+1"],"picked":"Quick Slash+1","floor":54}],"player_experience":115177,"relics_obtained":[{"floor":0,"key":"PreservedInsect"},{"floor":0,"key":"Pantograph"},{"floor":0,"key":"Du-Vu Doll"},{"floor":6,"key":"Bag of Preparation"},{"floor":14,"key":"Anchor"},{"floor":22,"key":"Enchiridion"},{"floor":23,"key":"Blood Vial"},{"floor":26,"key":"Molten Egg 2"},{"floor":27,"key":"Pear"},{"floor":29,"key":"Smiling Mask"},{"floor":40,"key":"Centennial Puzzle"},{"floor":43,"key":"Ancient Tea Set"},{"floor":44,"key":"Gremlin Horn"},{"floor":45,"key":"Dead Branch"},{"floor":47,"key":"Mercury Hourglass"},{"floor":54,"key":"Strawberry"}],"event_choices":[{"cards_removed":["Defend_G"],"damage_healed":0,"gold_gain":0,"player_choice":"Offered Basic","damage_taken":0,"max_hp_gain":0,"max_hp_loss":0,"event_name":"Bonfire Elementals","floor":3,"gold_loss":0},{"damage_healed":0,"gold_gain":0,"player_choice":"Entered Light","damage_taken":14,"max_hp_gain":0,"max_hp_loss":0,"event_name":"Shining Light","floor":10,"gold_loss":0,"cards_upgraded":["Neutralize","Survivor"]},{"damage_healed":0,"gold_gain":0,"player_choice":"Bought 0 Potions","damage_taken":0,"max_hp_gain":0,"max_hp_loss":0,"event_name":"The Woman in Blue","floor":12,"gold_loss":0},{"damage_healed":0,"gold_gain":0,"player_choice":"Obtained Book","damage_taken":16,"max_hp_gain":0,"max_hp_loss":0,"event_name":"Cursed Tome","floor":22,"gold_loss":0},{"damage_healed":0,"gold_gain":0,"player_choice":"2 cards matched","damage_taken":0,"max_hp_gain":0,"max_hp_loss":0,"event_name":"Match and Keep!","floor":31,"gold_loss":0,"cards_obtained":["Swift Strike","Decay"]},{"damage_healed":0,"gold_gain":0,"player_choice":"Fight","damage_taken":0,"max_hp_gain":0,"max_hp_loss":0,"event_name":"MindBloom","floor":45,"gold_loss":0},{"damage_healed":22,"gold_gain":0,"player_choice":"Writhe","damage_taken":0,"max_hp_gain":0,"max_hp_loss":0,"event_name":"Winding Halls","floor":46,"gold_loss":0,"cards_obtained":["Writhe"]}],"is_beta":false,"boss_relics":[{"not_picked":["Lizard Tail","Empty Cage"],"picked":"Orrery"},{"not_picked":["Tiny House","HoveringKite"],"picked":"Cursed Key"}],"items_purged_floors":[],"is_endless":false,"potions_floor_spawned":[1,2,8,11,18,23,24,27,33,35,36,40,47],"ascension_level":2}