{"gold_per_floor":[414,429,43,58,73,73,88,88,163,163,178,178,178,193,193,293,293,308,323,273,109,124,124,28,28,28,28,43,88,15,30,30,30],"floor_reached":33,"playtime":3422,"items_purged":[],"score":241,"play_id":"325ece3b-8e53-4207-a002-0c69ec268f75","local_time":"20190629110800","daily_mods":["Heirloom","Vintage","Terminal"],"is_ascension_mode":false,"campfire_choices":[{"data":"Perfected Strike","floor":6,"key":"SMITH"},{"data":"Bash","floor":8,"key":"SMITH"},{"data":"Defend_R","floor":13,"key":"SMITH"},{"data":"Defend_R","floor":15,"key":"SMITH"},{"data":"Defend_R","floor":23,"key":"SMITH"},{"data":"Armaments","floor":27,"key":"SMITH"},{"data":"Immolate","floor":32,"key":"SMITH"}],"neow_cost":"","seed_source_timestamp":640059111470359,"circlet_count":0,"master_deck":["Strike_R","Strike_R","Strike_R","Strike_R","Strike_R","Defend_R","Defend_R+1","Defend_R+1","Defend_R+1","Bash+1","Perfected Strike+1","Shrug It Off+1","Bandage Up","Immolate+1","Blood for Blood","Deep Breath","Clothesline","Armaments+1","Spot Weakness"],"special_seed":18076,"relics":["Burning Blood","Old Coin","Ornamental Fan","Oddly Smooth Stone","Medical Kit","Meat on the Bone","Letter Opener","Omamori","Pantograph","Anchor","Magic Flower","Mark of Pain","Vajra","Strawberry","Sundial","Darkstone Periapt","Regal Pillow","Tiny Chest","Happy Flower"],"potions_floor_usage":[19,22],"damage_taken":[{"damage":2,"enemies":"2 Louse","floor":1,"turns":4},{"damage":4,"enemies":"Cultist","floor":2,"turns":4},{"damage":0,"enemies":"Jaw Worm","floor":4,"turns":3},{"damage":15,"enemies":"Exordium Thugs","floor":5,"turns":7},{"damage":0,"enemies":"Red Slaver","floor":7,"turns":3},{"damage":7,"enemies":"Large Slime","floor":11,"turns":5},{"damage":0,"enemies":"Exordium Wildlife","floor":14,"turns":4},{"damage":12,"enemies":"Hexaghost","floor":16,"turns":16},{"damage":7,"enemies":"Shell Parasite","floor":18,"turns":4},{"damage":0,"enemies":"Chosen","floor":19,"turns":3},{"damage":12,"enemies":"Shelled Parasite and Fungi","floor":22,"turns":5},{"damage":3,"enemies":"Centurion and Healer","floor":28,"turns":5},{"damage":0,"enemies":"Snake Plant","floor":29,"turns":4},{"damage":0,"enemies":"Cultist and Chosen","floor":31,"turns":4},{"damage":60,"enemies":"Champ","floor":33,"turns":10}],"seed_played":"3787465507851504461","potions_obtained":[{"floor":2,"key":"Dexterity Potion"},{"floor":5,"key":"LiquidBronze"},{"floor":16,"key":"Strength Potion"},{"floor":29,"key":"Strength Potion"}],"is_trial":false,"path_per_floor":["M","M","$","M","M","R","M","R","T","?","M","?","R","M","R","B",null,"M","M","?","$","M","R","$","?","T","R","M","M","$","M","R","B"],"character_chosen":"IRONCLAD","items_purchased":["Perfected Strike","Shrug It Off","Medical Kit","Bandage Up","Blood for Blood","Deep Breath","Clothesline","Armaments","Spot Weakness"],"campfire_rested":0,"item_purchase_floors":[3,3,3,3,21,21,24,24,30],"current_hp_per_floor":[78,77,76,75,70,70,72,71,70,69,68,67,66,65,64,63,62,61,67,66,65,64,63,62,61,60,59,58,57,56,55,54,0],"gold":30,"neow_bonus":"","is_prod":false,"is_daily":true,"chose_seed":false,"campfire_upgraded":7,"win_rate":0.0,"timestamp":1561828080,"path_taken":["M","M","$","M","M","R","M","R","T","?","?","?","R","M","R","BOSS","M","M","?","$","?","R","$","?","T","R","M","M","?","M","R","BOSS"],"build_version":"2019-01-23","purchased_purges":0,"victory":false,"max_hp_per_floor":[78,77,76,75,74,73,72,71,70,69,68,67,66,65,64,63,62,61,67,66,65,64,63,62,61,60,59,58,57,56,55,54,54],"card_choices":[{"not_picked":["Brutality","Offering"],"picked":"Immolate","floor":16}],"player_experience":3503,"relics_obtained":[{"floor":1,"key":"Ornamental Fan"},{"floor":2,"key":"Oddly Smooth Stone"},{"floor":4,"key":"Meat on the Bone"},{"floor":5,"key":"Letter Opener"},{"floor":7,"key":"Omamori"},{"floor":9,"key":"Pantograph"},{"floor":11,"key":"Anchor"},{"floor":14,"key":"Magic Flower"},{"floor":18,"key":"Vajra"},{"floor":19,"key":"Strawberry"},{"floor":22,"key":"Sundial"},{"floor":26,"key":"Darkstone Periapt"},{"floor":28,"key":"Regal Pillow"},{"floor":29,"key":"Tiny Chest"},{"floor":31,"key":"Happy Flower"}],"event_choices":[{"damage_healed":0,"gold_gain":0,"player_choice":"Upgraded","damage_taken":0,"max_hp_gain":0,"max_hp_loss":0,"event_name":"Upgrade Shrine","floor":10,"gold_loss":0,"cards_upgraded":["Shrug It Off"]},{"damage_healed":0,"gold_gain":0,"player_choice":"Ignored","damage_taken":0,"max_hp_gain":0,"max_hp_loss":0,"event_name":"Purifier","floor":12,"gold_loss":0},{"damage_healed":0,"gold_gain":0,"player_choice":"Bet on Murderer","damage_taken":0,"max_hp_gain":0,"max_hp_loss":0,"event_name":"The Joust","floor":20,"gold_loss":50},{"damage_healed":0,"gold_gain":0,"player_choice":"Ignored","damage_taken":0,"max_hp_gain":0,"max_hp_loss":0,"event_name":"Ghosts","floor":25,"gold_loss":0}],"is_beta":false,"boss_relics":[{"not_picked":["Black Blood","Runic Cube"],"picked":"Mark of Pain"}],"items_purged_floors":[],"is_endless":false,"potions_floor_spawned":[2,5,16,18,29],"killed_by":"Champ","ascension_level":0}