{"gold_per_floor":[110,123,123,26,40,40,68,243,243,96,76,86,86,119,119,220,220,233,243,255,255,7,7,7],"floor_reached":24,"playtime":2502,"items_purged":["Doubt"],"score":204,"play_id":"861a87cc-dd1d-48d2-8c59-49da87c0defc","local_time":"20190721104029","is_ascension_mode":false,"campfire_choices":[{"data":"Escape Plan","floor":6,"key":"SMITH"},{"floor":13,"key":"REST"},{"floor":15,"key":"REST"},{"data":"Wraith Form v2","floor":23,"key":"SMITH"}],"neow_cost":"NONE","seed_source_timestamp":860041558927521,"circlet_count":0,"master_deck":["Strike_G","Strike_G","Strike_G","Strike_G","Strike_G","Defend_G+1","Defend_G","Defend_G","Defend_G","Defend_G","Survivor","Neutralize+1","Acrobatics","PiercingWail","Escape Plan+1","Quick Slash","Dodge and Roll","Heel Hook","Bouncing Flask","Blur","Crippling Poison","Envenom","Bane","Footwork+1","Deadly Poison","Wraith Form v2+1","Backflip","Leg Sweep"],"relics":["Ring of the Serpent","Kunai","Matryoshka","Ancient Tea Set","Question Card"],"potions_floor_usage":[14,14,16,24],"damage_taken":[{"damage":0,"enemies":"Jaw Worm","floor":1,"turns":4},{"damage":2,"enemies":"Cultist","floor":2,"turns":4},{"damage":3,"enemies":"2 Louse","floor":5,"turns":4},{"damage":36,"enemies":"3 Sentries","floor":7,"turns":14},{"damage":1,"enemies":"Red Slaver","floor":12,"turns":3},{"damage":35,"enemies":"Lagavulin","floor":14,"turns":7},{"damage":10,"enemies":"The Guardian","floor":16,"turns":11},{"damage":12,"enemies":"3 Byrds","floor":18,"turns":6},{"damage":11,"enemies":"Chosen","floor":19,"turns":6},{"damage":23,"enemies":"Centurion and Healer","floor":20,"turns":12},{"damage":34,"enemies":"Slavers","floor":24,"turns":7}],"seed_played":"9114624136614316038","potions_obtained":[{"floor":5,"key":"GamblersBrew"},{"floor":7,"key":"PowerPotion"},{"floor":11,"key":"Ancient Potion"},{"floor":12,"key":"FearPotion"},{"floor":16,"key":"GhostInAJar"},{"floor":20,"key":"Ancient Potion"}],"is_trial":false,"path_per_floor":["M","M","?","$","M","R","E","?","T","$","?","M","R","E","R","B",null,"M","M","M","?","$","R","E"],"character_chosen":"THE_SILENT","items_purchased":["Escape Plan","Quick Slash","Bouncing Flask","Wraith Form v2","Backflip","Leg Sweep"],"campfire_rested":2,"item_purchase_floors":[4,4,10,22,22,22],"current_hp_per_floor":[77,75,60,60,57,57,21,21,21,21,21,20,43,8,31,21,77,65,54,31,31,31,31,0],"gold":7,"neow_bonus":"TEN_PERCENT_HP_BONUS","is_prod":false,"is_daily":false,"chose_seed":false,"campfire_upgraded":2,"win_rate":0.0,"timestamp":1563723629,"path_taken":["M","M","?","$","M","R","E","?","T","$","?","M","R","E","R","BOSS","M","?","M","?","$","R","E"],"build_version":"2019-07-17","purchased_purges":1,"victory":false,"max_hp_per_floor":[77,77,77,77,77,77,77,77,77,77,77,77,77,77,77,77,77,77,77,77,77,77,77,77],"card_choices":[{"not_picked":["PiercingWail","Prepared"],"picked":"Acrobatics","floor":1},{"not_picked":["Prepared","Deflect"],"picked":"PiercingWail","floor":2},{"not_picked":["Deflect","Outmaneuver"],"picked":"Dodge and Roll","floor":5},{"not_picked":["Masterful Stab","Flying Knee"],"picked":"Heel Hook","floor":7},{"not_picked":["Dodge and Roll","Phantasmal Killer"],"picked":"Blur","floor":12},{"not_picked":["Flying Knee","Bouncing Flask"],"picked":"Crippling Poison","floor":14},{"not_picked":["Adrenaline","Venomology"],"picked":"Envenom","floor":16},{"not_picked":["All Out Attack","Dagger Spray"],"picked":"Bane","floor":18},{"not_picked":["Poisoned Stab+1","Escape Plan"],"picked":"Footwork+1","floor":19},{"not_picked":["Dodge and Roll","Bane"],"picked":"Deadly Poison","floor":20}],"player_experience":44733,"relics_obtained":[{"floor":7,"key":"Kunai"},{"floor":9,"key":"Matryoshka"},{"floor":14,"key":"Ancient Tea Set"}],"event_choices":[{"damage_healed":0,"gold_gain":0,"player_choice":"Entered Light","damage_taken":15,"max_hp_gain":0,"max_hp_loss":0,"event_name":"Shining Light","floor":3,"gold_loss":0,"cards_upgraded":["Defend_G","Neutralize"]},{"damage_healed":0,"gold_gain":175,"player_choice":"AGREE","damage_taken":0,"max_hp_gain":0,"max_hp_loss":0,"event_name":"Liars Game","floor":8,"gold_loss":0,"cards_obtained":["Doubt"]},{"damage_healed":0,"gold_gain":0,"player_choice":"Bought 1 Potion","damage_taken":0,"max_hp_gain":0,"max_hp_loss":0,"event_name":"The Woman in Blue","floor":11,"gold_loss":0},{"damage_healed":0,"gold_gain":0,"player_choice":"Gave Potion","damage_taken":0,"relics_obtained":["Question Card"],"max_hp_gain":0,"max_hp_loss":0,"event_name":"WeMeetAgain","floor":21,"gold_loss":0}],"is_beta":false,"boss_relics":[{"not_picked":["Busted Crown","White Beast Statue"],"picked":"Ring of the Serpent"}],"items_purged_floors":[10],"is_endless":false,"potions_floor_spawned":[5,7,12,16,20],"killed_by":"Slavers","ascension_level":0}