{"gold_per_floor":[11,11,11,25,100,100,100,100,127,127,137,168,16,16,16,112,112,132,143,23,23,23,38,38,58,82,82,82,112,112,112,112,215,215,229,249,92,92,92,124,124,124,147,147,147,167,16,16,16,16,16,16,16,45,45],"floor_reached":55,"playtime":3468,"items_purged":["Strike_R","Parasite"],"score":836,"play_id":"9af5abe0-8d4a-41f7-ad35-e459cee6e57a","local_time":"20181126111930","is_ascension_mode":true,"campfire_choices":[{"data":"Bash","floor":6,"key":"SMITH"},{"data":"Offering","floor":8,"key":"SMITH"},{"data":"Battle Trance","floor":10,"key":"SMITH"},{"data":"Double Tap","floor":15,"key":"SMITH"},{"floor":28,"key":"REST"},{"floor":30,"key":"REST"},{"floor":32,"key":"RECALL"},{"floor":41,"key":"REST"},{"floor":45,"key":"REST"},{"floor":49,"key":"REST"},{"floor":52,"key":"REST"}],"neow_cost":"NO_GOLD","seed_source_timestamp":1079984653696865,"circlet_count":0,"master_deck":["Strike_R+1","Strike_R+1","Defend_R+1","Defend_R+1","Defend_R+1","Defend_R+1","Bash+1","Battle Trance+1","Thunderclap","Offering+1","Rampage","Double Tap+1","Exhume","Entrench","Metallicize+1","Shrug It Off","True Grit+1","Necronomicurse","Iron Wave+1","Barricade","Body Slam+1","Evolve+1","Secret Technique","Evolve+1"],"relics":["Burning Blood","Torii","Bronze Scales","Centennial Puzzle","Bag of Marbles","Vajra","Fusion Hammer","FaceOfCleric","Lantern","Necronomicon","PreservedInsect","Philosopher\u0027s Stone","Ancient Tea Set","Ginger","Regal Pillow"],"potions_floor_usage":[12,12,21,23,29,29,44,50,55,55],"damage_taken":[{"damage":1,"enemies":"2 Louse","floor":1,"turns":3},{"damage":0,"enemies":"Small Slimes","floor":4,"turns":4},{"damage":1,"enemies":"Cultist","floor":11,"turns":3},{"damage":6,"enemies":"Gremlin Nob","floor":12,"turns":2},{"damage":30,"enemies":"The Guardian","floor":16,"turns":7},{"damage":12,"enemies":"2 Thieves","floor":18,"turns":2},{"damage":6,"enemies":"3 Byrds","floor":19,"turns":2},{"damage":13,"enemies":"Sentry and Sphere","floor":23,"turns":4},{"damage":6,"enemies":"Shelled Parasite and Fungi","floor":25,"turns":4},{"damage":34,"enemies":"Gremlin Leader","floor":29,"turns":4},{"damage":35,"enemies":"Champ","floor":33,"turns":12},{"damage":6,"enemies":"Orb Walker","floor":35,"turns":2},{"damage":10,"enemies":"3 Darklings","floor":36,"turns":4},{"damage":6,"enemies":"Reptomancer","floor":40,"turns":5},{"damage":0,"enemies":"Writhing Mass","floor":44,"turns":2},{"damage":16,"enemies":"4 Shapes","floor":46,"turns":6},{"damage":30,"enemies":"Donu and Deca","floor":50,"turns":10},{"damage":71,"enemies":"Shield and Spear","floor":54,"turns":5},{"damage":49,"enemies":"The Heart","floor":55,"turns":2}],"seed_played":"-3337251692541517297","potions_obtained":[{"floor":4,"key":"Energy Potion"},{"floor":11,"key":"Swift Potion"},{"floor":19,"key":"Explosive Potion"},{"floor":21,"key":"SkillPotion"},{"floor":21,"key":"Fruit Juice"},{"floor":21,"key":"SmokeBomb"},{"floor":23,"key":"SkillPotion"},{"floor":33,"key":"Fruit Juice"},{"floor":36,"key":"LiquidBronze"}],"is_trial":false,"path_per_floor":["M","?","?","M","?","R","?","R","T","R","M","E","$","?","R","B",null,"M","M","$","?","$","M","?","M","T","?","R","E","R","?","R","B",null,"M","M","$","?","?","E","R","$","T","M","R","M","$","?","R","B",null,"R","$","E","B"],"character_chosen":"IRONCLAD","items_purchased":["Bag of Marbles","Shrug It Off","Ancient Tea Set","SteroidPotion"],"campfire_rested":6,"item_purchase_floors":[13,20,37,47],"current_hp_per_floor":[80,64,64,70,59,59,59,59,59,59,64,64,64,61,61,37,80,74,74,74,79,79,72,72,73,73,57,82,55,81,81,81,53,88,89,86,86,86,85,86,86,86,86,87,87,78,78,78,85,67,91,91,91,27,0],"gold":45,"neow_bonus":"ONE_RARE_RELIC","is_prod":false,"is_daily":false,"chose_seed":false,"campfire_upgraded":4,"win_rate":0,"timestamp":1543249170,"path_taken":["M","?","?","M","?","R","?","R","T","R","M","E","$","?","R","BOSS","M","M","$","?","$","?","?","?","T","?","R","E","R","?","R","BOSS","M","M","$","?","?","E","R","?","T","?","R","M","$","?","R","BOSS","R","$","E","BOSS"],"build_version":"2018-11-15","purchased_purges":2,"victory":false,"max_hp_per_floor":[80,80,80,80,80,80,80,80,80,80,80,80,80,80,80,80,80,80,80,80,85,85,85,85,86,86,86,86,87,87,87,87,88,88,89,90,90,90,85,86,86,86,86,87,87,88,85,85,85,91,91,91,91,92,92],"card_choices":[{"not_picked":["Cleave","Thunderclap"],"picked":"Battle Trance","floor":1},{"not_picked":["Feel No Pain","Body Slam"],"picked":"Thunderclap","floor":4},{"not_picked":["Hemokinesis","True Grit"],"picked":"Rampage","floor":11},{"not_picked":["Body Slam","Headbutt"],"picked":"Double Tap","floor":12},{"not_picked":["Dark Embrace","Berserk"],"picked":"Exhume","floor":16},{"not_picked":["Sentinel","Infernal Blade"],"picked":"Entrench","floor":18},{"not_picked":["Armaments","Shrug It Off"],"picked":"Metallicize+1","floor":19},{"not_picked":["Sever Soul","Carnage"],"picked":"True Grit+1","floor":23},{"not_picked":["Burning Pact","Dual Wield","Flex"],"picked":"SKIP","floor":25},{"not_picked":["Seeing Red","Clash"],"picked":"Iron Wave+1","floor":29},{"not_picked":["Fiend Fire","Juggernaut"],"picked":"Barricade","floor":33},{"not_picked":["True Grit","Cleave"],"picked":"Body Slam+1","floor":35},{"not_picked":["True Grit","Blood for Blood+1"],"picked":"Evolve+1","floor":36},{"not_picked":["Chrysalis","Trip"],"picked":"Secret Technique","floor":38},{"not_picked":["Dual Wield","Pummel"],"picked":"Evolve+1","floor":40},{"not_picked":["Thunderclap","True Grit","Flex+1"],"picked":"SKIP","floor":46},{"not_picked":["Cleave+1","Feel No Pain","Wild Strike"],"picked":"SKIP","floor":54}],"player_experience":2508415,"relics_obtained":[{"floor":9,"key":"Bronze Scales"},{"floor":12,"key":"Centennial Puzzle"},{"floor":26,"key":"Lantern"},{"floor":27,"key":"Necronomicon"},{"floor":29,"key":"PreservedInsect"},{"floor":40,"key":"Ginger"},{"floor":54,"key":"Regal Pillow"}],"event_choices":[{"damage_healed":0,"gold_gain":0,"player_choice":"Entered Light","damage_taken":16,"max_hp_gain":0,"max_hp_loss":0,"event_name":"Shining Light","floor":2,"gold_loss":0,"cards_upgraded":["Strike_R","Strike_R"]},{"damage_healed":0,"gold_gain":0,"player_choice":"Leave","damage_taken":0,"max_hp_gain":0,"max_hp_loss":0,"event_name":"The Cleric","floor":3,"gold_loss":0},{"damage_healed":0,"gold_gain":75,"player_choice":"Gather Gold","damage_taken":11,"max_hp_gain":0,"max_hp_loss":0,"event_name":"World of Goop","floor":5,"gold_loss":0},{"damage_healed":0,"gold_gain":0,"cards_transformed":["Strike_R"],"player_choice":"Change","damage_taken":0,"max_hp_gain":0,"max_hp_loss":0,"event_name":"Living Wall","floor":7,"gold_loss":0,"cards_obtained":["Offering"]},{"damage_healed":0,"gold_gain":0,"player_choice":"Success","damage_taken":3,"relics_obtained":["Vajra"],"max_hp_gain":0,"max_hp_loss":0,"event_name":"Scrap Ooze","floor":14,"gold_loss":0},{"damage_healed":0,"gold_gain":0,"player_choice":"Got Potions","damage_taken":0,"max_hp_gain":0,"max_hp_loss":0,"event_name":"Lab","floor":21,"gold_loss":0},{"damage_healed":0,"gold_gain":0,"player_choice":"Trade","damage_taken":0,"relics_obtained":["FaceOfCleric"],"max_hp_gain":0,"max_hp_loss":0,"event_name":"FaceTrader","floor":24,"gold_loss":0},{"damage_healed":0,"gold_gain":0,"player_choice":"Obtained Book","damage_taken":16,"max_hp_gain":0,"max_hp_loss":0,"event_name":"Cursed Tome","floor":27,"gold_loss":0},{"damage_healed":0,"gold_gain":0,"player_choice":"Simplicity","damage_taken":0,"max_hp_gain":0,"max_hp_loss":0,"event_name":"Back to Basics","floor":31,"gold_loss":0,"cards_upgraded":["Strike_R","Defend_R","Defend_R","Defend_R","Defend_R"]},{"damage_healed":0,"gold_gain":0,"player_choice":"Memory 1","damage_taken":0,"max_hp_gain":0,"max_hp_loss":0,"event_name":"SensoryStone","floor":38,"gold_loss":0},{"damage_healed":0,"gold_gain":0,"player_choice":"Max HP","damage_taken":0,"max_hp_gain":0,"max_hp_loss":5,"event_name":"Winding Halls","floor":39,"gold_loss":0},{"cards_removed":["Strike_R"],"damage_healed":0,"gold_gain":0,"player_choice":"Offered Basic","damage_taken":0,"max_hp_gain":0,"max_hp_loss":0,"event_name":"Bonfire Elementals","floor":48,"gold_loss":0}],"is_beta":false,"boss_relics":[{"not_picked":["Runic Dome","Calling Bell"],"picked":"Fusion Hammer"},{"not_picked":["Velvet Choker","Tiny House"],"picked":"Philosopher\u0027s Stone"}],"items_purged_floors":[20,47],"is_endless":false,"potions_floor_spawned":[4,11,19,23,33,36,44],"killed_by":"The Heart","ascension_level":2}