{"gold_per_floor":[110,121,196,33,33,33,63,96,96,23,23,87,120,130,130,230,230,250,266,226,238,308,308,283,294,294,294,325,343,4,24,24,123,123,142,157,207,268,318,318,318],"floor_reached":41,"playtime":2511,"items_purged":["Strike_B"],"score":681,"play_id":"a2eb41ff-8f0a-4d25-93d5-cb18444d27f4","local_time":"20190129225948","is_ascension_mode":true,"campfire_choices":[{"floor":6,"key":"REST"},{"floor":15,"key":"REST"},{"data":"Buffer","floor":23,"key":"SMITH"},{"data":"Defragment","floor":27,"key":"SMITH"},{"floor":32,"key":"REST"},{"data":"Rainbow","floor":40,"key":"SMITH"}],"neow_cost":"PERCENT_DAMAGE","seed_source_timestamp":3394089405766,"circlet_count":0,"master_deck":["AscendersBane","Strike_B+1","Defend_B","Defend_B","Defend_B","Zap","Dualcast+1","Leap+1","Capacitor","Storm","Go for the Eyes","Glacier","Buffer+1","Defragment+1","Leap","Cold Snap","Streamline","Echo Form","Rip and Tear+1","Darkness","Amplify","Turbo+1","Buffer+1","Rainbow+1","Ball Lightning+1","Stack+1","Conserve Battery+1"],"relics":["Cracked Core","Mango","Odd Mushroom","Girya","Bird Faced Urn","SsserpentHead","DataDisk","Nuclear Battery","Frozen Egg 2","Pantograph","Potion Belt","Cauldron","Philosopher\u0027s Stone"],"potions_floor_usage":[7,18,25,29,31,31,31,33,33,35,38],"damage_taken":[{"damage":0,"enemies":"Small Slimes","floor":1,"turns":3},{"damage":8,"enemies":"Jaw Worm","floor":2,"turns":4},{"damage":7,"enemies":"The Mushroom Lair","floor":7,"turns":5},{"damage":5,"enemies":"Lagavulin","floor":8,"turns":10},{"damage":0,"enemies":"Cultist","floor":12,"turns":4},{"damage":38,"enemies":"Gremlin Nob","floor":13,"turns":7},{"damage":2,"enemies":"Looter","floor":14,"turns":4},{"damage":23,"enemies":"Hexaghost","floor":16,"turns":12},{"damage":15,"enemies":"3 Byrds","floor":18,"turns":7},{"damage":0,"enemies":"Shell Parasite","floor":19,"turns":8},{"damage":1,"enemies":"Snecko","floor":21,"turns":5},{"damage":22,"enemies":"3 Cultists","floor":22,"turns":5},{"damage":14,"enemies":"Snake Plant","floor":25,"turns":6},{"damage":99,"enemies":"Gremlin Leader","floor":28,"turns":10},{"damage":5,"enemies":"Sentry and Sphere","floor":29,"turns":5},{"damage":0,"enemies":"Centurion and Healer","floor":31,"turns":5},{"damage":31,"enemies":"Automaton","floor":33,"turns":13},{"damage":34,"enemies":"3 Darklings","floor":35,"turns":6},{"damage":0,"enemies":"3 Shapes","floor":36,"turns":4},{"damage":24,"enemies":"3 Darklings","floor":38,"turns":5},{"damage":69,"enemies":"Reptomancer","floor":41,"turns":2}],"seed_played":"-6614372876965325182","potions_obtained":[{"floor":2,"key":"Weak Potion"},{"floor":13,"key":"Energy Potion"},{"floor":14,"key":"Dexterity Potion"},{"floor":16,"key":"Fire Potion"},{"floor":21,"key":"Regen Potion"},{"floor":29,"key":"Block Potion"},{"floor":30,"key":"LiquidBronze"},{"floor":30,"key":"Energy Potion"},{"floor":30,"key":"AttackPotion"},{"floor":31,"key":"Energy Potion"},{"floor":33,"key":"SkillPotion"},{"floor":36,"key":"EssenceOfSteel"}],"is_trial":false,"path_per_floor":["M","M","?","$","?","R","?","E","T","$","?","M","E","M","R","B",null,"M","M","?","M","M","R","?","M","T","R","E","M","$","M","R","B",null,"M","M","?","M","?","R","E"],"character_chosen":"DEFECT","items_purchased":["Storm","Go for the Eyes","Defragment","Potion Belt","Cauldron"],"campfire_rested":3,"item_purchase_floors":[4,4,10,30,30],"current_hp_per_floor":[64,56,45,45,27,53,46,41,41,41,41,47,17,23,49,34,75,76,86,86,89,71,71,71,86,86,86,1,4,4,20,46,52,80,56,66,66,58,58,58,0],"gold":318,"neow_bonus":"ONE_RARE_RELIC","is_prod":false,"is_daily":false,"chose_seed":false,"campfire_upgraded":3,"win_rate":0,"timestamp":1548820788,"path_taken":["M","M","?","$","?","R","?","E","T","?","?","?","E","M","R","BOSS","M","M","?","M","?","R","?","M","T","R","E","M","$","M","R","BOSS","M","M","?","?","?","R","E"],"build_version":"2019-01-23","purchased_purges":1,"victory":false,"max_hp_per_floor":[89,89,89,89,89,89,89,89,89,89,89,89,89,89,89,89,89,89,89,89,89,89,89,89,89,89,89,89,89,89,89,89,89,89,89,89,89,89,85,85,85],"card_choices":[{"not_picked":["Steam","Compile Driver"],"picked":"Leap","floor":1},{"not_picked":["FTL","Stack"],"picked":"Capacitor","floor":2},{"not_picked":["Streamline","Turbo"],"picked":"Glacier","floor":7},{"not_picked":["Darkness","Conserve Battery"],"picked":"Buffer","floor":8},{"not_picked":["Auto Shields","Coolheaded"],"picked":"Leap","floor":12},{"not_picked":["Turbo","Sweeping Beam"],"picked":"Cold Snap","floor":13},{"not_picked":["Cold Snap","Coolheaded"],"picked":"Streamline","floor":14},{"not_picked":["Rainbow","Reboot"],"picked":"Echo Form","floor":16},{"not_picked":["Compile Driver","Cold Snap","Redo"],"picked":"SKIP","floor":18},{"not_picked":["Conserve Battery","Steam"],"picked":"Rip and Tear+1","floor":19},{"not_picked":["Genetic Algorithm+1","Barrage"],"picked":"Darkness","floor":21},{"not_picked":["Ball Lightning","Steam Power","Steam+1"],"picked":"SKIP","floor":22},{"not_picked":["Steam Power","Go for the Eyes+1","Auto Shields"],"picked":"SKIP","floor":25},{"not_picked":["Cold Snap+1","Steam"],"picked":"Amplify","floor":28},{"not_picked":["Hologram","Compile Driver+1"],"picked":"Turbo+1","floor":29},{"not_picked":["Double Energy+1","Steam"],"picked":"Buffer+1","floor":31},{"not_picked":["Fission","Core Surge"],"picked":"Rainbow","floor":33},{"not_picked":["Turbo","Go for the Eyes+1"],"picked":"Ball Lightning+1","floor":35},{"not_picked":["Ball Lightning","Darkness+1"],"picked":"Stack+1","floor":36},{"not_picked":["Heatsinks+1","Ball Lightning+1"],"picked":"Conserve Battery+1","floor":38}],"player_experience":2994992,"relics_obtained":[{"floor":7,"key":"Odd Mushroom"},{"floor":8,"key":"Girya"},{"floor":9,"key":"Bird Faced Urn"},{"floor":13,"key":"DataDisk"},{"floor":26,"key":"Frozen Egg 2"},{"floor":28,"key":"Pantograph"}],"event_choices":[{"damage_healed":0,"gold_gain":75,"player_choice":"Gather Gold","damage_taken":11,"max_hp_gain":0,"max_hp_loss":0,"event_name":"World of Goop","floor":3,"gold_loss":0},{"damage_healed":0,"gold_gain":0,"player_choice":"Entered Light","damage_taken":18,"max_hp_gain":0,"max_hp_loss":0,"event_name":"Shining Light","floor":5,"gold_loss":0,"cards_upgraded":["Dualcast","Leap"]},{"damage_healed":0,"gold_gain":0,"player_choice":"Fought Mushrooms","damage_taken":0,"max_hp_gain":0,"max_hp_loss":0,"event_name":"Mushrooms","floor":7,"gold_loss":0},{"damage_healed":0,"gold_gain":0,"player_choice":"Trade","damage_taken":0,"relics_obtained":["SsserpentHead"],"max_hp_gain":0,"max_hp_loss":0,"event_name":"FaceTrader","floor":11,"gold_loss":0},{"cards_removed":["Strike_B"],"damage_healed":0,"gold_gain":0,"player_choice":"Upgrade and Remove","damage_taken":0,"max_hp_gain":0,"max_hp_loss":0,"event_name":"Designer","floor":20,"gold_loss":90,"cards_upgraded":["Strike_B"]},{"cards_removed":["Strike_B"],"damage_healed":0,"gold_gain":0,"player_choice":"Gave Gold","damage_taken":0,"max_hp_gain":0,"max_hp_loss":0,"event_name":"Beggar","floor":24,"gold_loss":75},{"cards_removed":["Defend_B"],"damage_healed":0,"gold_gain":0,"player_choice":"Purged","damage_taken":0,"max_hp_gain":0,"max_hp_loss":0,"event_name":"Purifier","floor":37,"gold_loss":0},{"damage_healed":0,"gold_gain":0,"player_choice":"Max HP","damage_taken":0,"max_hp_gain":0,"max_hp_loss":4,"event_name":"Winding Halls","floor":39,"gold_loss":0}],"is_beta":false,"boss_relics":[{"not_picked":["Lizard Tail","Ectoplasm"],"picked":"Nuclear Battery"},{"not_picked":["Pandora\u0027s Box","White Beast Statue"],"picked":"Philosopher\u0027s Stone"}],"items_purged_floors":[4],"is_endless":false,"potions_floor_spawned":[2,13,14,16,21,29,31,33,36],"killed_by":"Reptomancer","ascension_level":11}