{"gold_per_floor":[115,126,201,213,228,228,254,219,219,21,39,64,79,89,89,192,192,205,205,205,205,205,205],"floor_reached":23,"playtime":1098,"items_purged":[],"score":261,"play_id":"358c8b18-afd5-4a7c-ba0c-0c420cf3692b","local_time":"20190719212515","is_ascension_mode":true,"campfire_choices":[{"data":"Flame Barrier","floor":6,"key":"SMITH"},{"data":"Flame Barrier","floor":15,"key":"SMITH"}],"neow_cost":"NONE","seed_source_timestamp":10641066753036,"circlet_count":0,"master_deck":["Strike_R","Strike_R","Strike_R","Strike_R","Strike_R","Defend_R","Defend_R","Defend_R","Defend_R","Bash","Iron Wave","Perfected Strike","Perfected Strike","Flame Barrier+1","Armaments","Shrug It Off","Shrug It Off","Sentinel","Shrug It Off","Flame Barrier+1","Exhume","Entrench","Blood for Blood","Regret","Armaments"],"relics":["Burning Blood","Pantograph","Letter Opener","Art of War","Bag of Preparation","Mark of Pain"],"potions_floor_usage":[7,12,16,16,23],"damage_taken":[{"damage":1,"enemies":"Cultist","floor":1,"turns":3},{"damage":4,"enemies":"Jaw Worm","floor":2,"turns":4},{"damage":6,"enemies":"2 Louse","floor":4,"turns":2},{"damage":3,"enemies":"Blue Slaver","floor":5,"turns":5},{"damage":23,"enemies":"Lagavulin","floor":7,"turns":7},{"damage":2,"enemies":"2 Fungi Beasts","floor":11,"turns":3},{"damage":24,"enemies":"Gremlin Nob","floor":12,"turns":4},{"damage":1,"enemies":"3 Louse","floor":13,"turns":4},{"damage":0,"enemies":"Red Slaver","floor":14,"turns":6},{"damage":27,"enemies":"Hexaghost","floor":16,"turns":10},{"damage":0,"enemies":"3 Byrds","floor":18,"turns":6},{"damage":65,"enemies":"Book of Stabbing","floor":23,"turns":7}],"seed_played":"5890290714153254617","potions_obtained":[{"floor":4,"key":"Weak Potion"},{"floor":7,"key":"PowerPotion"},{"floor":12,"key":"PowerPotion"},{"floor":13,"key":"PowerPotion"},{"floor":14,"key":"EssenceOfSteel"}],"is_trial":false,"path_per_floor":["M","M","?","M","M","R","E","?","T","$","M","E","M","M","R","B",null,"M","?","?","?","?","E"],"character_chosen":"IRONCLAD","items_purchased":["Art of War","Shrug It Off"],"campfire_rested":0,"item_purchase_floors":[10,10],"current_hp_per_floor":[77,79,68,68,71,71,54,74,74,74,78,60,65,71,71,59,75,80,65,65,65,65,0],"gold":205,"neow_bonus":"THREE_CARDS","is_prod":false,"is_daily":false,"chose_seed":false,"campfire_upgraded":2,"win_rate":0,"timestamp":1563564315,"path_taken":["M","M","?","M","M","R","E","?","T","$","M","E","M","M","R","BOSS","M","?","?","?","?","E"],"build_version":"2019-07-17","purchased_purges":0,"victory":false,"max_hp_per_floor":[80,80,80,80,80,80,80,80,80,80,80,80,80,80,80,80,80,80,85,85,85,85,85],"card_choices":[{"not_picked":["Headbutt","Sword Boomerang"],"picked":"Iron Wave","floor":0},{"not_picked":["Burning Pact","Entrench"],"picked":"Perfected Strike","floor":1},{"not_picked":["Iron Wave","Warcry"],"picked":"Perfected Strike","floor":2},{"not_picked":["Spot Weakness","Second Wind"],"picked":"Flame Barrier","floor":4},{"not_picked":["Flex","Anger"],"picked":"Armaments","floor":5},{"not_picked":["Headbutt","Pommel Strike"],"picked":"Shrug It Off","floor":7},{"not_picked":["Carnage","Sever Soul","Berserk"],"picked":"SKIP","floor":11},{"not_picked":["Combust","Sword Boomerang"],"picked":"Sentinel","floor":12},{"not_picked":["Perfected Strike","Clothesline"],"picked":"Shrug It Off","floor":13},{"not_picked":["Heavy Blade","Sword Boomerang"],"picked":"Flame Barrier","floor":14},{"not_picked":["Berserk","Immolate"],"picked":"Exhume","floor":16},{"not_picked":["Warcry","Twin Strike","Wild Strike"],"picked":"SKIP","floor":18}],"player_experience":162788,"relics_obtained":[{"floor":7,"key":"Pantograph"},{"floor":9,"key":"Letter Opener"},{"floor":12,"key":"Bag of Preparation"}],"event_choices":[{"damage_healed":0,"gold_gain":75,"player_choice":"Gather Gold","damage_taken":11,"max_hp_gain":0,"max_hp_loss":0,"event_name":"World of Goop","floor":3,"gold_loss":0},{"damage_healed":20,"gold_gain":0,"player_choice":"Healed","damage_taken":0,"max_hp_gain":0,"max_hp_loss":0,"event_name":"The Cleric","floor":8,"gold_loss":35},{"damage_healed":0,"gold_gain":0,"player_choice":"Shed Blood","damage_taken":20,"max_hp_gain":5,"max_hp_loss":0,"event_name":"Forgotten Altar","floor":19,"gold_loss":0},{"damage_healed":0,"gold_gain":0,"player_choice":"Read","damage_taken":0,"max_hp_gain":0,"max_hp_loss":0,"event_name":"The Library","floor":20,"gold_loss":0,"cards_obtained":["Entrench"]},{"damage_healed":0,"gold_gain":0,"player_choice":"Ignored","damage_taken":0,"max_hp_gain":0,"max_hp_loss":0,"event_name":"Ghosts","floor":21,"gold_loss":0},{"damage_healed":0,"gold_gain":0,"player_choice":"3 cards matched","damage_taken":0,"max_hp_gain":0,"max_hp_loss":0,"event_name":"Match and Keep!","floor":22,"gold_loss":0,"cards_obtained":["Blood for Blood","Regret","Armaments"]}],"is_beta":false,"boss_relics":[{"not_picked":["White Beast Statue","Runic Pyramid"],"picked":"Mark of Pain"}],"items_purged_floors":[],"is_endless":false,"potions_floor_spawned":[4,7,12,13,14],"killed_by":"Book of Stabbing","ascension_level":6}