{"gold_per_floor":[117,17,17,37,54,54,89,89,89,89],"floor_reached":10,"playtime":270,"items_purged":["Strike_G"],"score":132,"play_id":"0bacfdf4-3482-400d-9e0c-1759eebf41bf","local_time":"20181206000228","is_ascension_mode":true,"campfire_choices":[{"data":"Neutralize","floor":6,"key":"SMITH"}],"neow_cost":"NONE","seed_source_timestamp":1907002792571726,"circlet_count":0,"master_deck":["AscendersBane","Defend_G","Defend_G","Defend_G","Defend_G","Defend_G","Strike_G","Strike_G","Strike_G","Survivor","Neutralize+1","Sucker Punch","Sucker Punch","Poisoned Stab","Deadly Poison","Malaise"],"relics":["Ring of the Snake","NeowsBlessing","Molten Egg 2","Shuriken"],"potions_floor_usage":[7],"damage_taken":[{"damage":0,"enemies":"Cultist","floor":1,"turns":1},{"damage":0,"enemies":"2 Louse","floor":4,"turns":2},{"damage":0,"enemies":"Small Slimes","floor":5,"turns":1},{"damage":55,"enemies":"3 Sentries","floor":7,"turns":12},{"damage":5,"enemies":"Gremlin Gang","floor":10,"turns":1}],"seed_played":"-3842002133764564281","potions_obtained":[{"floor":5,"key":"FearPotion"}],"is_trial":false,"path_per_floor":["M","$","?","M","M","R","E","?","T","M"],"character_chosen":"THE_SILENT","items_purchased":["Sucker Punch"],"campfire_rested":0,"item_purchase_floors":[2],"current_hp_per_floor":[59,59,59,59,59,59,4,4,4,0],"gold":89,"neow_bonus":"THREE_ENEMY_KILL","is_prod":false,"is_daily":false,"chose_seed":false,"campfire_upgraded":1,"win_rate":0,"timestamp":1544072548,"path_taken":["M","$","?","?","?","R","E","?","T","M"],"build_version":"2018-11-15","purchased_purges":1,"victory":false,"max_hp_per_floor":[66,66,66,66,66,66,66,66,66,66],"card_choices":[{"not_picked":["Riddle With Holes","Eviscerate"],"picked":"Sucker Punch","floor":1},{"not_picked":["Dagger Throw","PiercingWail"],"picked":"Poisoned Stab","floor":4},{"not_picked":["Setup","Outmaneuver"],"picked":"Deadly Poison","floor":5},{"not_picked":["PiercingWail","Blade Dance"],"picked":"Malaise","floor":7}],"player_experience":2683757,"relics_obtained":[{"floor":7,"key":"Molten Egg 2"},{"floor":9,"key":"Shuriken"}],"event_choices":[{"cards_removed":["Strike_G"],"damage_healed":0,"gold_gain":0,"player_choice":"Offered Basic","damage_taken":0,"max_hp_gain":0,"max_hp_loss":0,"event_name":"Bonfire Elementals","floor":3,"gold_loss":0},{"damage_healed":0,"gold_gain":0,"player_choice":"Ignored","damage_taken":0,"max_hp_gain":0,"max_hp_loss":0,"event_name":"Shining Light","floor":8,"gold_loss":0}],"is_beta":false,"boss_relics":[],"items_purged_floors":[2],"is_endless":false,"potions_floor_spawned":[5],"killed_by":"Gremlin Gang","ascension_level":20}