{"path_per_floor":["M","M","?","?","$","R","M","R","T","R","M","T","?","M","R","B",null,"M","M","M","?","M","R","M","R","T","M","E","M","M","M","R","B",null,"M","$"],"character_chosen":"IRONCLAD","items_purchased":["Battle Trance","Calipers","Deep Breath"],"gold_per_floor":[116,133,133,133,51,51,67,67,67,67,87,87,87,99,99,201,201,216,233,246,161,179,179,193,193,193,211,243,263,282,292,292,397,397,414,14],"floor_reached":37,"campfire_rested":2,"playtime":5504,"current_hp_per_floor":[84,70,75,75,75,75,80,80,80,80,86,86,86,88,88,45,88,88,57,43,43,48,74,52,52,52,48,18,27,25,40,66,16,88,19,19],"items_purged":[],"gold":14,"play_id":"d660892a-f51a-43ac-bfa9-47fa8a2c2c7b","is_prod":false,"is_daily":false,"campfire_rituals":0,"campfire_upgraded":5,"is_hardmode":false,"path_taken":["M","M","?","?","$","R","?","R","T","R","M","?","?","?","R","BOSS","M","M","M","?","M","R","?","R","T","M","E","M","M","M","R","BOSS","M","$","M"],"build_version":"2018-01-11-PROD2","purchased_purges":0,"victory":false,"master_deck":["Strike_R","Strike_R","Strike_R","Defend_R","Defend_R","Bash","Iron Wave","Battle Trance","Rage","Berserk","Dark Embrace","Second Wind","Disarm","Metallicize","Perfected Strike","Shrug It Off","Flame Barrier","Bludgeon","Armaments","Iron Wave","Perfected Strike","Rampage","Deep Breath"],"max_hp_per_floor":[88,88,88,88,88,88,88,88,88,88,88,88,88,88,88,88,88,88,88,88,88,88,88,88,88,88,88,88,88,88,88,88,88,88,88,88],"relics":["Burning Blood","Ginger","Magic Flower","Astrolabe","Letter Opener","Ice Cream","Toolbox","Black Star","Calipers"],"campfire_meditates":0,"card_choices":[{"not_picked":["Body Slam","Twin Strike"],"picked":"Iron Wave"},{"not_picked":["Rupture","Clash"],"picked":"Rage"},{"not_picked":["Brutality","Dark Embrace"],"picked":"Berserk"},{"not_picked":["Pummel","Seeing Red"],"picked":"Metallicize"},{"not_picked":["Cleave","Flame Barrier"],"picked":"Perfected Strike"},{"not_picked":["Body Slam","Uppercut"],"picked":"Shrug It Off"},{"not_picked":["Headbutt","Uppercut"],"picked":"Flame Barrier"},{"not_picked":["Dual Wield","Flame Barrier"],"picked":"Bludgeon"},{"not_picked":["Clash","Warcry"],"picked":"Armaments"},{"not_picked":["Reckless Charge","Heavy Blade"],"picked":"Iron Wave"},{"not_picked":["Second Wind","Intimidate"],"picked":"Perfected Strike"},{"not_picked":["Twin Strike","Metallicize"],"picked":"Rampage"}],"player_experience":30842,"potions_floor_usage":[16,28,29,30,33],"damage_taken":[{"damage":10,"enemies":"Jaw Worm","floor":1,"turns":4},{"damage":20,"enemies":"Blue Slaver","floor":2,"turns":6},{"damage":1,"enemies":"Cultist","floor":7,"turns":3},{"damage":0,"enemies":"2 Fungi Beasts","floor":11,"turns":5},{"damage":4,"enemies":"Lots of Slimes","floor":14,"turns":5},{"damage":52,"enemies":"The Guardian","floor":16,"turns":13},{"damage":4,"enemies":"Chosen","floor":18,"turns":6},{"damage":40,"enemies":"Spheric Guardian","floor":19,"turns":8},{"damage":23,"enemies":"Centurion and Healer","floor":20,"turns":7},{"damage":4,"enemies":"Snecko","floor":22,"turns":7},{"damage":31,"enemies":"Snake Plant","floor":24,"turns":5},{"damage":13,"enemies":"Slaver and Parasite","floor":27,"turns":12},{"damage":39,"enemies":"Slavers","floor":28,"turns":8},{"damage":0,"enemies":"Chosen and Byrds","floor":29,"turns":5},{"damage":11,"enemies":"Centurion and Healer","floor":30,"turns":6},{"damage":0,"enemies":"Snake Plant","floor":31,"turns":5},{"damage":59,"enemies":"Champ","floor":33,"turns":17},{"damage":78,"enemies":"3 Darklings","floor":35,"turns":15},{"damage":22,"enemies":"Orb Walker","floor":37,"turns":3}],"event_choices":[{"event_name":"Bonfire Elementals","player_choice":"COMMON","floor":3,"damage_taken":0},{"event_name":"Transmorgrifier","player_choice":"Transform","floor":4,"damage_taken":0},{"event_name":"Upgrade Shrine","player_choice":"Upgraded","floor":13,"damage_taken":0},{"event_name":"Addict","player_choice":"Obtained Relic","floor":21,"damage_taken":0}],"boss_relics":[{"not_picked":["Mark of Pain","Runic Pyramid"],"picked":"Astrolabe"},{"not_picked":["Runic Dome","Runic Cube"],"picked":"Black Star"}],"potions_floor_spawned":[11,18,24,28,29,31,33,35],"seed_played":"-4151601054274454361","killed_by":"Orb Walker","is_trial":false}