{"gold_per_floor":[116,127,147,72,72,101,101,101,101,101,101,114,141,153,153,232,232,219,219,21,40,53,53],"floor_reached":23,"playtime":1101,"items_purged":[],"score":352,"play_id":"afac2581-95ef-4927-a90c-06ba8c6c2ab6","local_time":"20190420032749","is_ascension_mode":true,"campfire_choices":[{"data":"Neutralize","floor":7,"key":"SMITH"},{"data":"Dagger Spray","floor":10,"key":"SMITH"},{"floor":15,"key":"REST"}],"neow_cost":"NONE","seed_source_timestamp":807362305778170,"circlet_count":0,"master_deck":["AscendersBane","Survivor","Neutralize+1","Backflip","Dagger Throw","Dagger Spray+1","Flying Knee","All Out Attack","Dash","Leg Sweep","Adrenaline","Footwork","After Image","Eviscerate","Finisher","Calculated Gamble","Reflex","Unload","Blade Dance","After Image","Cloak And Dagger","Blade Dance","PiercingWail","Dodge and Roll"],"relics":["Ring of the Snake","NeowsBlessing","Dream Catcher","Blue Candle","Matryoshka","Pear","Pandora\u0027s Box","Vajra"],"potions_floor_usage":[6,13,13,16,16],"damage_taken":[{"damage":0,"enemies":"Cultist","floor":1,"turns":1},{"damage":0,"enemies":"2 Louse","floor":2,"turns":1},{"damage":0,"enemies":"Small Slimes","floor":3,"turns":1},{"damage":17,"enemies":"3 Sentries","floor":6,"turns":10},{"damage":2,"enemies":"Blue Slaver","floor":12,"turns":3},{"damage":7,"enemies":"Lagavulin","floor":13,"turns":7},{"damage":0,"enemies":"2 Fungi Beasts","floor":14,"turns":2},{"damage":12,"enemies":"Hexaghost","floor":16,"turns":13},{"damage":7,"enemies":"2 Thieves","floor":18,"turns":4},{"damage":29,"enemies":"Chosen","floor":21,"turns":6},{"damage":16,"enemies":"Centurion and Healer","floor":22,"turns":5},{"damage":17,"enemies":"Slavers","floor":23,"turns":4}],"seed_played":"9168485384834908798","potions_obtained":[{"floor":1,"key":"Energy Potion"},{"floor":6,"key":"EntropicBrew"},{"floor":14,"key":"Weak Potion"},{"floor":21,"key":"Fire Potion"}],"is_trial":false,"path_per_floor":["M","M","M","?","?","E","R","?","T","R","T","M","E","M","R","B",null,"M","?","$","M","M","E"],"character_chosen":"THE_SILENT","items_purchased":["Vajra","Blade Dance"],"campfire_rested":1,"item_purchase_floors":[20,20],"current_hp_per_floor":[59,59,59,59,52,35,35,35,35,35,35,33,36,36,58,46,69,62,62,62,33,17,0],"gold":53,"neow_bonus":"THREE_ENEMY_KILL","is_prod":false,"is_daily":false,"chose_seed":false,"campfire_upgraded":2,"win_rate":0,"timestamp":1555752469,"path_taken":["M","M","?","?","?","E","R","?","T","R","?","?","E","M","R","BOSS","M","?","$","M","M","E"],"build_version":"2019-04-04","purchased_purges":0,"victory":false,"max_hp_per_floor":[66,66,66,66,66,66,66,66,66,66,66,66,76,76,76,76,76,76,76,76,76,76,76],"card_choices":[{"not_picked":["Leg Sweep","Outmaneuver"],"picked":"Backflip","floor":1},{"not_picked":["Bouncing Flask","Quick Slash"],"picked":"Dagger Throw","floor":2},{"not_picked":["Deadly Poison","Outmaneuver"],"picked":"Dagger Spray","floor":3},{"not_picked":["Bane","Escape Plan"],"picked":"Flying Knee","floor":6},{"not_picked":["Dagger Throw","Terror"],"picked":"Dash","floor":12},{"not_picked":["Quick Slash","Accuracy"],"picked":"Leg Sweep","floor":13},{"not_picked":["Eviscerate","Backstab"],"picked":"Adrenaline","floor":14},{"not_picked":["Dagger Throw","PiercingWail"],"picked":"Footwork","floor":15},{"not_picked":["Tools of the Trade","Envenom"],"picked":"After Image","floor":16},{"not_picked":["Acrobatics","Underhanded Strike"],"picked":"Cloak And Dagger","floor":18},{"not_picked":["Sucker Punch","Prepared"],"picked":"PiercingWail","floor":21},{"not_picked":["Dash","Deflect"],"picked":"Dodge and Roll","floor":22}],"player_experience":885837,"relics_obtained":[{"floor":6,"key":"Dream Catcher"},{"floor":9,"key":"Blue Candle"},{"floor":11,"key":"Matryoshka"},{"floor":13,"key":"Pear"}],"event_choices":[{"cards_removed":["Strike_G"],"damage_healed":0,"gold_gain":0,"player_choice":"Card Removal","damage_taken":0,"max_hp_gain":0,"max_hp_loss":0,"event_name":"The Cleric","floor":4,"gold_loss":75},{"cards_removed":["Defend_G"],"damage_healed":0,"gold_gain":0,"player_choice":"Card Removal","damage_taken":7,"max_hp_gain":0,"max_hp_loss":0,"event_name":"Golden Wing","floor":5,"gold_loss":0},{"damage_healed":0,"gold_gain":0,"cards_transformed":["Strike_G"],"player_choice":"Change","damage_taken":0,"max_hp_gain":0,"max_hp_loss":0,"event_name":"Living Wall","floor":8,"gold_loss":0,"cards_obtained":["All Out Attack"]},{"damage_healed":0,"gold_gain":0,"player_choice":"Ignored","damage_taken":0,"max_hp_gain":0,"max_hp_loss":0,"event_name":"Vampires","floor":19,"gold_loss":0}],"is_beta":true,"boss_relics":[{"not_picked":["Fusion Hammer","Coffee Dripper"],"picked":"Pandora\u0027s Box"}],"items_purged_floors":[],"is_endless":false,"potions_floor_spawned":[1,6,14,21],"killed_by":"Slavers","ascension_level":15}