{"gold_per_floor":[115,132,145,220,220,247,247,247,247,247,422,441,474,25,25,130,130,150,249,249,262,262],"floor_reached":22,"playtime":1331,"items_purged":["Strike_R"],"score":240,"play_id":"0764bcd9-0a71-4ce7-b534-7d85ab4a1799","local_time":"20181201150531","is_ascension_mode":true,"campfire_choices":[{"data":"True Grit","floor":7,"key":"SMITH"},{"floor":10,"key":"REST"},{"floor":15,"key":"REST"}],"neow_cost":"NONE","seed_source_timestamp":1528121479983763,"circlet_count":0,"master_deck":["Strike_R","Strike_R","Strike_R","Defend_R","Defend_R+1","Defend_R","Defend_R","Bash","Iron Wave","Headbutt","Pommel Strike+1","True Grit+1","Flame Barrier","Ghostly Armor","Battle Trance","Corruption","Whirlwind","Reaper","Fiend Fire","Cleave+1"],"relics":["Burning Blood","Prayer Wheel","Bottled Lightning","Letter Opener","Black Star"],"potions_floor_usage":[13,16,16,16,18],"damage_taken":[{"damage":0,"enemies":"2 Louse","floor":1,"turns":3},{"damage":0,"enemies":"Small Slimes","floor":2,"turns":3},{"damage":7,"enemies":"Jaw Worm","floor":3,"turns":3},{"damage":33,"enemies":"3 Sentries","floor":6,"turns":10},{"damage":5,"enemies":"2 Fungi Beasts","floor":12,"turns":4},{"damage":27,"enemies":"Lagavulin","floor":13,"turns":11},{"damage":85,"enemies":"Slime Boss","floor":16,"turns":16},{"damage":59,"enemies":"Shell Parasite","floor":18,"turns":21},{"damage":12,"enemies":"Chosen","floor":21,"turns":6},{"damage":33,"enemies":"Centurion and Healer","floor":22,"turns":7}],"seed_played":"-3719099361932913921","potions_obtained":[{"floor":6,"key":"Poison Potion"},{"floor":16,"key":"SteroidPotion"},{"floor":18,"key":"Poison Potion"},{"floor":21,"key":"LiquidBronze"}],"is_trial":false,"path_per_floor":["M","M","M","?","?","E","R","?","T","R","?","M","E","$","R","B",null,"M","?","?","M","M"],"character_chosen":"IRONCLAD","items_purchased":["Corruption","Whirlwind","Regen Potion","Regen Potion","LiquidBronze"],"campfire_rested":2,"item_purchase_floors":[14,14,14,14,14],"current_hp_per_floor":[80,80,79,68,73,46,46,29,29,54,54,55,34,34,59,35,73,20,20,20,18,0],"gold":262,"neow_bonus":"TRANSFORM_CARD","is_prod":false,"is_daily":false,"chose_seed":false,"campfire_upgraded":1,"win_rate":0,"timestamp":1543694731,"path_taken":["M","M","M","?","?","E","R","?","T","R","?","?","E","$","R","BOSS","M","?","?","M","?"],"build_version":"2018-11-15","purchased_purges":1,"victory":false,"max_hp_per_floor":[80,80,80,80,85,85,85,85,85,85,85,85,85,85,85,85,85,85,85,85,85,85],"card_choices":[{"not_picked":["Iron Wave","Infernal Blade"],"picked":"Headbutt","floor":1},{"not_picked":["Iron Wave","Wild Strike"],"picked":"Pommel Strike","floor":2},{"not_picked":["Flex","Perfected Strike"],"picked":"True Grit","floor":3},{"not_picked":["Body Slam","Cleave"],"picked":"Flame Barrier","floor":6},{"not_picked":["Carnage","Sentinel"],"picked":"Ghostly Armor","floor":12},{"not_picked":["Pummel","Sentinel","Rupture"],"picked":"SKIP","floor":12},{"not_picked":["Power Through","Metallicize"],"picked":"Battle Trance","floor":13},{"not_picked":["Double Tap","Brutality"],"picked":"Reaper","floor":16},{"not_picked":["Twin Strike","Perfected Strike"],"picked":"Fiend Fire","floor":18},{"not_picked":["True Grit","Iron Wave","Flex"],"picked":"SKIP","floor":18},{"not_picked":["Pommel Strike","Combust"],"picked":"Cleave+1","floor":21},{"not_picked":["Heavy Blade","Havoc","Warcry"],"picked":"SKIP","floor":21}],"player_experience":2599905,"relics_obtained":[{"floor":6,"key":"Prayer Wheel"},{"floor":9,"key":"Bottled Lightning"},{"floor":13,"key":"Letter Opener"}],"event_choices":[{"damage_healed":0,"gold_gain":75,"player_choice":"Gather Gold","damage_taken":11,"max_hp_gain":0,"max_hp_loss":0,"event_name":"World of Goop","floor":4,"gold_loss":0},{"damage_healed":0,"gold_gain":0,"player_choice":"Donut","damage_taken":0,"max_hp_gain":5,"max_hp_loss":0,"event_name":"Big Fish","floor":5,"gold_loss":0},{"damage_healed":0,"gold_gain":0,"player_choice":"Entered Light","damage_taken":17,"max_hp_gain":0,"max_hp_loss":0,"event_name":"Shining Light","floor":8,"gold_loss":0,"cards_upgraded":["Defend_R","Pommel Strike"]},{"damage_healed":0,"gold_gain":175,"player_choice":"AGREE","damage_taken":0,"max_hp_gain":0,"max_hp_loss":0,"event_name":"Liars Game","floor":11,"gold_loss":0,"cards_obtained":["Doubt"]},{"damage_healed":0,"gold_gain":99,"player_choice":"Stole From Cult","damage_taken":0,"max_hp_gain":0,"max_hp_loss":0,"event_name":"Nest","floor":19,"gold_loss":0},{"cards_removed":["Doubt"],"damage_healed":0,"gold_gain":0,"player_choice":"Removed Curses","damage_taken":0,"max_hp_gain":0,"max_hp_loss":0,"event_name":"Fountain of Cleansing","floor":20,"gold_loss":0}],"is_beta":false,"boss_relics":[{"not_picked":["Empty Cage","Lizard Tail"],"picked":"Black Star"}],"items_purged_floors":[14],"is_endless":false,"potions_floor_spawned":[6,16,18,21],"killed_by":"Centurion and Healer","ascension_level":5}