{"gold_per_floor":[19,35,35,54,27,61,73,98,98,23,35,52,52,52,52,151,151,167,167,186,111,111,111,111,111,135,161,10,24,38,4,4,105,105,119,119,65,65,15,49,49,49,49,60,60,75,107,126,126,126,126,126,25,57,57],"floor_reached":55,"playtime":4408,"items_purged":["Strike_R","Bloodletting"],"score":1104,"play_id":"753db68d-6a25-4a3c-87a7-573e7107c7d5","local_time":"20181204223456","is_ascension_mode":true,"campfire_choices":[{"data":"Demon Form","floor":13,"key":"SMITH"},{"data":"Body Slam","floor":15,"key":"SMITH"},{"data":"True Grit","floor":23,"key":"SMITH"},{"data":"Heavy Blade","floor":25,"key":"SMITH"},{"data":"Feel No Pain","floor":32,"key":"SMITH"},{"data":"Discovery","floor":42,"key":"SMITH"},{"data":"Armaments","floor":45,"key":"SMITH"},{"floor":49,"key":"RECALL"},{"data":"Flame Barrier","floor":52,"key":"SMITH"}],"neow_cost":"NO_GOLD","seed_source_timestamp":1810752928100466,"circlet_count":0,"master_deck":["Defend_R","Defend_R","Defend_R","Bash","Demon Form+1","Shrug It Off","True Grit+1","Iron Wave","Heavy Blade+1","Flame Barrier+1","Battle Trance","Body Slam+1","Reaper","Evolve","Demon Form","Exhume","Shrug It Off","True Grit+1","Feel No Pain+1","Armaments+1","Headbutt","Dark Shackles","Discovery+1","Dramatic Entrance","Parasite","Cleave+1","Seeing Red","Clothesline+1"],"relics":["Burning Blood","Ginger","Mango","FossilizedHelix","Snecko Eye","Dodecahedron","Bronze Scales","Bird Faced Urn","Cursed Key","Pen Nib","Self Forming Clay","Orichalcum"],"potions_floor_usage":[6,8,16,18,27,30,33,50,50,54,55,55],"damage_taken":[{"damage":5,"enemies":"Small Slimes","floor":1,"turns":4},{"damage":3,"enemies":"Cultist","floor":2,"turns":4},{"damage":7,"enemies":"Jaw Worm","floor":4,"turns":3},{"damage":27,"enemies":"3 Sentries","floor":6,"turns":8},{"damage":3,"enemies":"Exordium Wildlife","floor":7,"turns":4},{"damage":11,"enemies":"Lagavulin","floor":8,"turns":7},{"damage":0,"enemies":"Blue Slaver","floor":11,"turns":6},{"damage":0,"enemies":"2 Fungi Beasts","floor":12,"turns":4},{"damage":0,"enemies":"Slime Boss","floor":16,"turns":7},{"damage":12,"enemies":"3 Byrds","floor":18,"turns":4},{"damage":24,"enemies":"Spheric Guardian","floor":20,"turns":5},{"damage":30,"enemies":"Book of Stabbing","floor":27,"turns":4},{"damage":13,"enemies":"Cultist and Chosen","floor":29,"turns":5},{"damage":0,"enemies":"Chosen and Byrds","floor":30,"turns":4},{"damage":0,"enemies":"Champ","floor":33,"turns":9},{"damage":8,"enemies":"3 Shapes","floor":35,"turns":5},{"damage":10,"enemies":"Nemesis","floor":40,"turns":9},{"damage":1,"enemies":"Orb Walker","floor":44,"turns":4},{"damage":0,"enemies":"4 Shapes","floor":46,"turns":9},{"damage":0,"enemies":"Reptomancer","floor":47,"turns":6},{"damage":10,"enemies":"Transient","floor":48,"turns":5},{"damage":40,"enemies":"Awakened One","floor":50,"turns":12},{"damage":52,"enemies":"Shield and Spear","floor":54,"turns":5},{"damage":102,"enemies":"The Heart","floor":55,"turns":5}],"seed_played":"2913283861143824674","potions_obtained":[{"floor":3,"key":"SpeedPotion"},{"floor":3,"key":"SneckoOil"},{"floor":3,"key":"Swift Potion"},{"floor":6,"key":"SneckoOil"},{"floor":7,"key":"SpeedPotion"},{"floor":11,"key":"LiquidBronze"},{"floor":12,"key":"Poison Potion"},{"floor":20,"key":"AttackPotion"},{"floor":30,"key":"Dexterity Potion"},{"floor":44,"key":"Ancient Potion"},{"floor":47,"key":"AttackPotion"}],"is_trial":false,"path_per_floor":["M","M","?","M","$","E","M","E","T","$","M","M","R","$","R","B",null,"M","?","M","?","T","R","?","R","T","E","$","M","M","$","R","B",null,"M","?","$","?","$","E","$","R","T","M","R","M","E","M","R","B",null,"R","$","E","B"],"character_chosen":"IRONCLAD","items_purchased":["Iron Wave","Shrug It Off","Feel No Pain","Headbutt","Weak Potion","Strength Potion","SteroidPotion"],"campfire_rested":0,"item_purchase_floors":[5,28,31,37,39,53,53],"current_hp_per_floor":[80,80,80,79,79,58,61,70,70,70,76,82,82,82,82,88,93,94,94,76,76,76,76,76,76,76,52,52,70,86,86,86,94,94,94,94,94,84,84,90,90,90,90,94,94,94,94,93,93,94,94,94,94,94,0],"gold":57,"neow_bonus":"TRANSFORM_TWO_CARDS","is_prod":false,"is_daily":false,"chose_seed":false,"campfire_upgraded":8,"win_rate":0,"timestamp":1543980896,"path_taken":["M","M","?","M","$","E","M","E","T","$","M","M","R","?","R","BOSS","M","?","M","?","?","R","?","R","T","E","$","M","M","?","R","BOSS","M","?","$","?","?","E","?","R","T","M","R","M","E","?","R","BOSS","R","$","E","BOSS"],"build_version":"2018-11-15","purchased_purges":2,"victory":false,"max_hp_per_floor":[80,80,80,80,80,80,80,94,94,94,94,94,94,94,94,94,94,94,94,94,94,94,94,94,94,94,94,94,94,94,94,94,94,94,94,94,94,94,94,94,94,94,94,94,94,94,94,94,94,94,94,94,94,94,94],"card_choices":[{"not_picked":["Perfected Strike","Searing Blow"],"picked":"Rage","floor":1},{"not_picked":["Feel No Pain","Warcry"],"picked":"Shrug It Off","floor":2},{"not_picked":["Sword Boomerang","Clash"],"picked":"True Grit","floor":4},{"not_picked":["Perfected Strike","Twin Strike"],"picked":"Heavy Blade","floor":6},{"not_picked":["Pommel Strike","Body Slam"],"picked":"Flame Barrier","floor":7},{"not_picked":["Clash","Fire Breathing","Heavy Blade"],"picked":"SKIP","floor":8},{"not_picked":["Flex","Havoc"],"picked":"Battle Trance","floor":11},{"not_picked":["Juggernaut","Flex"],"picked":"Body Slam","floor":12},{"not_picked":["Offering","Dark Embrace"],"picked":"Reaper","floor":16},{"not_picked":["Twin Strike+1","Thunderclap","Headbutt"],"picked":"SKIP","floor":18},{"not_picked":["Perfected Strike","Flex+1","Reckless Charge"],"picked":"SKIP","floor":20},{"not_picked":["Flex+1","Perfected Strike"],"picked":"Exhume","floor":27},{"not_picked":["Flex","Havoc","Rupture"],"picked":"SKIP","floor":29},{"not_picked":["Intimidate","Armaments"],"picked":"True Grit+1","floor":30},{"not_picked":["Seeing Red","Warcry"],"picked":"Armaments","floor":35},{"not_picked":["Deep Breath","Swift Strike"],"picked":"Dark Shackles","floor":38},{"not_picked":["Purity","Thinking Ahead"],"picked":"Discovery","floor":38},{"not_picked":["Flash of Steel","Purity"],"picked":"Dramatic Entrance","floor":38},{"not_picked":["Inflame+1","Headbutt+1","Sever Soul+1"],"picked":"SKIP","floor":40},{"not_picked":["Corruption+1","Clash+1"],"picked":"Cleave+1","floor":44},{"not_picked":["Uppercut","Warcry+1"],"picked":"Seeing Red","floor":46},{"not_picked":["Thunderclap","Sword Boomerang+1"],"picked":"Clothesline+1","floor":47},{"not_picked":["Bludgeon","Armaments","Cleave"],"picked":"SKIP","floor":48},{"not_picked":["Sword Boomerang","Armaments","Uppercut"],"picked":"SKIP","floor":54}],"player_experience":2647786,"relics_obtained":[{"floor":6,"key":"Ginger"},{"floor":8,"key":"Mango"},{"floor":9,"key":"FossilizedHelix"},{"floor":22,"key":"Dodecahedron"},{"floor":26,"key":"Bronze Scales"},{"floor":27,"key":"Bird Faced Urn"},{"floor":40,"key":"Pen Nib"},{"floor":47,"key":"Self Forming Clay"},{"floor":54,"key":"Orichalcum"}],"event_choices":[{"damage_healed":0,"gold_gain":0,"player_choice":"Got Potions","damage_taken":0,"max_hp_gain":0,"max_hp_loss":0,"event_name":"Lab","floor":3,"gold_loss":0},{"damage_healed":0,"gold_gain":0,"player_choice":"Ignored","damage_taken":0,"max_hp_gain":0,"max_hp_loss":0,"event_name":"Ghosts","floor":19,"gold_loss":0},{"cards_removed":["Strike_R"],"damage_healed":0,"gold_gain":0,"player_choice":"Gave Gold","damage_taken":0,"max_hp_gain":0,"max_hp_loss":0,"event_name":"Beggar","floor":21,"gold_loss":75},{"damage_healed":0,"gold_gain":0,"cards_transformed":["Strike_R","Defend_R"],"player_choice":"Became Test Subject","damage_taken":0,"max_hp_gain":0,"max_hp_loss":0,"event_name":"Drug Dealer","floor":24,"gold_loss":0,"cards_obtained":["Evolve","Demon Form"]},{"cards_removed":["Rage"],"damage_healed":0,"gold_gain":0,"player_choice":"Removed Skill","damage_taken":0,"max_hp_gain":0,"max_hp_loss":0,"event_name":"Falling","floor":36,"gold_loss":0},{"damage_healed":0,"gold_gain":0,"player_choice":"Memory 3","damage_taken":10,"max_hp_gain":0,"max_hp_loss":0,"event_name":"SensoryStone","floor":38,"gold_loss":0}],"is_beta":false,"boss_relics":[{"not_picked":["Pandora\u0027s Box","Ectoplasm"],"picked":"Snecko Eye"},{"not_picked":["Eternal Feather","White Beast Statue"],"picked":"Cursed Key"}],"items_purged_floors":[10,28],"is_endless":false,"potions_floor_spawned":[6,7,11,12,20,30,44,47],"killed_by":"The Heart","ascension_level":5}