{"gold_per_floor":[109,127,46,65,78,78,109,109,132,162,5,20,20,53,53,53],"floor_reached":16,"playtime":608,"items_purged":[],"score":143,"play_id":"701f80ca-256b-417d-a5b0-3f58b6a26820","local_time":"20190427202031","is_ascension_mode":true,"campfire_choices":[{"data":"Zap","floor":6,"key":"SMITH"},{"data":"Self Repair","floor":8,"key":"SMITH"},{"floor":13,"key":"REST"},{"floor":15,"key":"REST"}],"neow_cost":"NONE","seed_source_timestamp":269422452729200,"circlet_count":0,"master_deck":["Strike_B","Strike_B","Strike_B","Strike_B","Defend_B","Defend_B","Defend_B","Defend_B","Zap+1","Dualcast","Self Repair+1","Machine Learning","Bandage Up","Self Repair","Coolheaded"],"relics":["Cracked Core","Pen Nib","Lantern","Tiny Chest","Juzu Bracelet"],"potions_floor_usage":[16,16],"damage_taken":[{"damage":3,"enemies":"2 Louse","floor":1,"turns":3},{"damage":8,"enemies":"Small Slimes","floor":2,"turns":3},{"damage":1,"enemies":"Cultist","floor":4,"turns":4},{"damage":11,"enemies":"Exordium Wildlife","floor":5,"turns":4},{"damage":25,"enemies":"3 Sentries","floor":7,"turns":7},{"damage":15,"enemies":"Large Slime","floor":12,"turns":7},{"damage":44,"enemies":"Lagavulin","floor":14,"turns":9},{"damage":48,"enemies":"Hexaghost","floor":16,"turns":10}],"seed_played":"-7957658233730202155","potions_obtained":[{"floor":4,"key":"SteroidPotion"},{"floor":5,"key":"FearPotion"}],"is_trial":false,"path_per_floor":["M","M","$","M","M","R","E","R","T","?","$","M","R","E","R","B"],"character_chosen":"DEFECT","items_purchased":["Self Repair","Bandage Up","Self Repair"],"campfire_rested":2,"item_purchase_floors":[3,11,11],"current_hp_per_floor":[65,57,57,63,52,52,34,34,34,31,31,37,59,36,58,14],"gold":53,"neow_bonus":"RANDOM_COMMON_RELIC","is_prod":false,"is_daily":false,"chose_seed":false,"campfire_upgraded":2,"win_rate":0,"timestamp":1556410831,"path_taken":["M","M","$","M","M","R","E","R","T","?","$","M","R","E","R","BOSS"],"build_version":"2019-01-23","purchased_purges":0,"victory":false,"max_hp_per_floor":[75,75,75,75,75,75,75,75,75,75,75,75,75,75,75,75],"card_choices":[{"not_picked":["Turbo","Ball Lightning","Barrage"],"picked":"SKIP","floor":1},{"not_picked":["Sweeping Beam","Turbo","Compile Driver"],"picked":"SKIP","floor":2},{"not_picked":["Sweeping Beam","Leap","Beam Cell"],"picked":"SKIP","floor":4},{"not_picked":["Redo","Skim","Blizzard"],"picked":"SKIP","floor":5},{"not_picked":["Streamline","Steam"],"picked":"Machine Learning","floor":7},{"not_picked":["Hello World","Streamline","Tempest"],"picked":"SKIP","floor":12},{"not_picked":["Go for the Eyes","Skim"],"picked":"Coolheaded","floor":14}],"player_experience":211123,"relics_obtained":[{"floor":7,"key":"Lantern"},{"floor":14,"key":"Juzu Bracelet"}],"event_choices":[{"damage_healed":0,"gold_gain":0,"player_choice":"Success","damage_taken":3,"relics_obtained":["Tiny Chest"],"max_hp_gain":0,"max_hp_loss":0,"event_name":"Scrap Ooze","floor":10,"gold_loss":0}],"is_beta":false,"boss_relics":[],"items_purged_floors":[],"is_endless":false,"potions_floor_spawned":[4,5],"killed_by":"Hexaghost","ascension_level":6}