{"gold_per_floor":[110,129,142,142,155,184,195,215,241,256,273,273],"floor_reached":12,"playtime":2674,"items_purged":[],"score":86,"play_id":"3987d4af-4c48-4977-aa9a-6b790abf430d","local_time":"20190711161832","is_ascension_mode":false,"campfire_choices":[],"neow_cost":"NONE","seed_source_timestamp":1893937737623,"circlet_count":0,"master_deck":["Strike_G","Strike_G","Strike_G","Strike_G","Strike_G","Defend_G","Defend_G","Defend_G","Defend_G","Defend_G","Survivor","Neutralize","All Out Attack","Crippling Poison","Distraction","Backflip","Flying Knee","Dagger Spray","Distraction","Noxious Fumes","All Out Attack"],"special_seed":0,"relics":["Ring of the Snake","Blood Vial","Ancient Tea Set"],"potions_floor_usage":[],"damage_taken":[{"damage":0.0,"enemies":"Jaw Worm","floor":1.0,"turns":5.0},{"damage":0.0,"enemies":"Cultist","floor":2.0,"turns":5.0},{"damage":0.0,"enemies":"2 Louse","floor":3.0,"turns":2.0},{"damage":2.0,"enemies":"Looter","floor":5.0,"turns":5.0},{"damage":41.0,"enemies":"Gremlin Nob","floor":6.0,"turns":6.0},{"damage":1.0,"enemies":"3 Louse","floor":7.0,"turns":5.0},{"damage":10.0,"enemies":"Large Slime","floor":8.0,"turns":10.0},{"damage":23.0,"enemies":"Exordium Thugs","floor":10.0,"turns":5.0},{"damage":3.0,"enemies":"Lots of Slimes","floor":11.0,"turns":2.0},{"damage":2,"enemies":"Exordium Wildlife","floor":12,"turns":4}],"seed_played":"3542007154616444167","potions_obtained":[{"floor":1.0,"key":"Energy Potion"},{"floor":3.0,"key":"SteroidPotion"},{"floor":5.0,"key":"Strength Potion"}],"is_trial":false,"path_per_floor":["M","M","M","?","M","E","M","M","T","M","M","M"],"character_chosen":"THE_SILENT","items_purchased":[],"campfire_rested":0,"item_purchase_floors":[],"current_hp_per_floor":[77,77,77,77,75,34,35,27,27,6,5,5],"gold":273,"neow_bonus":"TEN_PERCENT_HP_BONUS","is_prod":false,"is_daily":false,"chose_seed":false,"campfire_upgraded":0,"win_rate":0.0,"timestamp":1562854712,"path_taken":["M","M","M","?","M","E","M","M","T","M","M","M"],"build_version":"2019-07-05","purchased_purges":0,"victory":false,"max_hp_per_floor":[77,77,77,77,77,77,77,77,77,77,77,77],"card_choices":[{"not_picked":["Quick Slash","Heel Hook"],"picked":"All Out Attack","floor":1.0},{"not_picked":["Dagger Throw","Masterful Stab"],"picked":"Crippling Poison","floor":2.0},{"not_picked":["Outmaneuver","Backflip"],"picked":"Distraction","floor":3.0},{"not_picked":["Acrobatics","Sucker Punch"],"picked":"Backflip","floor":5.0},{"not_picked":["Dagger Spray","Die Die Die"],"picked":"Flying Knee","floor":6.0},{"not_picked":["Acrobatics","Reflex"],"picked":"Dagger Spray","floor":7.0},{"not_picked":["Eviscerate","Bane"],"picked":"Distraction","floor":8.0},{"not_picked":["Reflex","Dagger Spray"],"picked":"Noxious Fumes","floor":10.0},{"not_picked":["Bane","Calculated Gamble"],"picked":"All Out Attack","floor":11.0}],"player_experience":84110,"relics_obtained":[{"floor":6.0,"key":"Blood Vial"},{"floor":9.0,"key":"Ancient Tea Set"}],"event_choices":[{"damage_healed":0.0,"max_hp_gain":0.0,"max_hp_loss":0.0,"gold_gain":0.0,"event_name":"Purifier","player_choice":"Ignored","floor":4.0,"gold_loss":0.0,"damage_taken":0.0}],"is_beta":false,"boss_relics":[],"items_purged_floors":[],"is_endless":false,"potions_floor_spawned":[1,3,5,6],"killed_by":"Exordium Wildlife","ascension_level":0}