{"gold_per_floor":[116,126,142,217,233,268,268,443,443,443,467,9,23,46,46,167,167,182,282,169,192,212,251,263,300,312,339,351,20,38,63,63,188,188,201,201,269,287,308,347,347,347,395,395,418,59,93,113,113,113,113,113,113,149,149],"floor_reached":55,"playtime":6968,"items_purged":["Doubt","Strike_R","Strike_R"],"score":894,"play_id":"c7bc5ef9-86a8-4382-8225-58216f6defe2","local_time":"20190707111437","is_ascension_mode":true,"campfire_choices":[{"floor":7,"key":"REST"},{"floor":15,"key":"REST"},{"floor":24,"key":"RECALL"},{"data":"Juggernaut","floor":28,"key":"SMITH"},{"floor":32,"key":"REST"},{"data":"Battle Trance","floor":41,"key":"SMITH"},{"data":"Metallicize","floor":44,"key":"SMITH"},{"floor":49,"key":"DIG"},{"floor":52,"key":"DIG"}],"neow_cost":"NONE","seed_source_timestamp":1671785596999,"circlet_count":0,"master_deck":["Strike_R","Strike_R","Strike_R","Defend_R+1","Defend_R","Defend_R","Defend_R","Bash","Headbutt","Clash","Headbutt","Pommel Strike","Battle Trance+1","Shrug It Off","Juggernaut+1","Second Wind","Power Through+1","Flame Barrier","Power Through","Armaments+1","Flame Barrier","Second Wind+1","Metallicize+1","Ghostly Armor","Battle Trance+1","True Grit+1","Body Slam","Warcry+1","True Grit+1","Doubt","Burning Pact","Blind","Warcry+1","Warcry","Intimidate+1"],"relics":["Burning Blood","Question Card","Golden Idol","FossilizedHelix","Sozu","MawBank","Gambling Chip","Bottled Tornado","Coffee Dripper","Bird Faced Urn","Dodecahedron","Oddly Smooth Stone","War Paint","Shovel","Pen Nib","Ornamental Fan","Pantograph"],"potions_floor_usage":[11,33,33],"damage_taken":[{"damage":2,"enemies":"2 Louse","floor":1,"turns":3},{"damage":8,"enemies":"Small Slimes","floor":2,"turns":5},{"damage":3,"enemies":"Jaw Worm","floor":3,"turns":4},{"damage":2,"enemies":"Looter","floor":5,"turns":4},{"damage":70,"enemies":"3 Sentries","floor":6,"turns":13},{"damage":23,"enemies":"Exordium Thugs","floor":11,"turns":4},{"damage":6,"enemies":"Lots of Slimes","floor":13,"turns":4},{"damage":0,"enemies":"3 Louse","floor":14,"turns":3},{"damage":49,"enemies":"The Guardian","floor":16,"turns":15},{"damage":11,"enemies":"2 Thieves","floor":18,"turns":4},{"damage":0,"enemies":"3 Byrds","floor":21,"turns":3},{"damage":8,"enemies":"Snake Plant","floor":22,"turns":5},{"damage":28,"enemies":"Gremlin Leader","floor":23,"turns":7},{"damage":12,"enemies":"Centurion and Healer","floor":25,"turns":6},{"damage":12,"enemies":"Snecko","floor":27,"turns":6},{"damage":17,"enemies":"Shelled Parasite and Fungi","floor":30,"turns":4},{"damage":0,"enemies":"Sentry and Sphere","floor":31,"turns":4},{"damage":53,"enemies":"Champ","floor":33,"turns":13},{"damage":0,"enemies":"Orb Walker","floor":35,"turns":4},{"damage":27,"enemies":"2 Orb Walkers","floor":37,"turns":6},{"damage":0,"enemies":"3 Darklings","floor":38,"turns":5},{"damage":20,"enemies":"Maw","floor":39,"turns":7},{"damage":52,"enemies":"Giant Head","floor":40,"turns":10},{"damage":0,"enemies":"Transient","floor":45,"turns":5},{"damage":9,"enemies":"Reptomancer","floor":47,"turns":6},{"damage":0,"enemies":"Spire Growth","floor":48,"turns":4},{"damage":29,"enemies":"Awakened One","floor":50,"turns":18},{"damage":71,"enemies":"Shield and Spear","floor":54,"turns":9},{"damage":69,"enemies":"The Heart","floor":55,"turns":3}],"seed_played":"-7817155424573122974","potions_obtained":[{"floor":1,"key":"Energy Potion"},{"floor":3,"key":"Ancient Potion"},{"floor":13,"key":"Fire Potion"},{"floor":16,"key":"EntropicBrew"}],"is_trial":false,"path_per_floor":["M","M","M","?","M","E","R","?","T","?","M","$","M","M","R","B",null,"M","?","$","M","M","E","R","M","T","M","R","$","M","M","R","B",null,"M","?","?","M","M","E","R","?","T","R","M","$","E","M","R","B",null,"R","$","E","B"],"character_chosen":"IRONCLAD","items_purchased":["Battle Trance","FossilizedHelix","Power Through","Flame Barrier","Bottled Tornado","Blind","War Paint"],"campfire_rested":3,"item_purchase_floors":[12,12,20,20,29,46,46],"current_hp_per_floor":[88,86,88,77,81,17,43,43,43,43,26,26,26,32,56,13,81,76,76,76,81,79,57,57,51,51,45,45,45,34,40,64,17,81,81,77,56,66,56,14,14,77,77,77,77,77,76,77,77,54,77,77,77,12,0],"gold":149,"neow_bonus":"TEN_PERCENT_HP_BONUS","is_prod":false,"is_daily":false,"chose_seed":false,"campfire_upgraded":3,"win_rate":0,"timestamp":1562490877,"path_taken":["M","M","M","?","M","E","R","?","T","?","M","$","?","M","R","BOSS","M","?","?","?","M","E","R","M","T","M","R","$","M","M","R","BOSS","M","?","?","M","M","E","R","?","T","R","M","$","E","M","R","BOSS","R","$","E","BOSS"],"build_version":"2019-07-05","purchased_purges":3,"victory":false,"max_hp_per_floor":[88,88,88,88,88,88,88,88,88,81,81,81,81,81,81,81,81,81,81,81,81,81,81,81,81,81,81,81,81,81,81,81,81,81,81,77,77,77,77,77,77,77,77,77,77,77,77,77,77,77,77,77,77,77,77],"card_choices":[{"not_picked":["Burning Pact","Blood for Blood"],"picked":"Headbutt","floor":1},{"not_picked":["Second Wind","Dual Wield"],"picked":"Clash","floor":2},{"not_picked":["Anger","Wild Strike","Feel No Pain"],"picked":"SKIP","floor":3},{"not_picked":["Thunderclap","Entrench","Sword Boomerang"],"picked":"SKIP","floor":5},{"not_picked":["Wild Strike","Anger"],"picked":"Headbutt","floor":6},{"not_picked":["Sword Boomerang","Thunderclap","Twin Strike"],"picked":"Pommel Strike","floor":11},{"not_picked":["Anger","Iron Wave","Power Through"],"picked":"Shrug It Off","floor":13},{"not_picked":["Clothesline","Wild Strike","Cleave","Pommel Strike"],"picked":"SKIP","floor":14},{"not_picked":["Fiend Fire","Immolate","Demon Form"],"picked":"Juggernaut","floor":16},{"not_picked":["Body Slam","Cleave","Twin Strike"],"picked":"Second Wind","floor":18},{"not_picked":["Dual Wield","Hemokinesis","Clash"],"picked":"Power Through","floor":21},{"not_picked":["Power Through","True Grit","Thunderclap"],"picked":"Armaments+1","floor":22},{"not_picked":["Pommel Strike","Berserk","Offering"],"picked":"Flame Barrier","floor":23},{"not_picked":["Dual Wield","Twin Strike+1","Havoc"],"picked":"Second Wind+1","floor":25},{"not_picked":["Intimidate","Corruption","Pommel Strike"],"picked":"Metallicize","floor":27},{"not_picked":["Headbutt","Wild Strike","Thunderclap"],"picked":"Ghostly Armor","floor":30},{"not_picked":["Sword Boomerang","Clash+1","Wild Strike","Rage"],"picked":"SKIP","floor":31},{"not_picked":["Hemokinesis+1","Pummel","Wild Strike+1"],"picked":"Battle Trance+1","floor":35},{"not_picked":["Combust+1","Clash","Wild Strike+1"],"picked":"True Grit+1","floor":37},{"not_picked":["Combust+1","Pommel Strike+1","Shrug It Off+1"],"picked":"Body Slam","floor":38},{"not_picked":["Cleave+1","Spot Weakness+1","Bloodletting+1"],"picked":"Warcry+1","floor":39},{"not_picked":["Havoc","Searing Blow","Shrug It Off"],"picked":"True Grit+1","floor":40},{"not_picked":["Iron Wave","Corruption+1","Pommel Strike+1"],"picked":"Burning Pact","floor":45},{"not_picked":["Offering","True Grit","Sever Soul+1"],"picked":"Warcry+1","floor":47},{"not_picked":["Shrug It Off+1","Uppercut","Pummel+1"],"picked":"Warcry","floor":48},{"not_picked":["Combust","Cleave","Thunderclap+1"],"picked":"Intimidate+1","floor":54}],"player_experience":59727,"relics_obtained":[{"floor":6,"key":"Question Card"},{"floor":23,"key":"MawBank"},{"floor":26,"key":"Gambling Chip"},{"floor":37,"key":"Bird Faced Urn"},{"floor":40,"key":"Dodecahedron"},{"floor":43,"key":"Oddly Smooth Stone"},{"floor":47,"key":"Shovel"},{"floor":49,"key":"Pen Nib"},{"floor":52,"key":"Ornamental Fan"},{"floor":54,"key":"Pantograph"}],"event_choices":[{"damage_healed":0,"gold_gain":75,"player_choice":"Gather Gold","damage_taken":11,"max_hp_gain":0,"max_hp_loss":0,"event_name":"World of Goop","floor":4,"gold_loss":0},{"damage_healed":0,"gold_gain":175,"player_choice":"AGREE","damage_taken":0,"max_hp_gain":0,"max_hp_loss":0,"event_name":"Liars Game","floor":8,"gold_loss":0,"cards_obtained":["Doubt"]},{"damage_healed":0,"gold_gain":0,"player_choice":"Lose Max HP","damage_taken":0,"relics_obtained":["Golden Idol"],"max_hp_gain":0,"max_hp_loss":7,"event_name":"Golden Idol","floor":10,"gold_loss":0},{"damage_healed":0,"gold_gain":100,"player_choice":"Pray","damage_taken":0,"max_hp_gain":0,"max_hp_loss":0,"event_name":"Golden Shrine","floor":19,"gold_loss":0},{"damage_healed":0,"gold_gain":0,"player_choice":"Max HP","damage_taken":0,"max_hp_gain":0,"max_hp_loss":4,"event_name":"Winding Halls","floor":36,"gold_loss":0},{"damage_healed":0,"gold_gain":0,"player_choice":"Fight","damage_taken":0,"max_hp_gain":0,"max_hp_loss":0,"event_name":"Mysterious Sphere","floor":37,"gold_loss":0},{"damage_healed":63,"gold_gain":0,"player_choice":"Heal","damage_taken":0,"max_hp_gain":0,"max_hp_loss":0,"event_name":"MindBloom","floor":42,"gold_loss":0,"cards_obtained":["Doubt"]}],"is_beta":false,"boss_relics":[{"not_picked":["Lizard Tail","Snecko Eye"],"picked":"Sozu"},{"not_picked":["Orrery","White Beast Statue"],"picked":"Coffee Dripper"}],"items_purged_floors":[12,29,46],"is_endless":false,"potions_floor_spawned":[1,3,13,16,22,23,27,30,31,33,35,40,48],"killed_by":"The Heart","ascension_level":4}