{"gold_per_floor":[15,15,31,45,57,57,72,104,104,120,120,12,12,12,12,116,116,128,128,53,35,50,50,80,80,80,80],"floor_reached":27,"playtime":2088,"items_purged":[],"score":326,"play_id":"930355ca-44a5-4724-86ac-65dc3a2454a2","local_time":"20190721125921","is_ascension_mode":true,"campfire_choices":[{"data":"Neutralize","floor":6.0,"key":"SMITH"},{"floor":11.0,"key":"REST"},{"data":"Cloak And Dagger","floor":15.0,"key":"SMITH"},{"floor":23,"key":"REST"},{"data":"A Thousand Cuts","floor":25,"key":"SMITH"}],"neow_cost":"NO_GOLD","seed_source_timestamp":0,"circlet_count":0,"master_deck":["Strike_G","Strike_G","Strike_G","Strike_G","Defend_G","Defend_G","Defend_G","Defend_G","Defend_G","Survivor","Neutralize+1","Unload","PiercingWail","Tactician","PiercingWail","Envenom","Footwork","Heel Hook","Quick Slash","Cloak And Dagger+1","Finesse","A Thousand Cuts+1","Infinite Blades","Backflip","Dagger Spray"],"special_seed":0,"relics":["Ring of the Snake","Boot","Runic Pyramid","Nilry\u0027s Codex","Ninja Scroll","Gremlin Horn"],"potions_floor_usage":[16,24,24],"damage_taken":[{"damage":1.0,"enemies":"Jaw Worm","floor":1.0,"turns":6.0},{"damage":0.0,"enemies":"Cultist","floor":3.0,"turns":4.0},{"damage":5.0,"enemies":"Small Slimes","floor":4.0,"turns":4.0},{"damage":0.0,"enemies":"Exordium Wildlife","floor":5.0,"turns":3.0},{"damage":3.0,"enemies":"Large Slime","floor":7.0,"turns":7.0},{"damage":43.0,"enemies":"3 Sentries","floor":8.0,"turns":13.0},{"damage":0.0,"enemies":"2 Fungi Beasts","floor":10.0,"turns":5.0},{"damage":17,"enemies":"Hexaghost","floor":16,"turns":11},{"damage":0,"enemies":"3 Byrds","floor":18,"turns":7},{"damage":10,"enemies":"2 Thieves","floor":21,"turns":4},{"damage":20,"enemies":"Shelled Parasite and Fungi","floor":22,"turns":8},{"damage":9,"enemies":"Gremlin Leader","floor":24,"turns":9},{"damage":1,"enemies":"Colosseum Slavers","floor":27,"turns":5},{"damage":37,"enemies":"Colosseum Nobs","floor":27,"turns":4}],"seed_played":"-654423151916872968","potions_obtained":[{"floor":2.0,"key":"Swift Potion"},{"floor":2.0,"key":"SpeedPotion"},{"floor":2.0,"key":"Strength Potion"},{"floor":4.0,"key":"Regen Potion"},{"floor":8.0,"key":"Swift Potion"},{"floor":18,"key":"Explosive Potion"},{"floor":24,"key":"Ancient Potion"}],"is_trial":false,"path_per_floor":["M","?","M","M","M","R","M","E","T","M","R","$","?","$","R","B",null,"M","?","?","M","M","R","E","R","T","?"],"character_chosen":"THE_SILENT","items_purchased":["Cloak And Dagger","Finesse"],"campfire_rested":2,"item_purchase_floors":[12,12],"current_hp_per_floor":[62,62,62,57,57,57,54,26,26,26,47,47,52,52,52,35,65,65,49,49,39,19,41,32,32,32,0],"gold":80,"neow_bonus":"THREE_RARE_CARDS","is_prod":false,"is_daily":false,"chose_seed":false,"campfire_upgraded":3,"win_rate":0,"timestamp":1563735561,"path_taken":["M","?","M","?","M","R","?","E","T","M","R","?","?","?","R","BOSS","M","?","?","M","M","R","E","R","T","?"],"build_version":"2019-07-18","purchased_purges":0,"victory":false,"max_hp_per_floor":[70,70,70,70,70,70,70,70,70,70,70,70,75,75,75,75,75,75,75,75,75,75,75,75,75,75,75],"card_choices":[{"not_picked":["Envenom","Phantasmal Killer"],"picked":"Unload","floor":0.0},{"not_picked":["Slice","Catalyst"],"picked":"PiercingWail","floor":1.0},{"not_picked":["Catalyst","Choke"],"picked":"Tactician","floor":3.0},{"not_picked":["Slice","Acrobatics"],"picked":"PiercingWail","floor":4.0},{"not_picked":["Dagger Throw","Slice"],"picked":"Envenom","floor":5.0},{"not_picked":["Underhanded Strike","Quick Slash"],"picked":"Footwork","floor":7.0},{"not_picked":["Outmaneuver","Catalyst"],"picked":"Heel Hook","floor":8.0},{"not_picked":["Outmaneuver","Blade Dance"],"picked":"Quick Slash","floor":10.0},{"not_picked":["Envenom","Venomology"],"picked":"A Thousand Cuts","floor":16},{"not_picked":["PiercingWail+1","Deflect"],"picked":"Infinite Blades","floor":18},{"not_picked":["Flying Knee","Quick Slash"],"picked":"Backflip","floor":21},{"not_picked":["Deadly Poison+1","Prepared"],"picked":"Dagger Spray","floor":22},{"not_picked":["Prepared","Quick Slash+1","Sucker Punch"],"picked":"SKIP","floor":24}],"player_experience":1268490,"relics_obtained":[{"floor":8.0,"key":"Boot"},{"floor":19,"key":"Nilry\u0027s Codex"},{"floor":24,"key":"Ninja Scroll"},{"floor":26,"key":"Gremlin Horn"}],"event_choices":[{"damage_healed":0.0,"max_hp_gain":0.0,"max_hp_loss":0.0,"gold_gain":0.0,"event_name":"Lab","player_choice":"Got Potions","floor":2.0,"gold_loss":0.0,"damage_taken":0.0},{"damage_healed":0.0,"max_hp_gain":5.0,"max_hp_loss":0.0,"gold_gain":0.0,"event_name":"Big Fish","player_choice":"Donut","floor":13.0,"gold_loss":0.0,"damage_taken":0.0},{"damage_healed":0,"gold_gain":0,"player_choice":"Obtained Book","damage_taken":16,"max_hp_gain":0,"max_hp_loss":0,"event_name":"Cursed Tome","floor":19,"gold_loss":0},{"cards_removed":["Strike_G"],"damage_healed":0,"gold_gain":0,"player_choice":"Gave Gold","damage_taken":0,"max_hp_gain":0,"max_hp_loss":0,"event_name":"Beggar","floor":20,"gold_loss":75},{"damage_healed":0,"gold_gain":0,"player_choice":"Fight","damage_taken":0,"max_hp_gain":0,"max_hp_loss":0,"event_name":"Colosseum","floor":27,"gold_loss":0},{"damage_healed":0,"gold_gain":0,"player_choice":"Fought Nobs","damage_taken":0,"max_hp_gain":0,"max_hp_loss":0,"event_name":"Colosseum","floor":27,"gold_loss":0}],"is_beta":true,"boss_relics":[{"not_picked":["Orrery","White Beast Statue"],"picked":"Runic Pyramid"}],"items_purged_floors":[],"is_endless":false,"potions_floor_spawned":[4,5,8,18,24],"killed_by":"Colosseum Nobs","ascension_level":8}