{"gold_per_floor":[119,132,144,94,194,225,225,258,285,285,305,327,327,338,338,413,413,424,424,440,540,554,554,554,554,554,572,572,572],"floor_reached":29,"playtime":1293,"items_purged":[],"score":396,"play_id":"b3de0a29-6659-4d1c-9591-edd8be77ca76","local_time":"20190327164110","is_ascension_mode":true,"campfire_choices":[{"floor":7,"key":"REST"},{"data":"Machine Learning","floor":10,"key":"SMITH"},{"data":"Sweeping Beam","floor":13,"key":"SMITH"},{"data":"Zap","floor":15,"key":"SMITH"},{"floor":23,"key":"REST"},{"floor":25,"key":"REST"}],"neow_cost":"NONE","seed_source_timestamp":1275265617087707,"circlet_count":0,"master_deck":["AscendersBane","Strike_B+1","Defend_B+1","Defend_B+1","Defend_B+1","Defend_B+1","Zap+1","Dualcast","Ball Lightning","Self Repair","Rebound","Machine Learning+1","Sweeping Beam+1","Barrage","Conserve Battery","Cold Snap","Electrodynamics","Force Field","Core Surge","Capacitor","Hologram+1","BootSequence","Leap"],"relics":["Cracked Core","Art of War","Pen Nib","Juzu Bracelet","Smiling Mask","Odd Mushroom","Sozu","Dream Catcher","The Courier"],"potions_floor_usage":[6,12,12,16],"damage_taken":[{"damage":1,"enemies":"Cultist","floor":1,"turns":3},{"damage":0,"enemies":"Small Slimes","floor":2,"turns":2},{"damage":1,"enemies":"2 Louse","floor":3,"turns":3},{"damage":25,"enemies":"Lagavulin","floor":6,"turns":4},{"damage":35,"enemies":"3 Sentries","floor":8,"turns":6},{"damage":0,"enemies":"Large Slime","floor":11,"turns":4},{"damage":6,"enemies":"The Mushroom Lair","floor":12,"turns":4},{"damage":15,"enemies":"Exordium Thugs","floor":14,"turns":3},{"damage":26,"enemies":"Hexaghost","floor":16,"turns":9},{"damage":28,"enemies":"2 Thieves","floor":18,"turns":3},{"damage":5,"enemies":"Chosen","floor":20,"turns":5},{"damage":28,"enemies":"Shelled Parasite and Fungi","floor":22,"turns":6},{"damage":24,"enemies":"Snake Plant","floor":27,"turns":6},{"damage":37,"enemies":"Book of Stabbing","floor":29,"turns":5}],"seed_played":"-690212460390110632","potions_obtained":[{"floor":2,"key":"SpeedPotion"},{"floor":3,"key":"AttackPotion"},{"floor":6,"key":"Poison Potion"},{"floor":12,"key":"FearPotion"}],"is_trial":false,"path_per_floor":["M","M","M","?","?","E","R","E","T","R","M","?","R","M","R","B",null,"M","?","M","?","M","R","?","R","T","M","?","E"],"character_chosen":"DEFECT","items_purchased":[],"campfire_rested":3,"item_purchase_floors":[],"current_hp_per_floor":[63,63,62,62,62,37,58,30,30,30,37,38,38,30,30,11,56,28,28,30,30,9,30,30,51,51,34,34,0],"gold":572,"neow_bonus":"RANDOM_COMMON_RELIC","is_prod":false,"is_daily":false,"chose_seed":false,"campfire_upgraded":3,"win_rate":0,"timestamp":1553719270,"path_taken":["M","?","M","?","?","E","R","E","T","R","M","?","R","M","R","BOSS","M","?","M","?","M","R","?","R","T","M","?","E"],"build_version":"2019-01-23","purchased_purges":0,"victory":false,"max_hp_per_floor":[71,71,71,71,71,71,71,71,71,71,71,71,71,71,71,71,71,71,71,71,71,71,71,71,71,71,71,71,71],"card_choices":[{"not_picked":["Cold Snap","Heatsinks"],"picked":"Ball Lightning","floor":1},{"not_picked":["Turbo","Coolheaded"],"picked":"Self Repair","floor":2},{"not_picked":["Stack","Ball Lightning"],"picked":"Rebound","floor":3},{"not_picked":["Gash","Rebound"],"picked":"Machine Learning","floor":6},{"not_picked":["Barrage","Recycle"],"picked":"Sweeping Beam","floor":8},{"not_picked":["Coolheaded","Steam"],"picked":"Barrage","floor":11},{"not_picked":["Hologram","Redo"],"picked":"Conserve Battery","floor":12},{"not_picked":["Double Energy","Reprogram"],"picked":"Cold Snap","floor":14},{"not_picked":["Core Surge","Amplify"],"picked":"Electrodynamics","floor":16},{"not_picked":["Sweeping Beam","Streamline"],"picked":"Force Field","floor":18},{"not_picked":["Aggregate","Hello World","Barrage"],"picked":"SKIP","floor":20},{"not_picked":["Beam Cell","Steam Power"],"picked":"Hologram+1","floor":22},{"not_picked":["Skim","Sweeping Beam"],"picked":"BootSequence","floor":25},{"not_picked":["Ball Lightning","Coolheaded"],"picked":"Leap","floor":27}],"player_experience":3253349,"relics_obtained":[{"floor":6,"key":"Pen Nib"},{"floor":8,"key":"Juzu Bracelet"},{"floor":9,"key":"Smiling Mask"},{"floor":12,"key":"Odd Mushroom"},{"floor":26,"key":"The Courier"}],"event_choices":[{"cards_removed":["Strike_B"],"damage_healed":0,"gold_gain":0,"player_choice":"Card Removal","damage_taken":0,"max_hp_gain":0,"max_hp_loss":0,"event_name":"The Cleric","floor":4,"gold_loss":50},{"damage_healed":0,"gold_gain":100,"player_choice":"Pray","damage_taken":0,"max_hp_gain":0,"max_hp_loss":0,"event_name":"Golden Shrine","floor":5,"gold_loss":0},{"damage_healed":0,"gold_gain":0,"player_choice":"Fought Mushrooms","damage_taken":0,"max_hp_gain":0,"max_hp_loss":0,"event_name":"Mushrooms","floor":12,"gold_loss":0},{"damage_healed":0,"gold_gain":0,"cards_transformed":["Strike_B","Strike_B"],"player_choice":"Became Test Subject","damage_taken":0,"max_hp_gain":0,"max_hp_loss":0,"event_name":"Drug Dealer","floor":19,"gold_loss":0,"cards_obtained":["Core Surge","Capacitor"]},{"damage_healed":0,"gold_gain":100,"player_choice":"Pray","damage_taken":0,"max_hp_gain":0,"max_hp_loss":0,"event_name":"Golden Shrine","floor":21,"gold_loss":0},{"damage_healed":0,"gold_gain":0,"player_choice":"Opened","damage_taken":0,"relics_obtained":["Dream Catcher"],"max_hp_gain":0,"max_hp_loss":0,"event_name":"The Mausoleum","floor":24,"gold_loss":0},{"damage_healed":0,"gold_gain":0,"player_choice":"Simplicity","damage_taken":0,"max_hp_gain":0,"max_hp_loss":0,"event_name":"Back to Basics","floor":28,"gold_loss":0,"cards_upgraded":["Strike_B","Defend_B","Defend_B","Defend_B","Defend_B"]}],"is_beta":false,"boss_relics":[{"not_picked":["Tiny House","Coffee Dripper"],"picked":"Sozu"}],"items_purged_floors":[],"is_endless":false,"potions_floor_spawned":[2,3,6,12,22],"killed_by":"Book of Stabbing","ascension_level":14}