{"gold_per_floor":[112,72,83,96,110,110,136,136,136,146,17,17,17,34,34,129,129,149,149,149,137,153,153,78,78,130,130,165,176,176,196,196,294,294,309,325,343,343],"floor_reached":38,"playtime":2456,"items_purged":[],"score":398,"play_id":"49079243-ca46-427c-ae6c-18ed38ebb20b","local_time":"20190620231055","is_ascension_mode":false,"campfire_choices":[{"data":"Burst","floor":6,"key":"SMITH"},{"data":"Blade Dance","floor":8,"key":"SMITH"},{"data":"Noxious Fumes","floor":13,"key":"SMITH"},{"data":"Blade Dance","floor":15,"key":"SMITH"},{"data":"A Thousand Cuts","floor":23,"key":"SMITH"},{"data":"Deadly Poison","floor":25,"key":"SMITH"},{"data":"Crippling Poison","floor":27,"key":"SMITH"},{"floor":32,"key":"REST"}],"neow_cost":"NONE","seed_source_timestamp":685470987448094,"circlet_count":0,"master_deck":["Defend_G","Defend_G","Defend_G","Defend_G","Defend_G","Strike_G","Strike_G","Strike_G","Survivor","Neutralize","Burst+1","Blade Dance+1","Blur","Blade Dance+1","Deflect","Crippling Poison+1","Dodge and Roll","Backflip","Noxious Fumes+1","Neutralize","Storm of Steel","PiercingWail","A Thousand Cuts+1","Deadly Poison+1","Corpse Explosion","Backflip","Terror+1"],"relics":["Ring of the Serpent","Kunai","Singing Bowl","Ancient Tea Set","Smiling Mask","Blood Vial","Eternal Feather"],"potions_floor_usage":[7,16,21,28,28,35,38],"damage_taken":[{"damage":5,"enemies":"Small Slimes","floor":1,"turns":4},{"damage":0,"enemies":"Cultist","floor":3,"turns":4},{"damage":1,"enemies":"Jaw Worm","floor":4,"turns":6},{"damage":0,"enemies":"2 Fungi Beasts","floor":5,"turns":4},{"damage":19,"enemies":"3 Sentries","floor":7,"turns":10},{"damage":0,"enemies":"3 Louse","floor":10,"turns":3},{"damage":0,"enemies":"Lots of Slimes","floor":14,"turns":4},{"damage":18,"enemies":"Hexaghost","floor":16,"turns":12},{"damage":9,"enemies":"Shell Parasite","floor":18,"turns":8},{"damage":6,"enemies":"2 Thieves","floor":21,"turns":4},{"damage":9,"enemies":"Centurion and Healer","floor":22,"turns":8},{"damage":19,"enemies":"Gremlin Leader","floor":28,"turns":6},{"damage":16,"enemies":"Snake Plant","floor":29,"turns":5},{"damage":7,"enemies":"Sentry and Sphere","floor":31,"turns":4},{"damage":20,"enemies":"Automaton","floor":33,"turns":10},{"damage":12,"enemies":"Orb Walker","floor":35,"turns":3},{"damage":28,"enemies":"3 Darklings","floor":36,"turns":3},{"damage":33,"enemies":"Maw","floor":37,"turns":8},{"damage":15,"enemies":"Transient","floor":38,"turns":3}],"seed_played":"7628510343671533034","potions_obtained":[{"floor":5,"key":"Strength Potion"},{"floor":7,"key":"SteroidPotion"},{"floor":14,"key":"GamblersBrew"},{"floor":18,"key":"Regen Potion"},{"floor":21,"key":"PowerPotion"},{"floor":36,"key":"Strength Potion"}],"is_trial":false,"path_per_floor":["M","$","M","M","M","R","E","R","T","M","$","?","R","M","R","B",null,"M","T","?","M","M","R","?","R","T","R","E","M","?","M","R","B",null,"M","M","M","M"],"character_chosen":"THE_SILENT","items_purchased":["Blur","Noxious Fumes","PowerPotion"],"campfire_rested":1,"item_purchase_floors":[2,11,11],"current_hp_per_floor":[65,65,65,64,64,64,45,45,45,45,45,45,45,45,45,27,70,63,63,63,71,64,64,64,64,64,64,47,35,35,32,56,38,80,68,44,13,0],"gold":343,"neow_bonus":"ONE_RANDOM_RARE_CARD","is_prod":false,"is_daily":false,"chose_seed":false,"campfire_upgraded":7,"win_rate":0,"timestamp":1561086655,"path_taken":["M","$","M","M","M","R","E","R","T","M","$","?","R","M","R","BOSS","M","?","?","M","M","R","?","R","T","R","E","M","?","M","R","BOSS","M","M","?","M"],"build_version":"2019-01-23","purchased_purges":0,"victory":false,"max_hp_per_floor":[70,70,70,70,70,70,70,70,70,70,70,70,70,70,70,70,70,72,72,72,72,74,74,74,74,74,74,76,78,78,80,80,80,80,80,82,82,82],"card_choices":[{"not_picked":["Acrobatics","Flechettes"],"picked":"Blade Dance","floor":1},{"not_picked":["Setup","Riddle With Holes"],"picked":"Blade Dance","floor":3},{"not_picked":["Slice","Dodge and Roll"],"picked":"Deflect","floor":4},{"not_picked":["Quick Slash","Outmaneuver"],"picked":"Crippling Poison","floor":5},{"not_picked":["Tools of the Trade","Reflex"],"picked":"Dodge and Roll","floor":7},{"not_picked":["Dodge and Roll","Finisher"],"picked":"Backflip","floor":10},{"not_picked":["All Out Attack","Prepared"],"picked":"PiercingWail","floor":14},{"not_picked":["Venomology","Envenom"],"picked":"A Thousand Cuts","floor":16},{"not_picked":["Slice","Dodge and Roll","Distraction"],"picked":"Singing Bowl","floor":18},{"not_picked":["Backflip","Bane+1"],"picked":"Deadly Poison","floor":21},{"not_picked":["Dodge and Roll","Slice","Quick Slash"],"picked":"Singing Bowl","floor":22},{"not_picked":["Bane+1","Tactician","Reflex"],"picked":"Singing Bowl","floor":28},{"not_picked":["Cloak And Dagger","Expertise","Quick Slash"],"picked":"Singing Bowl","floor":29},{"not_picked":["Sucker Punch","Underhanded Strike","Dodge and Roll"],"picked":"Singing Bowl","floor":31},{"not_picked":["Wraith Form v2","Malaise"],"picked":"Corpse Explosion","floor":33},{"not_picked":["Slice+1","Quick Slash+1"],"picked":"Backflip","floor":35},{"not_picked":["Backflip","Flying Knee+1","Bane"],"picked":"Singing Bowl","floor":36},{"not_picked":["Choke+1","Poisoned Stab"],"picked":"Terror+1","floor":37}],"player_experience":3796714,"relics_obtained":[{"floor":7,"key":"Kunai"},{"floor":9,"key":"Singing Bowl"},{"floor":19,"key":"Ancient Tea Set"},{"floor":26,"key":"Smiling Mask"},{"floor":28,"key":"Blood Vial"}],"event_choices":[{"damage_healed":0,"gold_gain":0,"player_choice":"2 cards matched","damage_taken":0,"max_hp_gain":0,"max_hp_loss":0,"event_name":"Match and Keep!","floor":12,"gold_loss":0,"cards_obtained":["Neutralize","Storm of Steel"]},{"damage_healed":0,"gold_gain":0,"player_choice":"Ignored","damage_taken":0,"max_hp_gain":0,"max_hp_loss":0,"event_name":"Vampires","floor":20,"gold_loss":0},{"cards_removed":["Strike_G"],"damage_healed":0,"gold_gain":0,"player_choice":"Gave Gold","damage_taken":0,"max_hp_gain":0,"max_hp_loss":0,"event_name":"Beggar","floor":24,"gold_loss":75},{"cards_removed":["Strike_G"],"damage_healed":0,"gold_gain":0,"player_choice":"Card Removal","damage_taken":0,"max_hp_gain":0,"max_hp_loss":0,"event_name":"Wheel of Change","floor":30,"gold_loss":0}],"is_beta":false,"boss_relics":[{"not_picked":["Ectoplasm","Busted Crown"],"picked":"Ring of the Serpent"},{"not_picked":["Coffee Dripper","Empty Cage"],"picked":"Eternal Feather"}],"items_purged_floors":[],"is_endless":false,"potions_floor_spawned":[5,7,14,18,21,36],"killed_by":"Transient","ascension_level":0}