{"gold_per_floor":[116,129,149,19,32,58,58,76,76,93,93,113,138,138],"floor_reached":14,"playtime":1842,"items_purged":[],"score":104,"play_id":"34bb7245-7d62-43c8-8e08-3af75685bf8f","local_time":"20190711112718","is_ascension_mode":false,"campfire_choices":[{"data":"Armaments","floor":7,"key":"SMITH"},{"floor":11,"key":"REST"}],"neow_cost":"NONE","seed_source_timestamp":16893269684144,"circlet_count":0,"master_deck":["Strike_R","Strike_R","Strike_R","Strike_R","Defend_R","Defend_R","Defend_R","Defend_R","Bash","Dual Wield","Flame Barrier","Armaments","Heavy Blade","Infernal Blade","Armaments+1","Evolve","Power Through","Combust","Double Tap","Twin Strike","Feed"],"relics":["Burning Blood","Ancient Tea Set","Bottled Lightning","Vajra"],"potions_floor_usage":[],"damage_taken":[{"damage":10,"enemies":"Cultist","floor":1,"turns":4},{"damage":8,"enemies":"2 Louse","floor":2,"turns":3},{"damage":3,"enemies":"Small Slimes","floor":3,"turns":4},{"damage":2,"enemies":"2 Fungi Beasts","floor":5,"turns":5},{"damage":41,"enemies":"3 Sentries","floor":6,"turns":11},{"damage":9,"enemies":"Blue Slaver","floor":8,"turns":7},{"damage":14,"enemies":"Exordium Thugs","floor":10,"turns":4},{"damage":16,"enemies":"Large Slime","floor":12,"turns":5},{"damage":36,"enemies":"Lagavulin","floor":13,"turns":8},{"damage":18,"enemies":"3 Louse","floor":14,"turns":2}],"seed_played":"438285207042413181","potions_obtained":[{"floor":3,"key":"SpeedPotion"},{"floor":5,"key":"Strength Potion"},{"floor":8,"key":"Explosive Potion"}],"is_trial":false,"path_per_floor":["M","M","M","$","M","E","R","M","T","M","R","M","E","M"],"character_chosen":"IRONCLAD","items_purchased":["Infernal Blade","Armaments"],"campfire_rested":1,"item_purchase_floors":[4,4],"current_hp_per_floor":[76,74,77,77,80,45,45,42,42,34,58,48,18,0],"gold":138,"neow_bonus":"TRANSFORM_CARD","is_prod":false,"is_daily":false,"chose_seed":false,"campfire_upgraded":1,"win_rate":0,"timestamp":1562837238,"path_taken":["M","M","M","$","M","E","R","M","T","M","R","M","E","M"],"build_version":"2019-07-05","purchased_purges":0,"victory":false,"max_hp_per_floor":[80,80,80,80,80,80,80,80,80,80,80,80,80,80],"card_choices":[{"not_picked":["Sword Boomerang","Evolve"],"picked":"Flame Barrier","floor":1},{"not_picked":["Rampage","Hemokinesis"],"picked":"Armaments","floor":2},{"not_picked":["Wild Strike","True Grit"],"picked":"Heavy Blade","floor":3},{"not_picked":["Burning Pact","Sever Soul"],"picked":"Evolve","floor":5},{"not_picked":["Warcry","Clothesline"],"picked":"Power Through","floor":6},{"not_picked":["Thunderclap","Infernal Blade"],"picked":"Combust","floor":8},{"not_picked":["Wild Strike","Body Slam"],"picked":"Double Tap","floor":10},{"not_picked":["Shockwave","True Grit"],"picked":"Twin Strike","floor":12},{"not_picked":["Pommel Strike","Bludgeon"],"picked":"Feed","floor":13}],"player_experience":74477,"relics_obtained":[{"floor":6,"key":"Ancient Tea Set"},{"floor":9,"key":"Bottled Lightning"},{"floor":13,"key":"Vajra"}],"event_choices":[],"is_beta":false,"boss_relics":[],"items_purged_floors":[],"is_endless":false,"potions_floor_spawned":[3,5,8,10,12],"killed_by":"3 Louse","ascension_level":0}