{"gold_per_floor":[111,122,140,140,140,152,152,44,69,80,109,126,138,153,153,255,255,267,207,140,154,164,164,16,16,66,66,80,80],"floor_reached":29,"playtime":2279,"items_purged":[],"score":229,"play_id":"bfb72494-d91d-4455-b7f6-ecccc9f67c43","local_time":"20190705115557","is_ascension_mode":false,"campfire_choices":[{"data":"Capacitor","floor":7.0,"key":"SMITH"},{"floor":15.0,"key":"REST"},{"floor":23,"key":"REST"},{"floor":25,"key":"REST"}],"neow_cost":"NONE","seed_source_timestamp":0,"circlet_count":0,"master_deck":["Defend_B","Defend_B+1","Defend_B","Zap","Dualcast","FTL","Ball Lightning","Conserve Battery","Chaos","Doom and Gloom+1","Capacitor+1","Lockon","Self Repair","Barrage","Multi-Cast","Stack","Consume","Redo","Machine Learning","Doom and Gloom+1","Chill+1","Loop+1","Coolheaded","Stack+1","Loop","Defragment","Cold Snap+1","Storm","Lockon","Writhe","Glacier"],"special_seed":0,"relics":["Cracked Core","Ancient Tea Set","Pen Nib","Astrolabe","Boot","Unceasing Top"],"potions_floor_usage":[],"damage_taken":[{"damage":6.0,"enemies":"Jaw Worm","floor":1.0,"turns":2.0},{"damage":0.0,"enemies":"Small Slimes","floor":2.0,"turns":2.0},{"damage":1.0,"enemies":"Cultist","floor":3.0,"turns":3.0},{"damage":7.0,"enemies":"Blue Slaver","floor":6.0,"turns":2.0},{"damage":0.0,"enemies":"Exordium Wildlife","floor":10.0,"turns":3.0},{"damage":15.0,"enemies":"Gremlin Nob","floor":11.0,"turns":4.0},{"damage":8.0,"enemies":"Red Slaver","floor":12.0,"turns":3.0},{"damage":16.0,"enemies":"Large Slime","floor":13.0,"turns":4.0},{"damage":8.0,"enemies":"2 Fungi Beasts","floor":14.0,"turns":4.0},{"damage":34.0,"enemies":"Hexaghost","floor":16.0,"turns":6.0},{"damage":17,"enemies":"Shell Parasite","floor":18,"turns":3},{"damage":17,"enemies":"2 Thieves","floor":19,"turns":4},{"damage":21,"enemies":"Centurion and Healer","floor":21,"turns":5},{"damage":21,"enemies":"Cultist and Chosen","floor":22,"turns":8},{"damage":20,"enemies":"Snake Plant","floor":28,"turns":4},{"damage":42,"enemies":"Gremlin Leader","floor":29,"turns":7}],"seed_played":"-7608244708615372927","potions_obtained":[{"floor":2.0,"key":"SpeedPotion"},{"floor":6.0,"key":"EntropicBrew"},{"floor":11.0,"key":"Strength Potion"},{"floor":16.0,"key":"Ancient Potion"},{"floor":22,"key":"GamblersBrew"}],"is_trial":false,"path_per_floor":["M","M","M","?","?","M","R","$","T","M","E","M","M","M","R","B",null,"M","M","$","M","M","R","$","R","T","?","M","E"],"character_chosen":"DEFECT","items_purchased":["Lockon","Self Repair","Loop","Storm","Lockon"],"campfire_rested":3,"item_purchase_floors":[8,8,20,24,24],"current_hp_per_floor":[69,69,68,68,53,46,46,46,46,53,45,44,35,34,56,29,75,58,41,41,27,13,35,35,57,57,57,37,0],"gold":80,"neow_bonus":"TRANSFORM_CARD","is_prod":false,"is_daily":false,"chose_seed":false,"campfire_upgraded":1,"win_rate":0.0,"timestamp":1562342157,"path_taken":["M","M","M","?","?","M","R","?","T","M","E","?","M","M","R","BOSS","M","M","?","M","M","R","$","R","T","?","M","E"],"build_version":"2019-07-01","purchased_purges":0,"victory":false,"max_hp_per_floor":[75,75,75,75,75,75,75,75,75,75,75,75,75,75,75,75,75,75,75,75,75,75,75,75,75,75,75,75,75],"card_choices":[{"not_picked":["Scrape","Barrage"],"picked":"Ball Lightning","floor":1.0},{"not_picked":["Stack","Rebound"],"picked":"Conserve Battery","floor":2.0},{"not_picked":["Go for the Eyes","Compile Driver"],"picked":"Chaos","floor":3.0},{"not_picked":["Gash","Ball Lightning"],"picked":"Capacitor","floor":6.0},{"not_picked":["Turbo","Hologram"],"picked":"Barrage","floor":10.0},{"not_picked":["BootSequence","Cold Snap"],"picked":"Multi-Cast","floor":11.0},{"not_picked":["Gash","Blizzard"],"picked":"Stack","floor":12.0},{"not_picked":["Glacier","Steam"],"picked":"Consume","floor":13.0},{"not_picked":["Cold Snap","Rebound"],"picked":"Redo","floor":14.0},{"not_picked":["Thunder Strike","Creative AI"],"picked":"Machine Learning","floor":16.0},{"not_picked":["Beam Cell+1","Cold Snap"],"picked":"Coolheaded","floor":18},{"not_picked":["FTL+1","Gash"],"picked":"Stack+1","floor":19},{"not_picked":["Biased Cognition","Steam Power"],"picked":"Defragment","floor":21},{"not_picked":["Beam Cell","Sweeping Beam"],"picked":"Cold Snap+1","floor":22},{"not_picked":["Stack","Sweeping Beam+1"],"picked":"Glacier","floor":28}],"player_experience":50926,"relics_obtained":[{"floor":9.0,"key":"Ancient Tea Set"},{"floor":11.0,"key":"Pen Nib"},{"floor":26,"key":"Boot"}],"event_choices":[{"damage_healed":0.0,"max_hp_gain":0.0,"max_hp_loss":0.0,"gold_gain":0.0,"cards_transformed":["Strike_B"],"event_name":"Living Wall","player_choice":"Change","floor":4.0,"gold_loss":0.0,"damage_taken":0.0,"cards_obtained":["Doom and Gloom"]},{"damage_healed":0.0,"max_hp_gain":0.0,"max_hp_loss":0.0,"gold_gain":0.0,"event_name":"Shining Light","player_choice":"Entered Light","floor":5.0,"gold_loss":0.0,"damage_taken":15.0,"cards_upgraded":["Defend_B","Doom and Gloom"]},{"damage_healed":0,"gold_gain":0,"player_choice":"Opened","damage_taken":0,"relics_obtained":["Unceasing Top"],"max_hp_gain":0,"max_hp_loss":0,"event_name":"The Mausoleum","floor":27,"gold_loss":0,"cards_obtained":["Writhe"]}],"is_beta":false,"boss_relics":[{"not_picked":["Ectoplasm","Calling Bell"],"picked":"Astrolabe"}],"items_purged_floors":[],"is_endless":false,"potions_floor_spawned":[2,6,11,13,16,22],"killed_by":"Gremlin Leader","ascension_level":0}