{"gold_per_floor":[117,117,135,189,189,189,201,216,216,216,244,244,269,288,288,393,393,406,417,430,430,0,27,27,27,82,94,124,148,187,199,211,323,335,361,373,385,416,388,400,422,434,446,21,40,40,50,150,150,150],"floor_reached":50,"playtime":4599,"items_purged":["Strike_G","Writhe"],"score":555,"play_id":"36eb5d40-e193-4b7a-830b-4569425cb3ea","local_time":"20190706142537","is_ascension_mode":false,"campfire_choices":[{"data":"Calculated Gamble","floor":6,"key":"SMITH"},{"data":"Endless Agony","floor":10,"key":"SMITH"},{"data":"Neutralize","floor":12,"key":"SMITH"},{"floor":15,"key":"REST"},{"floor":24,"key":"REST"},{"floor":27,"key":"REST"},{"floor":32,"key":"REST"},{"floor":40,"key":"REST"},{"floor":42,"key":"REST"},{"data":"Corpse Explosion","floor":46,"key":"SMITH"},{"floor":49,"key":"REST"}],"neow_cost":"NONE","seed_source_timestamp":5636359900162,"circlet_count":0,"master_deck":["Strike_G","Strike_G","Strike_G","Strike_G","Defend_G","Defend_G","Defend_G","Defend_G","Defend_G","Survivor","Neutralize+1","Corpse Explosion+1","Calculated Gamble+1","Backstab","Outmaneuver","Endless Agony+1","Slice","Envenom","Bane+1","Tools of the Trade","Slice+1","Catalyst","Dash+1","Infinite Blades","Finisher+1","Flash of Steel+1","Sucker Punch+1","Well Laid Plans","Dagger Spray+1","Quick Slash+1","Backstab+1","Corpse Explosion+1","Slice+1","Trip","PiercingWail+1","Parasite","Bane+1","Secret Technique","Slice+1","Terror","Catalyst+1"],"relics":["Ring of the Serpent","Paper Crane","Odd Mushroom","Molten Egg 2","Boot","Potion Belt","MawBank","Incense Burner","WristBlade","Bottled Tornado","Snake Skull","Tough Bandages"],"potions_floor_usage":[13,13,13,16,20,23,23,28,30,30,30,30,47,47,50,50],"damage_taken":[{"damage":0,"enemies":"Small Slimes","floor":1,"turns":2},{"damage":0,"enemies":"2 Louse","floor":3,"turns":2},{"damage":0,"enemies":"Jaw Worm","floor":7,"turns":2},{"damage":3,"enemies":"Blue Slaver","floor":8,"turns":3},{"damage":0,"enemies":"The Mushroom Lair","floor":11,"turns":2},{"damage":10,"enemies":"3 Sentries","floor":13,"turns":4},{"damage":0,"enemies":"Lots of Slimes","floor":14,"turns":3},{"damage":7,"enemies":"Slime Boss","floor":16,"turns":9},{"damage":9,"enemies":"Shell Parasite","floor":18,"turns":8},{"damage":2,"enemies":"Chosen","floor":19,"turns":4},{"damage":7,"enemies":"Centurion and Healer","floor":20,"turns":5},{"damage":18,"enemies":"Gremlin Leader","floor":23,"turns":6},{"damage":11,"enemies":"3 Cultists","floor":28,"turns":3},{"damage":8,"enemies":"Snecko","floor":29,"turns":6},{"damage":36,"enemies":"Slavers","floor":30,"turns":3},{"damage":41,"enemies":"Automaton","floor":33,"turns":12},{"damage":6,"enemies":"Orb Walker","floor":35,"turns":2},{"damage":12,"enemies":"3 Darklings","floor":38,"turns":3},{"damage":14,"enemies":"Writhing Mass","floor":41,"turns":6},{"damage":11,"enemies":"Spire Growth","floor":45,"turns":3},{"damage":9,"enemies":"Transient","floor":47,"turns":5},{"damage":17,"enemies":"Mind Bloom Boss Battle","floor":48,"turns":5},{"damage":70,"enemies":"Donu and Deca","floor":50,"turns":5}],"seed_played":"4500625649574338623","potions_obtained":[{"floor":7,"key":"Regen Potion"},{"floor":8,"key":"Ancient Potion"},{"floor":11,"key":"Fire Potion"},{"floor":13,"key":"PowerPotion"},{"floor":18,"key":"Weak Potion"},{"floor":25,"key":"PowerPotion"},{"floor":25,"key":"Regen Potion"},{"floor":25,"key":"EssenceOfSteel"},{"floor":28,"key":"PowerPotion"},{"floor":29,"key":"AttackPotion"},{"floor":39,"key":"Block Potion"},{"floor":39,"key":"Energy Potion"},{"floor":39,"key":"FairyPotion"},{"floor":45,"key":"Explosive Potion"},{"floor":48,"key":"Explosive Potion"}],"is_trial":false,"path_per_floor":["M","?","M","?","?","R","M","M","T","R","?","R","E","M","R","B",null,"M","M","M","?","$","E","R","?","T","R","M","M","E","?","R","B",null,"M","?","?","M","?","R","M","R","T","$","M","R","M","?","R","B"],"character_chosen":"THE_SILENT","items_purchased":["Infinite Blades","Finisher+1","Flash of Steel+1","Fire Potion","Strength Potion","Sucker Punch+1","Snake Skull","Secret Technique"],"campfire_rested":7,"item_purchase_floors":[22,22,22,22,22,22,44,44],"current_hp_per_floor":[70,70,70,70,70,70,70,67,67,67,67,67,63,63,70,63,70,61,59,52,52,52,34,55,55,55,70,59,51,24,24,45,4,70,64,64,64,52,52,70,56,70,70,70,59,59,50,33,54,0],"gold":150,"neow_bonus":"ONE_RANDOM_RARE_CARD","is_prod":false,"is_daily":false,"chose_seed":false,"campfire_upgraded":4,"win_rate":0.0,"timestamp":1562419537,"path_taken":["M","?","M","?","?","R","M","M","T","R","?","R","E","M","R","BOSS","M","M","M","?","$","E","R","?","T","R","M","?","E","?","R","BOSS","M","?","?","M","?","R","M","R","T","$","?","R","M","?","R","BOSS"],"build_version":"2019-07-05","purchased_purges":2,"victory":false,"max_hp_per_floor":[70,70,70,70,70,70,70,70,70,70,70,70,70,70,70,70,70,70,70,70,70,70,70,70,70,70,70,70,70,70,70,70,70,70,70,70,70,70,70,70,70,70,70,70,70,70,70,70,70,70],"card_choices":[{"not_picked":["Backflip","Quick Slash"],"picked":"Calculated Gamble","floor":1},{"not_picked":["Riddle With Holes","Tactician"],"picked":"Backstab","floor":3},{"not_picked":["Skewer","Acrobatics"],"picked":"Outmaneuver","floor":7},{"not_picked":["Quick Slash","Flying Knee"],"picked":"Endless Agony","floor":8},{"not_picked":["Poisoned Stab","Expertise"],"picked":"Slice","floor":11},{"not_picked":["Backflip","Tactician"],"picked":"Envenom","floor":13},{"not_picked":["Poisoned Stab+1","Outmaneuver"],"picked":"Bane+1","floor":14},{"not_picked":["Adrenaline","Venomology"],"picked":"Tools of the Trade","floor":16},{"not_picked":["Outmaneuver","Poisoned Stab+1"],"picked":"Slice+1","floor":18},{"not_picked":["Finisher+1","Expertise+1"],"picked":"Catalyst","floor":19},{"not_picked":["Noxious Fumes+1","Well Laid Plans"],"picked":"Dash+1","floor":20},{"not_picked":["Masterful Stab+1","Bouncing Flask"],"picked":"Well Laid Plans","floor":23},{"not_picked":["Blade Dance","Tactician"],"picked":"Dagger Spray+1","floor":28},{"not_picked":["Deadly Poison","Deflect"],"picked":"Quick Slash+1","floor":29},{"not_picked":["Catalyst","Bane+1"],"picked":"Backstab+1","floor":30},{"not_picked":["Tools of the Trade","A Thousand Cuts"],"picked":"Corpse Explosion","floor":33},{"not_picked":["Blade Dance","PiercingWail+1"],"picked":"Slice+1","floor":35},{"not_picked":["HandOfGreed+1","Madness"],"picked":"Trip","floor":37},{"not_picked":["Flying Knee+1","Deadly Poison"],"picked":"PiercingWail+1","floor":38},{"not_picked":["Dodge and Roll","Dagger Spray+1"],"picked":"Bane+1","floor":41},{"not_picked":["Flying Knee+1","Deadly Poison+1"],"picked":"Slice+1","floor":45},{"not_picked":["Acrobatics+1","Outmaneuver+1"],"picked":"Terror","floor":47},{"not_picked":["Predator+1","Heel Hook+1"],"picked":"Catalyst+1","floor":48}],"player_experience":61872,"relics_obtained":[{"floor":9,"key":"Paper Crane"},{"floor":11,"key":"Odd Mushroom"},{"floor":13,"key":"Molten Egg 2"},{"floor":23,"key":"Potion Belt"},{"floor":26,"key":"MawBank"},{"floor":30,"key":"Incense Burner"},{"floor":43,"key":"Bottled Tornado"},{"floor":48,"key":"Tough Bandages"}],"event_choices":[{"damage_healed":0,"gold_gain":0,"player_choice":"Ignored","damage_taken":0,"max_hp_gain":0,"max_hp_loss":0,"event_name":"Liars Game","floor":2,"gold_loss":0},{"damage_healed":0,"gold_gain":54,"player_choice":"Gained Gold","damage_taken":0,"max_hp_gain":0,"max_hp_loss":0,"event_name":"Golden Wing","floor":4,"gold_loss":0},{"damage_healed":0,"gold_gain":0,"player_choice":"Grow","damage_taken":0,"max_hp_gain":0,"max_hp_loss":0,"event_name":"Living Wall","floor":5,"gold_loss":0,"cards_upgraded":["Corpse Explosion"]},{"damage_healed":0,"gold_gain":0,"player_choice":"Fought Mushrooms","damage_taken":0,"max_hp_gain":0,"max_hp_loss":0,"event_name":"Mushrooms","floor":11,"gold_loss":0},{"damage_healed":0,"gold_gain":0,"player_choice":"Opened","damage_taken":0,"relics_obtained":["Boot"],"max_hp_gain":0,"max_hp_loss":0,"event_name":"The Mausoleum","floor":21,"gold_loss":0,"cards_obtained":["Writhe"]},{"damage_healed":0,"gold_gain":0,"player_choice":"Got Potions","damage_taken":0,"max_hp_gain":0,"max_hp_loss":0,"event_name":"Lab","floor":25,"gold_loss":0},{"damage_healed":0,"gold_gain":0,"player_choice":"Ignored","damage_taken":0,"max_hp_gain":0,"max_hp_loss":0,"event_name":"Ghosts","floor":31,"gold_loss":0},{"damage_healed":0,"gold_gain":0,"player_choice":"Ignored","damage_taken":0,"max_hp_gain":0,"max_hp_loss":0,"event_name":"Tomb of Lord Red Mask","floor":36,"gold_loss":0},{"damage_healed":0,"gold_gain":0,"player_choice":"Memory 1","damage_taken":0,"max_hp_gain":0,"max_hp_loss":0,"event_name":"SensoryStone","floor":37,"gold_loss":0},{"damage_healed":0,"gold_gain":0,"player_choice":"Bought 3 Potions","damage_taken":0,"max_hp_gain":0,"max_hp_loss":0,"event_name":"The Woman in Blue","floor":39,"gold_loss":0},{"damage_healed":0,"gold_gain":0,"player_choice":"Fight","damage_taken":0,"max_hp_gain":0,"max_hp_loss":0,"event_name":"MindBloom","floor":48,"gold_loss":0}],"is_beta":false,"boss_relics":[{"not_picked":["Busted Crown","Tiny House"],"picked":"Ring of the Serpent"},{"not_picked":["White Beast Statue","Snecko Eye"],"picked":"WristBlade"}],"items_purged_floors":[22,44],"is_endless":false,"potions_floor_spawned":[7,8,11,13,18,28,29,45,48],"killed_by":"Donu and Deca","ascension_level":0}