{"gold_per_floor":[114,127,127,127,146,177,200,200,223,234,267,285,312,331,331,436,436,453,453,473,486,500,528,528,563,588,603,235,235,157,204,216,323,335,366,402,514,545,557,569,596,641,653,665,709,737,234,247,247,247],"floor_reached":51,"playtime":1536,"items_purged":["Strike_G","Strike_G"],"score":1343,"play_id":"15117c50-298c-4961-83b7-30307bb3a378","local_time":"20190706163743","is_ascension_mode":true,"campfire_choices":[{"data":"True Grit","floor":15.0,"key":"SMITH"},{"data":"Disarm","floor":24.0,"key":"SMITH"},{"data":"Feel No Pain","floor":32.0,"key":"SMITH"},{"data":"Second Wind","floor":40.0,"key":"SMITH"},{"data":"Ghostly Armor","floor":44.0,"key":"SMITH"},{"data":"Armaments","floor":49.0,"key":"SMITH"}],"neow_cost":"","seed_source_timestamp":0,"circlet_count":0,"master_deck":["Trip+1","Defend_G","Defend_G","Defend_G","Defend_G+1","Strike_G+1","Strike_G+1","Perfected Strike+1","Perfected Strike+1","True Grit+1","Ghostly Armor+1","Thunderclap+1","Whirlwind+1","Disarm+1","Wild Strike+1","Bludgeon+1","Demon Form+1","Battle Trance+1","Twin Strike+1","Feed+1","Heavy Blade+1","Second Wind+1","Sword Boomerang+1","Feel No Pain+1","Flex+1","Impervious","Heavy Blade+1","Rage","Perfected Strike+1","Reaper+1","Battle Trance","Armaments+1","Madness","Perfected Strike+1"],"special_seed":0,"relics":["Burning Blood","Molten Egg 2","Happy Flower","Centennial Puzzle","Odd Mushroom","Pen Nib","Whetstone","Blood Vial","Velvet Choker","Matryoshka","Oddly Smooth Stone","Bag of Preparation","Dream Catcher","ClockworkSouvenir","MawBank","Darkstone Periapt","Sozu","Orichalcum","Shovel","Smiling Mask","Bag of Marbles","Peace Pipe","Anchor"],"potions_floor_usage":[50],"damage_taken":[{"damage":12.0,"enemies":"Small Slimes","floor":1.0,"turns":4.0},{"damage":0.0,"enemies":"Cultist","floor":2.0,"turns":3.0},{"damage":1.0,"enemies":"2 Louse","floor":5.0,"turns":2.0},{"damage":0.0,"enemies":"Gremlin Nob","floor":6.0,"turns":2.0},{"damage":0.0,"enemies":"The Mushroom Lair","floor":7.0,"turns":4.0},{"damage":0.0,"enemies":"Looter","floor":10.0,"turns":2.0},{"damage":2.0,"enemies":"3 Sentries","floor":11.0,"turns":5.0},{"damage":0.0,"enemies":"Gremlin Gang","floor":12.0,"turns":1.0},{"damage":10.0,"enemies":"Lagavulin","floor":13.0,"turns":3.0},{"damage":0.0,"enemies":"Lots of Slimes","floor":14.0,"turns":1.0},{"damage":18.0,"enemies":"Hexaghost","floor":16.0,"turns":7.0},{"damage":0.0,"enemies":"3 Byrds","floor":18.0,"turns":3.0},{"damage":2.0,"enemies":"Shell Parasite","floor":20.0,"turns":2.0},{"damage":11.0,"enemies":"Snake Plant","floor":21.0,"turns":3.0},{"damage":7.0,"enemies":"Centurion and Healer","floor":22.0,"turns":4.0},{"damage":2.0,"enemies":"Gremlin Leader","floor":23.0,"turns":4.0},{"damage":25.0,"enemies":"Book of Stabbing","floor":25.0,"turns":5.0},{"damage":8.0,"enemies":"Snecko","floor":27.0,"turns":3.0},{"damage":0.0,"enemies":"Gremlin Leader","floor":31.0,"turns":3.0},{"damage":32.0,"enemies":"Champ","floor":33.0,"turns":8.0},{"damage":0.0,"enemies":"3 Darklings","floor":35.0,"turns":1.0},{"damage":13.0,"enemies":"Mind Bloom Boss Battle","floor":37.0,"turns":9.0},{"damage":0.0,"enemies":"3 Shapes","floor":38.0,"turns":1.0},{"damage":19.0,"enemies":"Spire Growth","floor":41.0,"turns":3.0},{"damage":14.0,"enemies":"Reptomancer","floor":42.0,"turns":4.0},{"damage":7.0,"enemies":"Giant Head","floor":45.0,"turns":5.0},{"damage":21.0,"enemies":"Writhing Mass","floor":46.0,"turns":4.0},{"damage":4.0,"enemies":"Maw","floor":48.0,"turns":5.0},{"damage":45,"enemies":"Awakened One","floor":50,"turns":7}],"seed_played":"-6688404006386105120","potions_obtained":[{"floor":1.0,"key":"Strength Potion"},{"floor":2.0,"key":"Explosive Potion"},{"floor":6.0,"key":"SkillPotion"},{"floor":7.0,"key":"Block Potion"},{"floor":21.0,"key":"SteroidPotion"},{"floor":27.0,"key":"Swift Potion"}],"is_trial":true,"path_per_floor":["M","M","?","?","M","E","?","?","T","M","E","M","E","M","R","B",null,"M","?","M","M","M","E","R","E","T","M","$","T","?","E","R","B",null,"M","T","?","M","?","R","M","E","T","R","E","M","$","M","R","B",null],"character_chosen":"IRONCLAD","items_purchased":["Sword Boomerang+1","Feel No Pain","ClockworkSouvenir","Reaper+1","Anchor","Battle Trance","Armaments","Madness"],"campfire_rested":0,"item_purchase_floors":[28,28,28,47,47,47,47,47],"current_hp_per_floor":[66,72,47,47,52,58,64,64,64,70,74,80,76,80,80,68,77,80,80,80,75,76,80,80,61,61,65,65,65,65,73,73,49,75,83,83,81,88,88,88,79,73,73,73,74,61,61,69,69,75],"gold":247,"neow_bonus":"","is_prod":false,"is_daily":false,"chose_seed":false,"campfire_upgraded":6,"win_rate":0,"timestamp":1562398663,"path_taken":["M","M","?","?","?","E","?","?","T","M","E","M","E","M","R","BOSS","M","?","?","?","M","E","R","E","T","M","$","?","?","E","R","BOSS","M","?","?","M","?","R","M","E","T","R","E","?","$","M","R","BOSS"],"build_version":"2019-07-01","purchased_purges":2,"victory":true,"max_hp_per_floor":[80,80,80,80,80,80,80,80,80,80,80,80,80,80,80,80,80,80,80,80,80,80,80,80,80,80,84,84,84,84,84,84,84,84,84,84,88,88,88,88,92,92,92,92,92,92,92,96,96,96],"card_choices":[{"not_picked":["Fire Breathing","Feel No Pain"],"picked":"Perfected Strike+1","floor":1.0},{"not_picked":["Heavy Blade+1","Battle Trance"],"picked":"Perfected Strike+1","floor":2.0},{"not_picked":["Entrench","Heavy Blade+1"],"picked":"True Grit","floor":5.0},{"not_picked":["Carnage+1","True Grit"],"picked":"Ghostly Armor","floor":6.0},{"not_picked":["Burning Pact","Clash+1"],"picked":"Thunderclap+1","floor":7.0},{"not_picked":["Double Tap","Havoc"],"picked":"Whirlwind+1","floor":10.0},{"not_picked":["Wild Strike+1","Iron Wave+1"],"picked":"Disarm","floor":11.0},{"not_picked":["Thunderclap+1","Corruption"],"picked":"Wild Strike+1","floor":12.0},{"not_picked":["Fire Breathing","Cleave+1"],"picked":"Bludgeon+1","floor":13.0},{"not_picked":["Sentinel","Sword Boomerang+1","Anger+1"],"picked":"SKIP","floor":14.0},{"not_picked":["Juggernaut","Impervious"],"picked":"Demon Form","floor":16.0},{"not_picked":["Headbutt+1","Cleave+1"],"picked":"Battle Trance","floor":18.0},{"not_picked":["Havoc","Wild Strike+1","Clothesline+1"],"picked":"SKIP","floor":20.0},{"not_picked":["Clothesline+1","Flex"],"picked":"Twin Strike+1","floor":21.0},{"not_picked":["Havoc","Pommel Strike+1"],"picked":"Feed+1","floor":22.0},{"not_picked":["Battle Trance","Wild Strike+1"],"picked":"Heavy Blade+1","floor":23.0},{"not_picked":["Spot Weakness","Demon Form"],"picked":"Second Wind","floor":25.0},{"not_picked":["Searing Blow+1","Havoc","Thunderclap+1"],"picked":"SKIP","floor":27.0},{"not_picked":["Wild Strike+1","Intimidate"],"picked":"Flex+1","floor":31.0},{"not_picked":["Demon Form","Immolate+1"],"picked":"Impervious","floor":33.0},{"not_picked":["Flex+1","Ghostly Armor+1"],"picked":"Heavy Blade+1","floor":35.0},{"not_picked":["Whirlwind+1","Flex+1","Twin Strike+1"],"picked":"SKIP","floor":38.0},{"not_picked":["Flex+1","Body Slam+1","Entrench+1"],"picked":"SKIP","floor":41.0},{"not_picked":["Wild Strike+1","Combust+1","Warcry+1"],"picked":"SKIP","floor":42.0},{"not_picked":["Flame Barrier","Headbutt+1"],"picked":"Rage","floor":45.0},{"not_picked":["Thunderclap+1","Sword Boomerang+1"],"picked":"Perfected Strike+1","floor":46.0},{"not_picked":["Twin Strike+1","Impervious"],"picked":"Perfected Strike+1","floor":48.0}],"player_experience":179303,"relics_obtained":[{"floor":6.0,"key":"Centennial Puzzle"},{"floor":7.0,"key":"Odd Mushroom"},{"floor":9.0,"key":"Pen Nib"},{"floor":11.0,"key":"Whetstone"},{"floor":13.0,"key":"Blood Vial"},{"floor":23.0,"key":"Matryoshka"},{"floor":25.0,"key":"Oddly Smooth Stone"},{"floor":26.0,"key":"Bag of Preparation"},{"floor":26.0,"key":"Dream Catcher"},{"floor":29.0,"key":"MawBank"},{"floor":29.0,"key":"Darkstone Periapt"},{"floor":36.0,"key":"Orichalcum"},{"floor":37.0,"key":"Shovel"},{"floor":42.0,"key":"Smiling Mask"},{"floor":43.0,"key":"Bag of Marbles"},{"floor":45.0,"key":"Peace Pipe"}],"event_choices":[{"damage_healed":0.0,"max_hp_gain":0.0,"max_hp_loss":0.0,"gold_gain":0.0,"event_name":"Scrap Ooze","player_choice":"Success","floor":3.0,"gold_loss":0.0,"damage_taken":25.0,"relics_obtained":["Happy Flower"]},{"damage_healed":0.0,"max_hp_gain":0.0,"max_hp_loss":0.0,"gold_gain":0.0,"event_name":"Upgrade Shrine","player_choice":"Upgraded","floor":4.0,"gold_loss":0.0,"damage_taken":0.0,"cards_upgraded":["Defend_G"]},{"damage_healed":0.0,"max_hp_gain":0.0,"max_hp_loss":0.0,"gold_gain":0.0,"event_name":"Mushrooms","player_choice":"Fought Mushrooms","floor":7.0,"gold_loss":0.0,"damage_taken":0.0},{"damage_healed":0.0,"max_hp_gain":0.0,"max_hp_loss":0.0,"gold_gain":0.0,"event_name":"Liars Game","player_choice":"Ignored","floor":8.0,"gold_loss":0.0,"damage_taken":0.0},{"damage_healed":0.0,"max_hp_gain":0.0,"max_hp_loss":0.0,"gold_gain":0.0,"event_name":"Upgrade Shrine","player_choice":"Upgraded","floor":19.0,"gold_loss":0.0,"damage_taken":0.0,"cards_upgraded":["Demon Form"]},{"cards_removed":["Strike_G"],"damage_healed":0.0,"max_hp_gain":0.0,"max_hp_loss":0.0,"gold_gain":0.0,"event_name":"Designer","player_choice":"Upgrade and Remove","floor":30.0,"gold_loss":90.0,"damage_taken":0.0,"cards_upgraded":["Battle Trance"]},{"damage_healed":0.0,"max_hp_gain":0.0,"max_hp_loss":0.0,"gold_gain":0.0,"event_name":"MindBloom","player_choice":"Fight","floor":37.0,"gold_loss":0.0,"damage_taken":0.0},{"damage_healed":0.0,"max_hp_gain":0.0,"max_hp_loss":0.0,"gold_gain":0.0,"event_name":"Tomb of Lord Red Mask","player_choice":"Ignored","floor":39.0,"gold_loss":0.0,"damage_taken":0.0}],"is_beta":false,"boss_relics":[{"not_picked":["Pandora\u0027s Box","Runic Dome"],"picked":"Velvet Choker"},{"not_picked":["Lizard Tail","Philosopher\u0027s Stone"],"picked":"Sozu"}],"items_purged_floors":[28,47],"is_endless":false,"potions_floor_spawned":[1,2,6,7,14,21,23,27,31,33,37,41,45,48],"ascension_level":10}