{"gold_per_floor":[112,125,15,32,47,47,78,153,153,153,153,164,65,81,81,185,185,202,222,241,141,66,95,110,128,128,148,148,177,0,33,33,128,128,138,155,5,22,32,59,91,91,91,101,132,16,16,29,29,29],"floor_reached":51,"playtime":7220,"items_purged":["Strike_R","Strike_R","Strike_R"],"score":946,"play_id":"0e516a2c-aff7-4aa1-be22-57c3087d0675","local_time":"20190627180520","is_ascension_mode":true,"campfire_choices":[{"data":"Rage","floor":6.0,"key":"SMITH"},{"data":"Whirlwind","floor":11.0,"key":"SMITH"},{"data":"Armaments","floor":15.0,"key":"SMITH"},{"data":"Spot Weakness","floor":32,"key":"SMITH"},{"floor":42,"key":"REST"},{"floor":47,"key":"REST"},{"floor":49,"key":"REST"}],"neow_cost":"PERCENT_DAMAGE","seed_source_timestamp":0,"circlet_count":0,"master_deck":["Strike_R","Defend_R","Defend_R","Defend_R","Defend_R","Bash","Twin Strike","Infernal Blade","Spot Weakness+1","Rage+1","Pummel","Immolate","Whirlwind+1","Iron Wave","Armaments+1","Heavy Blade","Reaper","Body Slam+1","Feed","Metallicize","Warcry+1","Armaments+1","Shrug It Off+1","Entrench+1","Demon Form","Headbutt+1","Burning Pact+1","Chrysalis+1","Clothesline+1","Ghostly Armor+1","Shrug It Off+1","Cleave+1","Body Slam+1","Cleave+1","Exhume+1","Battle Trance+1"],"special_seed":0,"relics":["Burning Blood","Magic Flower","Thread and Needle","Mercury Hourglass","Sozu","Paper Frog","Toxic Egg 2","WingedGreaves","Molten Egg 2","The Courier","Fusion Hammer","Orichalcum","Sundial","Darkstone Periapt"],"potions_floor_usage":[45,45],"damage_taken":[{"damage":1.0,"enemies":"Cultist","floor":1.0,"turns":3.0},{"damage":0.0,"enemies":"2 Louse","floor":2.0,"turns":4.0},{"damage":2.0,"enemies":"Jaw Worm","floor":4.0,"turns":3.0},{"damage":12.0,"enemies":"Exordium Wildlife","floor":5.0,"turns":3.0},{"damage":31.0,"enemies":"Lagavulin","floor":7.0,"turns":6.0},{"damage":4.0,"enemies":"Blue Slaver","floor":12.0,"turns":2.0},{"damage":0.0,"enemies":"2 Fungi Beasts","floor":14.0,"turns":2.0},{"damage":2.0,"enemies":"Slime Boss","floor":16.0,"turns":7.0},{"damage":0,"enemies":"Spheric Guardian","floor":18,"turns":3},{"damage":13,"enemies":"2 Thieves","floor":19,"turns":3},{"damage":0,"enemies":"Cultist and Chosen","floor":20,"turns":3},{"damage":8,"enemies":"Gremlin Leader","floor":23,"turns":4},{"damage":0,"enemies":"Snake Plant","floor":24,"turns":2},{"damage":0,"enemies":"Centurion and Healer","floor":25,"turns":4},{"damage":0,"enemies":"Snecko","floor":27,"turns":3},{"damage":12,"enemies":"Book of Stabbing","floor":29,"turns":4},{"damage":3,"enemies":"Gremlin Leader","floor":31,"turns":4},{"damage":72,"enemies":"Champ","floor":33,"turns":9},{"damage":2,"enemies":"3 Shapes","floor":35,"turns":2},{"damage":0,"enemies":"Orb Walker","floor":36,"turns":2},{"damage":18,"enemies":"3 Darklings","floor":38,"turns":4},{"damage":0,"enemies":"Sphere and 2 Shapes","floor":39,"turns":3},{"damage":30,"enemies":"Reptomancer","floor":40,"turns":5},{"damage":33,"enemies":"Nemesis","floor":41,"turns":5},{"damage":25,"enemies":"Writhing Mass","floor":44,"turns":7},{"damage":62,"enemies":"Giant Head","floor":45,"turns":8},{"damage":26,"enemies":"Maw","floor":48,"turns":7},{"damage":71,"enemies":"Awakened One","floor":50,"turns":14}],"seed_played":"-8056860843620163245","potions_obtained":[{"floor":4.0,"key":"Weak Potion"},{"floor":5.0,"key":"BloodPotion"},{"floor":14.0,"key":"Block Potion"}],"is_trial":false,"path_per_floor":["M","M","$","M","M","R","E","?","T","?","R","M","$","M","R","B",null,"M","M","M","$","?","E","M","M","T","M","T","E","$","E","R","B",null,"M","M","$","M","M","E","E","R","T","M","E","$","R","M","R","B",null],"character_chosen":"IRONCLAD","items_purchased":["Spot Weakness","Rage","Armaments","Shrug It Off+1","Chrysalis+1","Exhume+1"],"campfire_rested":3,"item_purchase_floors":[3,3,13,30,37,46],"current_hp_per_floor":[64,73,73,80,77,77,55,44,44,70,70,75,75,80,80,80,80,80,76,80,80,80,80,80,80,80,80,80,77,77,80,80,17,80,84,84,84,75,87,87,63,87,87,71,30,30,56,81,87,83],"gold":29,"neow_bonus":"ONE_RARE_RELIC","is_prod":false,"is_daily":false,"chose_seed":false,"campfire_upgraded":4,"win_rate":0,"timestamp":1561673120,"path_taken":["M","M","$","M","?","R","E","?","T","?","R","M","?","?","R","BOSS","M","M","M","$","?","E","M","M","T","M","?","E","$","E","R","BOSS","M","M","$","M","M","E","E","R","T","M","E","$","R","M","R","BOSS"],"build_version":"2019-01-23","purchased_purges":3,"victory":true,"max_hp_per_floor":[80,80,80,80,80,80,80,80,80,80,80,80,80,80,80,80,80,80,80,80,80,80,80,80,80,80,80,80,80,80,80,80,80,80,84,84,84,84,87,87,87,87,87,87,87,87,87,87,87,87],"card_choices":[{"not_picked":["True Grit","Clothesline"],"picked":"Twin Strike","floor":1.0},{"not_picked":["Hemokinesis","Disarm"],"picked":"Infernal Blade","floor":2.0},{"not_picked":["Second Wind","Perfected Strike"],"picked":"Pummel","floor":4.0},{"not_picked":["Combust","Clothesline"],"picked":"Immolate","floor":5.0},{"not_picked":["Body Slam","Havoc"],"picked":"Whirlwind","floor":7.0},{"not_picked":["Dropkick","Seeing Red"],"picked":"Iron Wave","floor":12.0},{"not_picked":["Havoc","Wild Strike"],"picked":"Heavy Blade","floor":14.0},{"not_picked":["Dark Embrace","Demon Form"],"picked":"Reaper","floor":16.0},{"not_picked":["Pommel Strike","Perfected Strike"],"picked":"Body Slam+1","floor":18},{"not_picked":["Clothesline","Body Slam","Intimidate"],"picked":"SKIP","floor":19},{"not_picked":["Wild Strike","Sever Soul","Perfected Strike"],"picked":"SKIP","floor":20},{"not_picked":["Fire Breathing","Pommel Strike","Perfected Strike"],"picked":"SKIP","floor":23},{"not_picked":["Infernal Blade","Thunderclap"],"picked":"Feed","floor":24},{"not_picked":["Sever Soul","Warcry"],"picked":"Metallicize","floor":25},{"not_picked":["Iron Wave","Second Wind+1"],"picked":"Warcry+1","floor":27},{"not_picked":["Warcry+1","Dark Embrace"],"picked":"Armaments+1","floor":29},{"not_picked":["Flex+1","Second Wind+1"],"picked":"Entrench+1","floor":31},{"not_picked":["Bludgeon+1","Exhume+1"],"picked":"Demon Form","floor":33},{"not_picked":["Metallicize+1","Iron Wave+1"],"picked":"Headbutt+1","floor":35},{"not_picked":["Wild Strike+1","Flex+1"],"picked":"Burning Pact+1","floor":36},{"not_picked":["Armaments+1","Rampage+1"],"picked":"Clothesline+1","floor":38},{"not_picked":["Dual Wield+1","Seeing Red+1"],"picked":"Ghostly Armor+1","floor":39},{"not_picked":["Clothesline+1","Warcry+1"],"picked":"Shrug It Off+1","floor":40},{"not_picked":["Sentinel+1","Havoc+1"],"picked":"Cleave+1","floor":41},{"not_picked":["Havoc+1","Cleave+1"],"picked":"Body Slam+1","floor":44},{"not_picked":["Brutality","Warcry+1"],"picked":"Cleave+1","floor":45},{"not_picked":["True Grit+1","Cleave+1"],"picked":"Battle Trance+1","floor":48}],"player_experience":277117,"relics_obtained":[{"floor":7.0,"key":"Thread and Needle"},{"floor":9.0,"key":"Mercury Hourglass"},{"floor":23,"key":"Paper Frog"},{"floor":26,"key":"Toxic Egg 2"},{"floor":28,"key":"WingedGreaves"},{"floor":29,"key":"Molten Egg 2"},{"floor":31,"key":"The Courier"},{"floor":41,"key":"Orichalcum"},{"floor":43,"key":"Sundial"},{"floor":45,"key":"Darkstone Periapt"}],"event_choices":[{"damage_healed":0.0,"max_hp_gain":0.0,"max_hp_loss":0.0,"gold_gain":75.0,"event_name":"World of Goop","player_choice":"Gather Gold","floor":8.0,"gold_loss":0.0,"damage_taken":11.0},{"damage_healed":26.0,"max_hp_gain":0.0,"max_hp_loss":0.0,"gold_gain":0.0,"event_name":"Big Fish","player_choice":"Banana","floor":10.0,"gold_loss":0.0,"damage_taken":0.0},{"cards_removed":["Strike_R"],"damage_healed":0,"gold_gain":0,"player_choice":"Gave Gold","damage_taken":0,"max_hp_gain":0,"max_hp_loss":0,"event_name":"Beggar","floor":22,"gold_loss":75}],"is_beta":false,"boss_relics":[{"not_picked":["Lizard Tail","Tiny House"],"picked":"Sozu"},{"not_picked":["Cursed Key","Empty Cage"],"picked":"Fusion Hammer"}],"items_purged_floors":[13,21,30],"is_endless":false,"potions_floor_spawned":[4,5,14,16,18,23,24,31,33,39,45,48],"ascension_level":3}