{"gold_per_floor":[109,119,139,139,163,180,238,76,76,76,26,26,101,116,116,217,217,235,254,268,72,92,92,126,139,139,64,14,24,24,56,56,161,161,178,92,112,131,142,142,153,153,232,246,49,69,69,86,86,86,86,86,9,42,42],"floor_reached":56,"playtime":7065,"items_purged":["Strike_G","Defend_G","Strike_G","Strike_G","Defend_G"],"score":1410,"play_id":"1bc49d5a-b57e-44b5-8c7e-5b68d31072b4","local_time":"20190710225004","is_ascension_mode":true,"campfire_choices":[{"data":"Backflip","floor":10.0,"key":"SMITH"},{"data":"Backflip","floor":12.0,"key":"SMITH"},{"data":"Catalyst","floor":15.0,"key":"SMITH"},{"data":"Burst","floor":23.0,"key":"SMITH"},{"data":"Discovery","floor":32.0,"key":"SMITH"},{"data":"Catalyst","floor":40.0,"key":"SMITH"},{"data":"Backflip","floor":42.0,"key":"SMITH"},{"floor":49.0,"key":"RECALL"},{"data":"Neutralize","floor":52.0,"key":"SMITH"}],"neow_cost":"NONE","seed_source_timestamp":55651119891398,"circlet_count":0,"master_deck":["Defend_G+1","Survivor","Neutralize+1","Poisoned Stab+1","Backflip+1","Poisoned Stab+1","Backflip+1","Bane+1","Discovery+1","Catalyst+1","Burst+1","PiercingWail","Skewer+1","Dagger Throw+1","Backstab","Acrobatics","Catalyst+1","Crippling Poison+1","Tools of the Trade+1","After Image+1","Skewer+1","Backflip+1","Catalyst+1","Backflip+1","PiercingWail+1","Catalyst+1","Footwork+1","Parasite","Prepared+1","Noxious Fumes","Acrobatics+1"],"special_seed":0,"relics":["Ring of the Snake","Lantern","Bag of Marbles","Smiling Mask","Philosopher\u0027s Stone","Whetstone","Darkstone Periapt","Pantograph","Vajra","Art of War","Astrolabe","Lee\u0027s Waffle","Pear"],"potions_floor_usage":[55,55],"damage_taken":[{"damage":2.0,"enemies":"Jaw Worm","floor":1.0,"turns":7.0},{"damage":3.0,"enemies":"Small Slimes","floor":2.0,"turns":3.0},{"damage":0.0,"enemies":"2 Louse","floor":3.0,"turns":2.0},{"damage":1.0,"enemies":"Exordium Wildlife","floor":6.0,"turns":3.0},{"damage":1.0,"enemies":"3 Sentries","floor":7.0,"turns":10.0},{"damage":2.0,"enemies":"Gremlin Gang","floor":14.0,"turns":2.0},{"damage":3.0,"enemies":"The Guardian","floor":16.0,"turns":7.0},{"damage":8.0,"enemies":"3 Byrds","floor":18.0,"turns":5.0},{"damage":0.0,"enemies":"Spheric Guardian","floor":19.0,"turns":2.0},{"damage":5.0,"enemies":"Cultist and Chosen","floor":20.0,"turns":5.0},{"damage":2.0,"enemies":"Centurion and Healer","floor":22.0,"turns":4.0},{"damage":2.0,"enemies":"Slavers","floor":24.0,"turns":5.0},{"damage":0.0,"enemies":"Shelled Parasite and Fungi","floor":25.0,"turns":2.0},{"damage":0.0,"enemies":"Chosen and Byrds","floor":29.0,"turns":4.0},{"damage":11.0,"enemies":"Book of Stabbing","floor":31.0,"turns":3.0},{"damage":12.0,"enemies":"Automaton","floor":33.0,"turns":4.0},{"damage":0.0,"enemies":"Orb Walker","floor":35.0,"turns":2.0},{"damage":7.0,"enemies":"3 Darklings","floor":37.0,"turns":4.0},{"damage":0.0,"enemies":"Jaw Worm Horde","floor":38.0,"turns":2.0},{"damage":1.0,"enemies":"Maw","floor":39.0,"turns":5.0},{"damage":0.0,"enemies":"3 Darklings","floor":41.0,"turns":3.0},{"damage":3.0,"enemies":"4 Shapes","floor":44.0,"turns":4.0},{"damage":8.0,"enemies":"Jaw Worm Horde","floor":46.0,"turns":3.0},{"damage":7.0,"enemies":"Writhing Mass","floor":48.0,"turns":3.0},{"damage":21.0,"enemies":"Donu and Deca","floor":50.0,"turns":9.0},{"damage":29,"enemies":"Shield and Spear","floor":54,"turns":4},{"damage":44,"enemies":"The Heart","floor":55,"turns":6}],"seed_played":"-7831779179568162056","potions_obtained":[{"floor":2.0,"key":"Energy Potion"},{"floor":6.0,"key":"EssenceOfSteel"},{"floor":14.0,"key":"Swift Potion"},{"floor":20.0,"key":"SpeedPotion"},{"floor":24.0,"key":"FearPotion"},{"floor":29.0,"key":"Explosive Potion"},{"floor":31.0,"key":"Dexterity Potion"},{"floor":33.0,"key":"Strength Potion"},{"floor":37.0,"key":"Weak Potion"},{"floor":48.0,"key":"Strength Potion"}],"is_trial":false,"path_per_floor":["M","M","M","?","T","M","?","$","T","R","$","R","?","M","R","B",null,"M","M","M","$","M","R","E","M","T","?","$","M","T","E","R","B",null,"M","$","M","M","M","R","M","R","T","M","$","M","?","M","R","B",null,"R","$","E","B",null],"character_chosen":"THE_SILENT","items_purchased":["Discovery","Whetstone","Catalyst","Lee\u0027s Waffle","Noxious Fumes"],"campfire_rested":0,"item_purchase_floors":[8,21,36,45,53],"current_hp_per_floor":[75,72,72,57,57,56,55,55,55,55,55,55,44,42,42,39,77,69,69,64,64,62,62,60,60,60,60,60,60,60,49,49,62,77,77,77,70,70,69,69,69,69,69,66,84,76,76,75,75,69,90,90,90,71,52],"gold":42,"neow_bonus":"TEN_PERCENT_HP_BONUS","is_prod":false,"is_daily":false,"chose_seed":false,"campfire_upgraded":8,"win_rate":0,"timestamp":1562813404,"path_taken":["M","M","M","?","?","M","?","$","T","R","?","R","?","M","R","BOSS","M","M","M","$","M","R","E","M","T","?","$","M","?","E","R","BOSS","M","$","M","M","M","R","M","R","T","M","$","M","?","M","R","BOSS","R","$","E","BOSS"],"build_version":"2019-07-05","purchased_purges":5,"victory":true,"max_hp_per_floor":[77,77,77,77,77,77,77,77,77,77,77,77,77,77,77,77,77,77,77,77,77,77,77,77,77,77,77,77,77,77,77,77,77,77,77,77,77,77,77,77,77,77,77,77,84,84,84,90,90,90,90,90,90,100,100],"card_choices":[{"not_picked":["Predator","Outmaneuver"],"picked":"Poisoned Stab","floor":1.0},{"not_picked":["Dagger Spray","Flechettes"],"picked":"Backflip","floor":2.0},{"not_picked":["Reflex","Riddle With Holes"],"picked":"Poisoned Stab","floor":3.0},{"not_picked":["Expertise","Dagger Throw"],"picked":"Backflip","floor":6.0},{"not_picked":["Masterful Stab","Heel Hook"],"picked":"Bane","floor":7.0},{"not_picked":["Blur","Dash"],"picked":"Catalyst","floor":14.0},{"not_picked":["Glass Knife","Grand Finale"],"picked":"Burst","floor":16.0},{"not_picked":["Accuracy+1","Outmaneuver"],"picked":"PiercingWail","floor":18.0},{"not_picked":["Underhanded Strike","Calculated Gamble"],"picked":"Skewer+1","floor":19.0},{"not_picked":["Blade Dance","Poisoned Stab"],"picked":"Dagger Throw+1","floor":20.0},{"not_picked":["Deflect+1","Reflex+1"],"picked":"Backstab","floor":22.0},{"not_picked":["Dagger Spray","Outmaneuver"],"picked":"Acrobatics","floor":24.0},{"not_picked":["Underhanded Strike","Footwork+1"],"picked":"Catalyst+1","floor":25.0},{"not_picked":["Leg Sweep","Outmaneuver"],"picked":"Crippling Poison+1","floor":29.0},{"not_picked":["Heel Hook","Skewer","Endless Agony"],"picked":"SKIP","floor":31.0},{"not_picked":["A Thousand Cuts","Venomology"],"picked":"Tools of the Trade","floor":33.0},{"not_picked":["Infinite Blades+1","Setup+1"],"picked":"Backflip","floor":35.0},{"not_picked":["Calculated Gamble","Sucker Punch"],"picked":"Backflip+1","floor":37.0},{"not_picked":["Dagger Throw","Leg Sweep"],"picked":"PiercingWail+1","floor":38.0},{"not_picked":["Poisoned Stab","Prepared","Underhanded Strike"],"picked":"SKIP","floor":39.0},{"not_picked":["PiercingWail+1","Blade Dance+1"],"picked":"Catalyst+1","floor":41.0},{"not_picked":["Underhanded Strike","Dagger Spray","Expertise"],"picked":"SKIP","floor":44.0},{"not_picked":["Blur+1","Underhanded Strike+1"],"picked":"Footwork+1","floor":46.0},{"not_picked":["Dagger Spray+1","Die Die Die"],"picked":"Prepared+1","floor":48.0},{"not_picked":["Well Laid Plans","Dagger Throw+1"],"picked":"Acrobatics+1","floor":54}],"player_experience":451515,"relics_obtained":[{"floor":5.0,"key":"Lantern"},{"floor":7.0,"key":"Bag of Marbles"},{"floor":9.0,"key":"Smiling Mask"},{"floor":24.0,"key":"Darkstone Periapt"},{"floor":26.0,"key":"Pantograph"},{"floor":30.0,"key":"Vajra"},{"floor":31.0,"key":"Art of War"},{"floor":54,"key":"Pear"}],"event_choices":[{"damage_healed":0.0,"max_hp_gain":0.0,"max_hp_loss":0.0,"gold_gain":0.0,"event_name":"Shining Light","player_choice":"Entered Light","floor":4.0,"gold_loss":0.0,"damage_taken":15.0,"cards_upgraded":["Poisoned Stab","Defend_G"]},{"damage_healed":0.0,"max_hp_gain":0.0,"max_hp_loss":0.0,"gold_gain":0.0,"event_name":"Dead Adventurer","player_choice":"Searched \u00271\u0027 times","floor":7.0,"gold_loss":0.0,"damage_taken":0.0},{"damage_healed":0.0,"max_hp_gain":0.0,"max_hp_loss":0.0,"gold_gain":75.0,"event_name":"World of Goop","player_choice":"Gather Gold","floor":13.0,"gold_loss":0.0,"damage_taken":11.0},{"cards_removed":["Strike_G"],"damage_healed":0.0,"max_hp_gain":0.0,"max_hp_loss":0.0,"gold_gain":0.0,"event_name":"Beggar","player_choice":"Gave Gold","floor":27.0,"gold_loss":75.0,"damage_taken":0.0},{"cards_removed":["Tools of the Trade"],"damage_healed":0.0,"max_hp_gain":0.0,"max_hp_loss":0.0,"gold_gain":0.0,"event_name":"Falling","player_choice":"Removed Power","floor":47.0,"gold_loss":0.0,"damage_taken":0.0}],"is_beta":false,"boss_relics":[{"not_picked":["Runic Dome","Coffee Dripper"],"picked":"Philosopher\u0027s Stone"},{"not_picked":["Lizard Tail","Empty Cage"],"picked":"Astrolabe"}],"items_purged_floors":[8,11,21,28,36],"is_endless":false,"potions_floor_spawned":[2,6,14,20,24,29,31,33,37,38,39,48],"ascension_level":4}