{"gold_per_floor":[112,130,150,150,226,270,295,320,400,400,383,413],"floor_reached":12,"playtime":709,"items_purged":[],"score":80,"play_id":"6a7a6fa6-9f12-4e90-bafd-a2241d6c8562","local_time":"20190705185301","is_ascension_mode":false,"campfire_choices":[{"floor":10,"key":"REST"}],"neow_cost":"NONE","seed_source_timestamp":939771645059120,"circlet_count":0,"master_deck":["Strike_B","Strike_B","Strike_B","Strike_B","Defend_B","Defend_B","Defend_B","Defend_B","Zap","Dualcast","Force Field","Defragment","All For One","Genetic Algorithm","Auto Shields","Stack"],"relics":["Cracked Core","NeowsBlessing","Golden Idol","Bag of Preparation","Pen Nib","Pear"],"potions_floor_usage":[12,12],"damage_taken":[{"damage":0,"enemies":"2 Louse","floor":1,"turns":1},{"damage":0,"enemies":"Jaw Worm","floor":2,"turns":1},{"damage":0,"enemies":"Small Slimes","floor":3,"turns":1},{"damage":39,"enemies":"3 Sentries","floor":6,"turns":9},{"damage":10,"enemies":"Blue Slaver","floor":7,"turns":4},{"damage":15,"enemies":"Exordium Thugs","floor":11,"turns":5},{"damage":31,"enemies":"Lagavulin Event","floor":12,"turns":5}],"seed_played":"139155608287251835","potions_obtained":[{"floor":6,"key":"PowerPotion"},{"floor":11,"key":"SpeedPotion"}],"is_trial":false,"path_per_floor":["M","M","M","?","?","E","M","T","T","R","M","?"],"character_chosen":"DEFECT","items_purchased":[],"campfire_rested":1,"item_purchase_floors":[],"current_hp_per_floor":[75,75,75,57,57,18,8,8,18,43,28,0],"gold":413,"neow_bonus":"THREE_ENEMY_KILL","is_prod":false,"is_daily":false,"chose_seed":false,"campfire_upgraded":0,"win_rate":0.0,"timestamp":1562367181,"path_taken":["M","M","M","?","?","E","?","?","T","R","M","?"],"build_version":"2019-07-05","purchased_purges":0,"victory":false,"max_hp_per_floor":[75,75,75,75,75,75,75,75,85,85,85,85],"card_choices":[{"not_picked":["Hologram","Conserve Battery"],"picked":"Force Field","floor":1},{"not_picked":["Rip and Tear","Gash"],"picked":"Defragment","floor":2},{"not_picked":["Coolheaded","Chill"],"picked":"All For One","floor":3},{"not_picked":["Glacier","Force Field"],"picked":"Genetic Algorithm","floor":6},{"not_picked":["Sweeping Beam","Chaos"],"picked":"Auto Shields","floor":7},{"not_picked":["Gash","Barrage"],"picked":"Stack","floor":11}],"player_experience":15912,"relics_obtained":[{"floor":6,"key":"Bag of Preparation"},{"floor":8,"key":"Pen Nib"},{"floor":9,"key":"Pear"}],"event_choices":[{"damage_healed":0,"gold_gain":0,"player_choice":"Take Damage","damage_taken":18,"relics_obtained":["Golden Idol"],"max_hp_gain":0,"max_hp_loss":0,"event_name":"Golden Idol","floor":4,"gold_loss":0},{"damage_healed":0,"gold_gain":76,"player_choice":"Gained Gold","damage_taken":0,"max_hp_gain":0,"max_hp_loss":0,"event_name":"Golden Wing","floor":5,"gold_loss":0},{"damage_healed":0,"gold_gain":30,"player_choice":"Searched \u00273\u0027 times","damage_taken":0,"max_hp_gain":0,"max_hp_loss":0,"event_name":"Dead Adventurer","floor":12,"gold_loss":0}],"is_beta":false,"boss_relics":[],"items_purged_floors":[],"is_endless":false,"potions_floor_spawned":[6,11],"killed_by":"Lagavulin Event","ascension_level":0}