{"gold_per_floor":[110,129,304,379,379,404,424,424,424,457,469,469,469,489,489,584,584,594,217,217,217,142,174,191,191,260,260,277,306,306],"floor_reached":30,"playtime":1750,"items_purged":[],"score":276,"play_id":"8cf1793c-16f4-4f74-be0c-45429b8ca3d1","local_time":"20190703225324","is_ascension_mode":false,"campfire_choices":[{"data":"Armaments","floor":8.0,"key":"SMITH"},{"data":"Flame Barrier","floor":12.0,"key":"SMITH"},{"data":"Anger","floor":15.0,"key":"SMITH"},{"data":"Demon Form","floor":25.0,"key":"SMITH"},{"data":"Metallicize","floor":27.0,"key":"SMITH"}],"neow_cost":"NONE","seed_source_timestamp":0,"circlet_count":0,"master_deck":["Strike_R","Strike_R","Strike_R","Strike_R","Strike_R","Defend_R","Defend_R","Defend_R","Defend_R","Bash","Anger","Clash+1","Doubt","Armaments+1","Cleave+1","Flame Barrier+1","Anger+1","Burning Pact","Demon Form+1","Anger+1","Metallicize+1","Seeing Red+1","Dual Wield","Disarm"],"special_seed":0,"relics":["Burning Blood","Gremlin Horn","Juzu Bracelet","Shuriken","Bag of Preparation","Sozu","Ice Cream","Ginger","Gambling Chip","Darkstone Periapt","Bottled Tornado"],"potions_floor_usage":[29],"damage_taken":[{"damage":5.0,"enemies":"2 Louse","floor":1.0,"turns":3.0},{"damage":6.0,"enemies":"Jaw Worm","floor":2.0,"turns":4.0},{"damage":22.0,"enemies":"Gremlin Nob","floor":6.0,"turns":4.0},{"damage":1.0,"enemies":"Cultist","floor":7.0,"turns":3.0},{"damage":12.0,"enemies":"3 Sentries","floor":10.0,"turns":5.0},{"damage":2.0,"enemies":"Exordium Thugs","floor":11.0,"turns":4.0},{"damage":6.0,"enemies":"3 Louse","floor":14.0,"turns":4.0},{"damage":22.0,"enemies":"Hexaghost","floor":16.0,"turns":8.0},{"damage":0.0,"enemies":"Spheric Guardian","floor":18.0,"turns":3.0},{"damage":54.0,"enemies":"Gremlin Leader","floor":23.0,"turns":5.0},{"damage":7.0,"enemies":"Shell Parasite","floor":24.0,"turns":4.0},{"damage":0.0,"enemies":"Chosen and Byrds","floor":28.0,"turns":3.0},{"damage":12,"enemies":"Book of Stabbing","floor":29,"turns":3},{"damage":23,"enemies":"Snake Plant","floor":30,"turns":3}],"seed_played":"2649109643754702638","potions_obtained":[{"floor":2.0,"key":"Poison Potion"},{"floor":6.0,"key":"SteroidPotion"},{"floor":14.0,"key":"Ancient Potion"},{"floor":16.0,"key":"Swift Potion"}],"is_trial":false,"path_per_floor":["M","M","?","?","T","E","M","R","T","E","M","R","?","M","R","B",null,"M","$","?","?","?","E","M","R","T","R","M","E","M"],"character_chosen":"IRONCLAD","items_purchased":["Ice Cream","Metallicize"],"campfire_rested":0,"item_purchase_floors":[19,19],"current_hp_per_floor":[88,88,88,77,77,61,66,66,66,60,64,64,46,46,46,30,88,88,88,71,71,71,23,22,22,22,22,28,22,0],"gold":306,"neow_bonus":"TEN_PERCENT_HP_BONUS","is_prod":false,"is_daily":false,"chose_seed":false,"campfire_upgraded":5,"win_rate":0.0,"timestamp":1562162004,"path_taken":["M","M","?","?","?","E","M","R","T","E","M","R","?","M","R","BOSS","M","$","?","?","?","E","M","R","T","R","M","E","M"],"build_version":"2019-07-01","purchased_purges":0,"victory":false,"max_hp_per_floor":[88,88,88,88,88,88,88,88,88,88,88,88,88,88,88,88,88,88,88,93,93,93,93,93,93,93,93,93,93,93],"card_choices":[{"not_picked":["Thunderclap","Sword Boomerang"],"picked":"Anger","floor":1.0},{"not_picked":["Thunderclap","Sword Boomerang"],"picked":"Clash","floor":2.0},{"not_picked":["Searing Blow","Shrug It Off"],"picked":"Armaments","floor":6.0},{"not_picked":["Heavy Blade","Shrug It Off"],"picked":"Cleave","floor":7.0},{"not_picked":["Inflame","Cleave"],"picked":"Flame Barrier","floor":10.0},{"not_picked":["Heavy Blade","Headbutt"],"picked":"Anger","floor":11.0},{"not_picked":["Heavy Blade","Flame Barrier"],"picked":"Burning Pact","floor":14.0},{"not_picked":["Brutality","Bludgeon"],"picked":"Demon Form","floor":16.0},{"not_picked":["Iron Wave","Dropkick"],"picked":"Anger+1","floor":18.0},{"not_picked":["Dropkick","Sword Boomerang"],"picked":"Seeing Red+1","floor":23.0},{"not_picked":["Warcry","Burning Pact"],"picked":"Dual Wield","floor":24.0},{"not_picked":["Flex","Dual Wield+1","Iron Wave"],"picked":"SKIP","floor":28.0},{"not_picked":["Combust","Cleave"],"picked":"Disarm","floor":29}],"player_experience":13327,"relics_obtained":[{"floor":5.0,"key":"Gremlin Horn"},{"floor":6.0,"key":"Juzu Bracelet"},{"floor":9.0,"key":"Shuriken"},{"floor":10.0,"key":"Bag of Preparation"},{"floor":23.0,"key":"Gambling Chip"},{"floor":26.0,"key":"Darkstone Periapt"},{"floor":29,"key":"Bottled Tornado"}],"event_choices":[{"damage_healed":0.0,"max_hp_gain":0.0,"max_hp_loss":0.0,"gold_gain":175.0,"event_name":"Liars Game","player_choice":"AGREE","floor":3.0,"gold_loss":0.0,"damage_taken":0.0,"cards_obtained":["Doubt"]},{"damage_healed":0.0,"max_hp_gain":0.0,"max_hp_loss":0.0,"gold_gain":75.0,"event_name":"World of Goop","player_choice":"Gather Gold","floor":4.0,"gold_loss":0.0,"damage_taken":11.0},{"damage_healed":0.0,"max_hp_gain":0.0,"max_hp_loss":0.0,"gold_gain":0.0,"event_name":"Shining Light","player_choice":"Entered Light","floor":13.0,"gold_loss":0.0,"damage_taken":18.0,"cards_upgraded":["Clash","Cleave"]},{"damage_healed":0.0,"max_hp_gain":5.0,"max_hp_loss":0.0,"gold_gain":0.0,"event_name":"Forgotten Altar","player_choice":"Shed Blood","floor":20.0,"gold_loss":0.0,"damage_taken":22.0},{"damage_healed":0.0,"max_hp_gain":0.0,"max_hp_loss":0.0,"gold_gain":0.0,"event_name":"The Mausoleum","player_choice":"Opened","floor":21.0,"gold_loss":0.0,"damage_taken":0.0,"relics_obtained":["Ginger"],"cards_obtained":["Writhe"]},{"cards_removed":["Writhe"],"damage_healed":0.0,"max_hp_gain":0.0,"max_hp_loss":0.0,"gold_gain":0.0,"event_name":"Beggar","player_choice":"Gave Gold","floor":22.0,"gold_loss":75.0,"damage_taken":0.0}],"is_beta":false,"boss_relics":[{"not_picked":["Eternal Feather","White Beast Statue"],"picked":"Sozu"}],"items_purged_floors":[],"is_endless":false,"potions_floor_spawned":[2,6,14,16,18,24,29],"killed_by":"Snake Plant","ascension_level":0}