{"gold_per_floor":[363,363,363,363,63,63,73,73,98,98,132,144,154,180,180,253,253,271,271,290,205,205,233,233,267,344,344,370,390,16,16,16,87,87,103,103,153,25,37,72,72,91,117,150,170,44,94,107,107,107],"floor_reached":50,"playtime":2406,"items_purged":["Regret"],"score":1203,"play_id":"d345bba0-67db-4973-9695-c5327785e7a1","local_time":"20190712123240","is_ascension_mode":true,"campfire_choices":[{"floor":6,"key":"REST"},{"data":"Skewer","floor":8,"key":"SMITH"},{"data":"Quick Slash","floor":10,"key":"SMITH"},{"data":"Deadly Poison","floor":15,"key":"SMITH"},{"floor":24,"key":"REST"},{"data":"Burst","floor":27,"key":"SMITH"},{"data":"Envenom","floor":32,"key":"SMITH"},{"floor":41,"key":"RECALL"},{"floor":49,"key":"REST"}],"neow_cost":"PERCENT_DAMAGE","seed_source_timestamp":1559403731785229,"circlet_count":0,"master_deck":["AscendersBane","Strike_G+1","Strike_G+1","Strike_G+1","Defend_G+1","Defend_G+1","Defend_G+1","Defend_G+1","Defend_G+1","Survivor","Neutralize+1","Footwork","Skewer+1","Quick Slash+1","Deadly Poison+1","Dash","Flying Knee","Die Die Die","Burst+1","Caltrops","Cloak And Dagger","Necronomicurse","Blur","Footwork+1","Dagger Spray","Bullet Time","Envenom+1","Dodge and Roll","Setup","Envenom","Dodge and Roll+1","Cloak And Dagger+1","Tactician+1","Riddle With Holes+1"],"relics":["Ring of the Snake","Centennial Puzzle","Chemical X","Pantograph","Blood Vial","Runic Pyramid","Ninja Scroll","Necronomicon","Orichalcum","Omamori","Paper Crane","PreservedInsect","Calling Bell","Snake Skull","Toxic Egg 2","Turnip","Letter Opener","The Courier","Smiling Mask","Nunchaku","Pen Nib"],"potions_floor_usage":[11,25,25,42,44],"damage_taken":[{"damage":14,"enemies":"Jaw Worm","floor":1,"turns":8},{"damage":0,"enemies":"Small Slimes","floor":7,"turns":3},{"damage":3,"enemies":"Lagavulin","floor":11,"turns":7},{"damage":0,"enemies":"2 Louse","floor":12,"turns":1},{"damage":0,"enemies":"Looter","floor":13,"turns":3},{"damage":12,"enemies":"3 Sentries","floor":14,"turns":5},{"damage":13,"enemies":"Hexaghost","floor":16,"turns":9},{"damage":0,"enemies":"Chosen","floor":18,"turns":4},{"damage":4,"enemies":"Shell Parasite","floor":20,"turns":7},{"damage":8,"enemies":"Gremlin Leader","floor":23,"turns":5},{"damage":14,"enemies":"Book of Stabbing","floor":25,"turns":6},{"damage":0,"enemies":"Gremlin Leader","floor":28,"turns":5},{"damage":0,"enemies":"3 Cultists","floor":29,"turns":6},{"damage":14,"enemies":"Champ","floor":33,"turns":14},{"damage":3,"enemies":"3 Shapes","floor":35,"turns":5},{"damage":4,"enemies":"3 Darklings","floor":39,"turns":8},{"damage":3,"enemies":"Giant Head","floor":40,"turns":7},{"damage":13,"enemies":"Writhing Mass","floor":42,"turns":6},{"damage":13,"enemies":"Nemesis","floor":44,"turns":5},{"damage":24,"enemies":"Spire Growth","floor":45,"turns":5},{"damage":7,"enemies":"Jaw Worm Horde","floor":48,"turns":4},{"damage":62,"enemies":"Awakened One","floor":50,"turns":5}],"seed_played":"-1879741567744710368","potions_obtained":[{"floor":7,"key":"Poison Potion"},{"floor":11,"key":"GhostInAJar"},{"floor":13,"key":"SneckoOil"},{"floor":16,"key":"FearPotion"},{"floor":28,"key":"SkillPotion"},{"floor":29,"key":"Poison Potion"},{"floor":35,"key":"Block Potion"},{"floor":45,"key":"Ancient Potion"},{"floor":48,"key":"EssenceOfSteel"}],"is_trial":false,"path_per_floor":["M","?","?","?","$","R","M","R","T","R","E","M","M","E","R","B",null,"M","?","M","?","?","E","R","E","T","R","E","M","$","?","R","B",null,"M","T","?","$","M","E","R","M","T","E","M","$","?","M","R","B"],"character_chosen":"THE_SILENT","items_purchased":["Chemical X","Skewer","Bullet Time","Envenom","Dodge and Roll","Cloak And Dagger+1","Pen Nib"],"campfire_rested":3,"item_purchase_floors":[5,5,30,30,30,38,46],"current_hp_per_floor":[30,23,12,12,12,31,31,31,31,31,28,28,28,16,16,30,57,59,59,57,57,36,30,49,37,37,37,39,41,41,41,41,52,65,63,63,57,57,55,54,54,43,43,32,10,10,10,5,24,0],"gold":107,"neow_bonus":"TWO_FIFTY_GOLD","is_prod":false,"is_daily":false,"chose_seed":false,"campfire_upgraded":5,"win_rate":0,"timestamp":1562952760,"path_taken":["M","?","?","?","?","R","M","R","T","R","E","M","M","E","R","BOSS","M","?","M","?","?","E","R","E","T","R","E","M","$","?","R","BOSS","M","?","?","$","M","E","R","M","T","E","?","$","?","M","R","BOSS"],"build_version":"2019-07-10","purchased_purges":1,"victory":false,"max_hp_per_floor":[66,66,66,66,66,66,66,66,66,66,66,66,66,66,66,66,66,66,66,66,66,66,66,66,66,66,66,66,66,66,66,66,66,66,66,66,66,66,66,66,66,66,66,66,66,66,66,66,66,66],"card_choices":[{"not_picked":["Dagger Spray","Prepared"],"picked":"Footwork","floor":1},{"not_picked":["Calculated Gamble","Flying Knee"],"picked":"Quick Slash","floor":7},{"not_picked":["Quick Slash","Setup"],"picked":"Deadly Poison","floor":11},{"not_picked":["Blur","Outmaneuver"],"picked":"Dash","floor":12},{"not_picked":["Eviscerate","Blade Dance"],"picked":"Flying Knee","floor":13},{"not_picked":["Backstab","All Out Attack"],"picked":"Die Die Die","floor":14},{"not_picked":["Unload","Storm of Steel"],"picked":"Burst","floor":16},{"not_picked":["Flying Knee","Endless Agony"],"picked":"Caltrops","floor":18},{"not_picked":["Deadly Poison","Choke"],"picked":"Cloak And Dagger","floor":20},{"not_picked":["Sucker Punch","Prepared"],"picked":"Blur","floor":23},{"not_picked":["Finisher","Eviscerate"],"picked":"Footwork+1","floor":25},{"not_picked":["Blade Dance+1","Eviscerate","Sucker Punch"],"picked":"SKIP","floor":28},{"not_picked":["Underhanded Strike","Prepared"],"picked":"Dagger Spray","floor":29},{"not_picked":["Unload","Tools of the Trade"],"picked":"Envenom","floor":33},{"not_picked":["Poisoned Stab","Flying Knee"],"picked":"Dodge and Roll+1","floor":35},{"not_picked":["Tools of the Trade","Heel Hook","Blade Dance+1"],"picked":"SKIP","floor":39},{"not_picked":["Footwork+1","Deadly Poison+1"],"picked":"Tactician+1","floor":40},{"not_picked":["Slice","Underhanded Strike","Quick Slash+1"],"picked":"SKIP","floor":42},{"not_picked":["Poisoned Stab","Bane+1","Flying Knee"],"picked":"SKIP","floor":44},{"not_picked":["Outmaneuver+1","Skewer"],"picked":"Riddle With Holes+1","floor":45},{"not_picked":["Dagger Spray+1","Reflex+1","Bane"],"picked":"SKIP","floor":48}],"player_experience":1663254,"relics_obtained":[{"floor":11,"key":"Pantograph"},{"floor":14,"key":"Blood Vial"},{"floor":22,"key":"Necronomicon"},{"floor":23,"key":"Orichalcum"},{"floor":25,"key":"Omamori"},{"floor":26,"key":"Paper Crane"},{"floor":28,"key":"PreservedInsect"},{"floor":34,"key":"Snake Skull"},{"floor":34,"key":"Toxic Egg 2"},{"floor":34,"key":"Turnip"},{"floor":36,"key":"Letter Opener"},{"floor":40,"key":"The Courier"},{"floor":43,"key":"Smiling Mask"},{"floor":44,"key":"Nunchaku"}],"event_choices":[{"cards_removed":["Strike_G"],"damage_healed":0,"gold_gain":0,"player_choice":"Card Removal","damage_taken":7,"max_hp_gain":0,"max_hp_loss":0,"event_name":"Golden Wing","floor":2,"gold_loss":0},{"damage_healed":0,"gold_gain":0,"player_choice":"Success","damage_taken":11,"relics_obtained":["Centennial Puzzle"],"max_hp_gain":0,"max_hp_loss":0,"event_name":"Scrap Ooze","floor":3,"gold_loss":0},{"damage_healed":0,"gold_gain":0,"player_choice":"Grow","damage_taken":0,"max_hp_gain":0,"max_hp_loss":0,"event_name":"Living Wall","floor":4,"gold_loss":0,"cards_upgraded":["Neutralize"]},{"damage_healed":0,"gold_gain":0,"player_choice":"Simplicity","damage_taken":0,"max_hp_gain":0,"max_hp_loss":0,"event_name":"Back to Basics","floor":19,"gold_loss":0,"cards_upgraded":["Strike_G","Strike_G","Strike_G","Strike_G","Defend_G","Defend_G","Defend_G","Defend_G","Defend_G"]},{"damage_healed":0,"gold_gain":0,"player_choice":"Obtained Relic","damage_taken":0,"relics_obtained":["Ninja Scroll"],"max_hp_gain":0,"max_hp_loss":0,"event_name":"Addict","floor":21,"gold_loss":85},{"damage_healed":0,"gold_gain":0,"player_choice":"Obtained Book","damage_taken":21,"max_hp_gain":0,"max_hp_loss":0,"event_name":"Cursed Tome","floor":22,"gold_loss":0},{"damage_healed":0,"gold_gain":0,"cards_transformed":["Strike_G"],"player_choice":"Transformed","damage_taken":0,"max_hp_gain":0,"max_hp_loss":0,"event_name":"Transmorgrifier","floor":31,"gold_loss":0,"cards_obtained":["Setup"]},{"damage_healed":0,"gold_gain":50,"player_choice":"Touch","damage_taken":6,"max_hp_gain":0,"max_hp_loss":0,"event_name":"FaceTrader","floor":37,"gold_loss":0},{"damage_healed":0,"gold_gain":50,"player_choice":"Pray","damage_taken":0,"max_hp_gain":0,"max_hp_loss":0,"event_name":"Golden Shrine","floor":47,"gold_loss":0}],"is_beta":true,"boss_relics":[{"not_picked":["Eternal Feather","Black Star"],"picked":"Runic Pyramid"},{"not_picked":["Snecko Eye","White Beast Statue"],"picked":"Calling Bell"}],"items_purged_floors":[38],"is_endless":false,"potions_floor_spawned":[7,11,13,16,20,28,29,35,45,48],"killed_by":"Awakened One","ascension_level":20}