{"gold_per_floor":[118,133,39,314,325,325,358,358,358,508,11,89,145,156,156,235,235,276,201,243,10,10,10,46,98,179,8,58,58,87,6,6,108,108,127,127,21,41,82,112,112,130,130,45,45,63,117,117,117,117,117,117,117,3,34,34],"floor_reached":57,"playtime":2777,"items_purged":["Regret","Strike_R","Strike_R+1","Anger+1"],"score":2708,"play_id":"ff2c2ac5-9cd4-4708-b993-bacc21c83b32","local_time":"20190713025633","is_ascension_mode":true,"campfire_choices":[{"data":"Perfected Strike","floor":6.0,"key":"SMITH"},{"data":"Uppercut","floor":8.0,"key":"SMITH"},{"floor":15,"key":"REST"},{"data":"Rage","floor":23,"key":"SMITH"},{"floor":29,"key":"REST"},{"floor":32,"key":"REST"},{"floor":41,"key":"REST"},{"floor":45,"key":"RECALL"},{"data":"Demon Form","floor":49,"key":"SMITH"},{"floor":53,"key":"REST"}],"neow_cost":"NONE","seed_source_timestamp":1610758399026454,"circlet_count":0,"master_deck":["AscendersBane","Strike_R+1","Strike_R+1","Strike_R+1","Defend_R+1","Defend_R+1","Defend_R+1","Defend_R+1","Bash+1","Clothesline","Perfected Strike+1","Pommel Strike","Metallicize","Uppercut+1","Flame Barrier","HandOfGreed+1","Spot Weakness","Pommel Strike+1","Feel No Pain","Impervious","Rage+1","Sentinel+1","Evolve","Finesse","Feed+1","Apotheosis+1","Headbutt+1","Demon Form+1","Corruption","Twin Strike+1","Pommel Strike+1","Wild Strike+1","Inflame","Shockwave","Shrug It Off","Disarm"],"special_seed":0,"relics":["Burning Blood","Pantograph","Molten Egg 2","Membership Card","Ornamental Fan","Centennial Puzzle","Ancient Tea Set","Philosopher\u0027s Stone","OrangePellets","Oddly Smooth Stone","Kunai","Self Forming Clay","Pen Nib","Snecko Eye","Bronze Scales","Dream Catcher","Charon\u0027s Ashes","Dead Branch"],"potions_floor_usage":[14,25,35],"damage_taken":[{"damage":7.0,"enemies":"Cultist","floor":1.0,"turns":4.0},{"damage":7.0,"enemies":"Jaw Worm","floor":2.0,"turns":3.0},{"damage":3.0,"enemies":"2 Louse","floor":5.0,"turns":2.0},{"damage":32.0,"enemies":"Gremlin Nob","floor":7.0,"turns":4.0},{"damage":21.0,"enemies":"3 Sentries","floor":12.0,"turns":10.0},{"damage":27,"enemies":"Lagavulin Event","floor":13,"turns":4},{"damage":1,"enemies":"Looter","floor":14,"turns":2},{"damage":36,"enemies":"Hexaghost","floor":16,"turns":8},{"damage":40,"enemies":"3 Byrds","floor":18,"turns":7},{"damage":5,"enemies":"Chosen","floor":20,"turns":3},{"damage":1,"enemies":"Snake Plant","floor":24,"turns":4},{"damage":22,"enemies":"Book of Stabbing","floor":25,"turns":5},{"damage":23,"enemies":"Gremlin Leader","floor":30,"turns":7},{"damage":59,"enemies":"Collector","floor":33,"turns":10},{"damage":32,"enemies":"3 Darklings","floor":35,"turns":8},{"damage":3,"enemies":"Orb Walker","floor":38,"turns":2},{"damage":8,"enemies":"Sphere and 2 Shapes","floor":39,"turns":4},{"damage":26,"enemies":"Reptomancer","floor":40,"turns":7},{"damage":6,"enemies":"Maw","floor":42,"turns":6},{"damage":0,"enemies":"Transient","floor":46,"turns":6},{"damage":3,"enemies":"Giant Head","floor":47,"turns":6},{"damage":20,"enemies":"Time Eater","floor":50,"turns":9},{"damage":72,"enemies":"Donu and Deca","floor":51,"turns":8},{"damage":78,"enemies":"Shield and Spear","floor":55,"turns":9},{"damage":32,"enemies":"The Heart","floor":56,"turns":6}],"seed_played":"1672851997010107932","potions_obtained":[{"floor":2.0,"key":"FearPotion"},{"floor":7.0,"key":"Fruit Juice"},{"floor":14,"key":"SpeedPotion"},{"floor":16,"key":"Strength Potion"},{"floor":30,"key":"Weak Potion"},{"floor":38,"key":"FearPotion"}],"is_trial":false,"path_per_floor":["M","M","$","?","M","R","E","R","T","?","$","E","?","M","R","B",null,"M","?","M","$","?","R","M","E","T","$","?","R","E","$","R","B",null,"M","?","$","M","M","E","R","M","T","$","R","M","E","?","R","B","B",null,"R","$","E","B",null],"character_chosen":"IRONCLAD","items_purchased":["Pommel Strike","Metallicize","Membership Card","HandOfGreed+1","Ornamental Fan","OrangePellets","Evolve","Finesse","Apotheosis","Pen Nib","Corruption","Bronze Scales","Inflame","Shockwave","Disarm"],"campfire_rested":5,"item_purchase_floors":[3,3,11,11,11,21,21,21,27,31,37,37,44,44,54],"current_hp_per_floor":[67,66,66,66,69,69,43,43,43,43,43,28,7,17,41,36,69,35,35,36,36,36,36,41,25,25,25,25,49,36,36,61,31,71,45,45,45,52,54,38,66,70,70,70,70,76,79,69,69,80,38,88,104,104,36,35],"gold":34,"neow_bonus":"UPGRADE_CARD","is_prod":false,"is_daily":false,"chose_seed":false,"campfire_upgraded":4,"win_rate":0,"timestamp":1563004593,"path_taken":["M","M","$","?","?","R","E","R","T","?","$","E","?","M","R","BOSS","M","?","M","$","?","R","?","E","T","$","?","R","E","?","R","BOSS","M","?","$","?","M","E","R","?","T","$","R","M","E","?","R","BOSS","BOSS","R","$","E","BOSS"],"build_version":"2019-07-10","purchased_purges":4,"victory":true,"max_hp_per_floor":[75,75,75,75,75,75,75,75,75,75,75,75,75,80,80,80,80,80,80,80,80,80,80,80,80,80,80,80,80,84,84,84,84,84,84,84,84,88,92,96,96,100,100,100,100,100,100,100,100,100,104,104,104,104,108,108],"card_choices":[{"not_picked":["Shrug It Off","Infernal Blade"],"picked":"Clothesline","floor":1.0},{"not_picked":["Sword Boomerang","Ghostly Armor"],"picked":"Perfected Strike","floor":2.0},{"not_picked":["Havoc","Carnage"],"picked":"Uppercut","floor":5.0},{"not_picked":["Pummel","True Grit"],"picked":"Flame Barrier","floor":7.0},{"not_picked":["Intimidate","Dropkick+1"],"picked":"Spot Weakness","floor":12.0},{"not_picked":["Body Slam+1","Pummel+1"],"picked":"Pommel Strike+1","floor":13},{"not_picked":["Sword Boomerang+1","Warcry"],"picked":"Feel No Pain","floor":14},{"not_picked":["Double Tap","Fiend Fire+1"],"picked":"Impervious","floor":16},{"not_picked":["Sever Soul+1","Clothesline+1"],"picked":"Rage","floor":18},{"not_picked":["Havoc","Reckless Charge+1"],"picked":"Sentinel+1","floor":20},{"not_picked":["Burning Pact","Entrench","Ghostly Armor"],"picked":"SKIP","floor":24},{"not_picked":["Uppercut+1","Warcry"],"picked":"Feed+1","floor":25},{"not_picked":["Heavy Blade+1","Twin Strike+1"],"picked":"Headbutt+1","floor":30},{"not_picked":["Berserk","Double Tap"],"picked":"Demon Form","floor":33},{"not_picked":["Seeing Red+1","Perfected Strike+1"],"picked":"Anger+1","floor":35},{"not_picked":["Body Slam+1","Havoc+1"],"picked":"Twin Strike+1","floor":38},{"not_picked":["Iron Wave+1","Sword Boomerang+1","Headbutt+1"],"picked":"SKIP","floor":39},{"not_picked":["Demon Form","Battle Trance"],"picked":"Pommel Strike+1","floor":40},{"not_picked":["Hemokinesis+1","Rampage+1"],"picked":"Wild Strike+1","floor":42},{"not_picked":["Iron Wave+1","Anger+1","Dual Wield"],"picked":"SKIP","floor":46},{"not_picked":["Battle Trance","Fire Breathing+1"],"picked":"Shrug It Off","floor":47},{"not_picked":["Searing Blow+1","Intimidate","Dual Wield"],"picked":"SKIP","floor":55}],"player_experience":1693779,"relics_obtained":[{"floor":7.0,"key":"Pantograph"},{"floor":9.0,"key":"Molten Egg 2"},{"floor":12.0,"key":"Centennial Puzzle"},{"floor":13,"key":"Ancient Tea Set"},{"floor":25,"key":"Oddly Smooth Stone"},{"floor":26,"key":"Kunai"},{"floor":30,"key":"Self Forming Clay"},{"floor":40,"key":"Dream Catcher"},{"floor":47,"key":"Charon\u0027s Ashes"},{"floor":55,"key":"Dead Branch"}],"event_choices":[{"damage_healed":0.0,"max_hp_gain":0.0,"max_hp_loss":0.0,"gold_gain":275.0,"event_name":"Golden Shrine","player_choice":"Desecrate","floor":4.0,"gold_loss":0.0,"damage_taken":0.0,"cards_obtained":["Regret"]},{"damage_healed":0.0,"max_hp_gain":0.0,"max_hp_loss":0.0,"gold_gain":150.0,"event_name":"Liars Game","player_choice":"AGREE","floor":10.0,"gold_loss":0.0,"damage_taken":0.0,"cards_obtained":["Doubt"]},{"damage_healed":0,"gold_gain":0,"player_choice":"Searched \u00271\u0027 times","damage_taken":0,"max_hp_gain":0,"max_hp_loss":0,"event_name":"Dead Adventurer","floor":13,"gold_loss":0},{"cards_removed":["Doubt"],"damage_healed":0,"gold_gain":0,"player_choice":"Gave Gold","damage_taken":0,"max_hp_gain":0,"max_hp_loss":0,"event_name":"Beggar","floor":19,"gold_loss":75},{"damage_healed":0,"gold_gain":0,"player_choice":"Simplicity","damage_taken":0,"max_hp_gain":0,"max_hp_loss":0,"event_name":"Back to Basics","floor":22,"gold_loss":0,"cards_upgraded":["Strike_R","Strike_R","Strike_R","Strike_R","Defend_R","Defend_R","Defend_R","Defend_R"]},{"damage_healed":0,"gold_gain":50,"player_choice":"Stole From Cult","damage_taken":0,"max_hp_gain":0,"max_hp_loss":0,"event_name":"Nest","floor":28,"gold_loss":0},{"damage_healed":0,"gold_gain":0,"player_choice":"Upgraded","damage_taken":0,"max_hp_gain":0,"max_hp_loss":0,"event_name":"Upgrade Shrine","floor":36,"gold_loss":0,"cards_upgraded":["Apotheosis"]},{"damage_healed":0,"gold_gain":0,"player_choice":"Memory 3","damage_taken":10,"max_hp_gain":0,"max_hp_loss":0,"event_name":"SensoryStone","floor":48,"gold_loss":0}],"is_beta":true,"boss_relics":[{"not_picked":["White Beast Statue","Runic Dome"],"picked":"Philosopher\u0027s Stone"},{"not_picked":["Tiny House","Runic Cube"],"picked":"Snecko Eye"}],"items_purged_floors":[11,21,27,54],"is_endless":false,"potions_floor_spawned":[2,7,14,16,24,30,33,38],"ascension_level":20}