{"gold_per_floor":[111,128,139,40,40,40,40,64,113,20,54,79,79,104,104,224,224,242,267,290,15,36,67,67,67,67,21,21,21,37,58,58,189,189,205,223,223,61,77,77,93,107,134,559,559,575,599,648,648,648],"floor_reached":51,"playtime":6564,"items_purged":["Strike_B","Strike_B","Regret"],"score":673,"play_id":"4669ec9c-a3fb-4294-9c92-cda4da408bf3","local_time":"20190711223519","is_ascension_mode":false,"campfire_choices":[{"data":"Defragment","floor":6,"key":"SMITH"},{"data":"Fusion","floor":13,"key":"SMITH"},{"floor":15,"key":"REST"},{"floor":25,"key":"REST"},{"data":"Consume","floor":29,"key":"SMITH"},{"floor":32,"key":"REST"},{"data":"Static Discharge","floor":40,"key":"SMITH"},{"data":"Force Field","floor":45,"key":"SMITH"},{"floor":49,"key":"REST"}],"neow_cost":"NONE","seed_source_timestamp":1464731039409000,"circlet_count":0,"master_deck":["Defend_B","Defend_B","Defend_B","Zap","Dualcast","Ball Lightning","Lockon","Fusion+1","Defragment+1","Cold Snap","BootSequence","Forethought","Steam","Hologram","Electrodynamics","Barrage+1","Tempest+1","Conserve Battery","Ball Lightning","Static Discharge+1","Consume+1","Doom and Gloom","Steam","Defragment+1","Leap+1","Steam","Amplify","Sweeping Beam+1","White Noise","Reboot","Force Field+1","Parasite","Tempest+1","Redo+1","Defragment+1"],"relics":["Cracked Core","Golden Idol","Omamori","Bag of Marbles","Velvet Choker","Kunai","Blood Vial","Calling Bell","Bag of Preparation","Pantograph","Calipers","Old Coin","Regal Pillow"],"potions_floor_usage":[11,11,11,16,23,23,23,33,44,50],"damage_taken":[{"damage":0,"enemies":"Small Slimes","floor":1,"turns":2},{"damage":1,"enemies":"Jaw Worm","floor":2,"turns":2},{"damage":1,"enemies":"Cultist","floor":3,"turns":3},{"damage":3,"enemies":"Blue Slaver","floor":8,"turns":3},{"damage":11,"enemies":"3 Sentries","floor":11,"turns":5},{"damage":5,"enemies":"Looter","floor":12,"turns":3},{"damage":2,"enemies":"Large Slime","floor":14,"turns":4},{"damage":37,"enemies":"Slime Boss","floor":16,"turns":12},{"damage":0,"enemies":"3 Byrds","floor":18,"turns":2},{"damage":7,"enemies":"Shell Parasite","floor":19,"turns":3},{"damage":22,"enemies":"Centurion and Healer","floor":20,"turns":4},{"damage":22,"enemies":"Snake Plant","floor":22,"turns":3},{"damage":17,"enemies":"Book of Stabbing","floor":23,"turns":4},{"damage":0,"enemies":"Sentry and Sphere","floor":30,"turns":4},{"damage":18,"enemies":"3 Cultists","floor":31,"turns":4},{"damage":26,"enemies":"Collector","floor":33,"turns":6},{"damage":2,"enemies":"3 Shapes","floor":35,"turns":3},{"damage":9,"enemies":"Orb Walker","floor":36,"turns":3},{"damage":8,"enemies":"3 Darklings","floor":39,"turns":4},{"damage":5,"enemies":"Sphere and 2 Shapes","floor":41,"turns":4},{"damage":23,"enemies":"Writhing Mass","floor":42,"turns":5},{"damage":24,"enemies":"Mind Bloom Boss Battle","floor":44,"turns":4},{"damage":13,"enemies":"3 Darklings","floor":46,"turns":4},{"damage":17,"enemies":"Spire Growth","floor":47,"turns":6},{"damage":71,"enemies":"Donu and Deca","floor":50,"turns":5}],"seed_played":"5274062789640918604","potions_obtained":[{"floor":1,"key":"EssenceOfSteel"},{"floor":3,"key":"PowerPotion"},{"floor":8,"key":"LiquidBronze"},{"floor":12,"key":"Strength Potion"},{"floor":18,"key":"SkillPotion"},{"floor":22,"key":"Explosive Potion"},{"floor":30,"key":"FocusPotion"},{"floor":35,"key":"SteroidPotion"},{"floor":39,"key":"SkillPotion"},{"floor":44,"key":"PowerPotion"}],"is_trial":false,"path_per_floor":["M","M","M","$","?","R","?","M","T","$","E","M","R","M","R","B",null,"M","M","M","$","M","E","?","R","T","$","?","R","M","M","R","B",null,"M","M","?","$","M","R","M","M","T","?","R","M","M","T","R","B",null],"character_chosen":"DEFECT","items_purchased":["Cold Snap","Forethought","Ball Lightning","Static Discharge","EssenceOfSteel","Steam","White Noise"],"campfire_rested":4,"item_purchase_floors":[4,10,21,21,21,27,38],"current_hp_per_floor":[75,74,73,73,66,66,48,45,45,45,34,29,29,27,49,12,75,75,68,46,46,24,7,7,29,29,29,29,29,31,15,37,13,75,73,66,66,66,60,60,57,36,36,39,39,28,13,13,50,4],"gold":648,"neow_bonus":"THREE_CARDS","is_prod":false,"is_daily":false,"chose_seed":false,"campfire_upgraded":5,"win_rate":0,"timestamp":1562898919,"path_taken":["M","M","M","$","?","R","?","M","T","$","E","M","R","M","R","BOSS","M","M","M","$","M","E","?","R","T","$","?","R","M","M","R","BOSS","M","M","?","$","M","R","M","M","T","?","R","M","M","?","R","BOSS"],"build_version":"2019-07-05","purchased_purges":3,"victory":true,"max_hp_per_floor":[75,75,75,75,75,75,75,75,75,75,75,75,75,75,75,75,75,75,75,75,75,75,75,75,75,75,75,75,75,75,75,75,75,75,75,75,75,75,75,75,75,75,75,75,75,75,75,75,75,75],"card_choices":[{"not_picked":["Coolheaded","Beam Cell"],"picked":"Ball Lightning","floor":0},{"not_picked":["Self Repair","Gash"],"picked":"Lockon","floor":1},{"not_picked":["Turbo","Barrage"],"picked":"Fusion","floor":2},{"not_picked":["Conserve Battery","Storm"],"picked":"Defragment","floor":3},{"not_picked":["Double Energy","Compile Driver"],"picked":"BootSequence","floor":8},{"not_picked":["Compile Driver","Machine Learning"],"picked":"Steam","floor":11},{"not_picked":["Self Repair","Turbo"],"picked":"Hologram","floor":12},{"not_picked":["Scrape","Streamline","Stack"],"picked":"SKIP","floor":14},{"not_picked":["Seek","Thunder Strike"],"picked":"Electrodynamics","floor":16},{"not_picked":["Fusion","Streamline+1"],"picked":"Barrage+1","floor":18},{"not_picked":["Reinforced Body","Rip and Tear"],"picked":"Tempest+1","floor":19},{"not_picked":["Fusion","Stack"],"picked":"Conserve Battery","floor":20},{"not_picked":["Scrape","Hello World"],"picked":"Consume","floor":22},{"not_picked":["Compile Driver","Beam Cell+1"],"picked":"Doom and Gloom","floor":23},{"not_picked":["Machine Learning","Reprogram"],"picked":"Leap+1","floor":30},{"not_picked":["Sweeping Beam","Hologram"],"picked":"Steam","floor":31},{"not_picked":["Reboot","Creative AI"],"picked":"Amplify","floor":33},{"not_picked":["Rebound+1","Beam Cell"],"picked":"Sweeping Beam+1","floor":35},{"not_picked":["Streamline+1","Gash+1","Rip and Tear+1"],"picked":"SKIP","floor":36},{"not_picked":["Coolheaded","Turbo+1"],"picked":"Reboot","floor":39},{"not_picked":["Sweeping Beam","Stack+1"],"picked":"Force Field","floor":41},{"not_picked":["Sweeping Beam","Beam Cell"],"picked":"Tempest+1","floor":42},{"not_picked":["Barrage","Gash+1"],"picked":"Redo+1","floor":44},{"not_picked":["Ball Lightning+1","Sweeping Beam+1"],"picked":"Defragment+1","floor":46},{"not_picked":["Rebound+1","Sweeping Beam+1","Beam Cell+1"],"picked":"SKIP","floor":47}],"player_experience":57896,"relics_obtained":[{"floor":9,"key":"Omamori"},{"floor":11,"key":"Bag of Marbles"},{"floor":23,"key":"Kunai"},{"floor":26,"key":"Blood Vial"},{"floor":34,"key":"Bag of Preparation"},{"floor":34,"key":"Pantograph"},{"floor":34,"key":"Calipers"},{"floor":44,"key":"Old Coin"},{"floor":48,"key":"Regal Pillow"}],"event_choices":[{"cards_removed":["Strike_B"],"damage_healed":0,"gold_gain":0,"player_choice":"Card Removal","damage_taken":7,"max_hp_gain":0,"max_hp_loss":0,"event_name":"Golden Wing","floor":5,"gold_loss":0},{"damage_healed":0,"gold_gain":0,"player_choice":"Take Damage","damage_taken":18,"relics_obtained":["Golden Idol"],"max_hp_gain":0,"max_hp_loss":0,"event_name":"Golden Idol","floor":7,"gold_loss":0},{"cards_removed":["Defend_B"],"damage_healed":0,"gold_gain":0,"player_choice":"Elegance","damage_taken":0,"max_hp_gain":0,"max_hp_loss":0,"event_name":"Back to Basics","floor":24,"gold_loss":0},{"damage_healed":0,"gold_gain":0,"player_choice":"Copied","damage_taken":0,"max_hp_gain":0,"max_hp_loss":0,"event_name":"Duplicator","floor":28,"gold_loss":0,"cards_obtained":["Defragment"]},{"cards_removed":["Strike_B"],"damage_healed":0,"gold_gain":0,"player_choice":"Removed Attack","damage_taken":0,"max_hp_gain":0,"max_hp_loss":0,"event_name":"Falling","floor":37,"gold_loss":0},{"damage_healed":0,"gold_gain":0,"player_choice":"Fight","damage_taken":0,"max_hp_gain":0,"max_hp_loss":0,"event_name":"MindBloom","floor":44,"gold_loss":0}],"is_beta":false,"boss_relics":[{"not_picked":["Busted Crown","Runic Dome"],"picked":"Velvet Choker"},{"not_picked":["Empty Cage","Runic Pyramid"],"picked":"Calling Bell"}],"items_purged_floors":[4,21,38],"is_endless":false,"potions_floor_spawned":[1,3,8,12,18,22,30,35,39,44],"ascension_level":0}