{"gold_per_floor":[110,127,202,127,302,328,343,343,343,363,363,389,389,404,404,404],"floor_reached":16,"playtime":416,"items_purged":["Clumsy"],"score":110,"play_id":"7f64d9ee-7e70-4700-9f97-edaa425d5b75","local_time":"20190710151306","is_ascension_mode":false,"campfire_choices":[{"data":"Armaments","floor":8,"key":"SMITH"},{"data":"Double Tap","floor":13,"key":"SMITH"},{"data":"Perfected Strike","floor":15,"key":"SMITH"}],"neow_cost":"CURSE","seed_source_timestamp":587168864963767,"circlet_count":0,"master_deck":["Strike_R","Strike_R","Strike_R","Strike_R","Strike_R","Defend_R","Defend_R","Bash","Double Tap+1","Headbutt","Perfected Strike+1","Doubt","Clash","Armaments+1","Wild Strike"],"relics":["Burning Blood","Shuriken","Blood Vial","Mercury Hourglass"],"potions_floor_usage":[12,12,16],"damage_taken":[{"damage":6,"enemies":"Jaw Worm","floor":1,"turns":3},{"damage":6,"enemies":"2 Louse","floor":2,"turns":2},{"damage":45,"enemies":"3 Sentries","floor":6,"turns":7},{"damage":1,"enemies":"Cultist","floor":7,"turns":3},{"damage":1,"enemies":"2 Fungi Beasts","floor":10,"turns":3},{"damage":14,"enemies":"Gremlin Nob","floor":12,"turns":4},{"damage":21,"enemies":"Large Slime","floor":14,"turns":4},{"damage":34,"enemies":"Slime Boss","floor":16,"turns":6}],"seed_played":"-6337703772820353000","potions_obtained":[{"floor":6,"key":"Regen Potion"},{"floor":7,"key":"LiquidBronze"},{"floor":10,"key":"PowerPotion"},{"floor":11,"key":"Weak Potion"}],"is_trial":false,"path_per_floor":["M","M","?","$","?","E","M","R","T","M","?","E","R","M","R","B"],"character_chosen":"IRONCLAD","items_purchased":[],"campfire_rested":0,"item_purchase_floors":[],"current_hp_per_floor":[80,80,69,69,69,30,35,35,35,42,42,45,45,32,32,0],"gold":404,"neow_bonus":"TRANSFORM_TWO_CARDS","is_prod":false,"is_daily":false,"chose_seed":false,"campfire_upgraded":3,"win_rate":0,"timestamp":1562735586,"path_taken":["M","M","?","$","?","E","M","R","T","M","?","E","R","?","R","BOSS"],"build_version":"2019-07-05","purchased_purges":1,"victory":false,"max_hp_per_floor":[80,80,80,80,80,80,80,80,80,80,80,80,80,80,80,80],"card_choices":[{"not_picked":["True Grit","Fire Breathing","Headbutt"],"picked":"SKIP","floor":1},{"not_picked":["Cleave","Corruption"],"picked":"Perfected Strike","floor":2},{"not_picked":["Searing Blow","Shrug It Off"],"picked":"Clash","floor":6},{"not_picked":["Anger","True Grit"],"picked":"Armaments","floor":7},{"not_picked":["Rage","Intimidate","Metallicize"],"picked":"SKIP","floor":10},{"not_picked":["Thunderclap","Power Through","Demon Form"],"picked":"SKIP","floor":12},{"not_picked":["Dropkick","Warcry"],"picked":"Wild Strike","floor":14}],"player_experience":18876,"relics_obtained":[{"floor":6,"key":"Shuriken"},{"floor":9,"key":"Blood Vial"},{"floor":12,"key":"Mercury Hourglass"}],"event_choices":[{"damage_healed":0,"gold_gain":75,"player_choice":"Gather Gold","damage_taken":11,"max_hp_gain":0,"max_hp_loss":0,"event_name":"World of Goop","floor":3,"gold_loss":0},{"damage_healed":0,"gold_gain":175,"player_choice":"AGREE","damage_taken":0,"max_hp_gain":0,"max_hp_loss":0,"event_name":"Liars Game","floor":5,"gold_loss":0,"cards_obtained":["Doubt"]},{"damage_healed":0,"gold_gain":0,"player_choice":"Got Potions","damage_taken":0,"max_hp_gain":0,"max_hp_loss":0,"event_name":"Lab","floor":11,"gold_loss":0}],"is_beta":false,"boss_relics":[],"items_purged_floors":[4],"is_endless":false,"potions_floor_spawned":[6,7,10],"killed_by":"Slime Boss","ascension_level":0}