{"gold_per_floor":[116,133,153,178,128,160,160,176,176,201,201,201,24,35,35,140,140,153,173,173,198,221,233,245,257,293,324,336,348,370,411,423,534,546,570,582,614,626,656,668,699,740,752,764,787,812,924,951,963,975,987,999,71,103,103],"floor_reached":56,"playtime":3355,"items_purged":["Parasite"],"score":1297,"play_id":"1fcba752-3714-4d45-9d7a-a03381869e0c","local_time":"20190710213114","is_ascension_mode":false,"campfire_choices":[{"data":"Noxious Fumes","floor":7.0,"key":"SMITH"},{"data":"Dash","floor":12.0,"key":"SMITH"},{"data":"Apotheosis","floor":15.0,"key":"SMITH"},{"data":"Defend_G","floor":23.0,"key":"PURGE"},{"data":"Defend_G","floor":25.0,"key":"PURGE"},{"data":"Defend_G","floor":28.0,"key":"PURGE"},{"data":"Defend_G","floor":32.0,"key":"PURGE"},{"data":"Strike_G","floor":40.0,"key":"PURGE"},{"data":"1","floor":44.0,"key":"LIFT"},{"floor":49.0,"key":"RECALL"},{"data":"2","floor":52.0,"key":"LIFT"}],"neow_cost":"NONE","seed_source_timestamp":0,"circlet_count":0,"master_deck":["Strike_G","Strike_G","Strike_G+1","Defend_G","Survivor","Neutralize","Backflip","Noxious Fumes+1","Poisoned Stab","Dodge and Roll","Dash+1","Acrobatics+1","Apotheosis+1","Backflip","After Image","Bane","J.A.X.","Backflip+1","RitualDagger","Backflip","Quick Slash+1","PiercingWail","Corpse Explosion","Catalyst+1","Good Instincts","Mayhem","Leg Sweep","Backflip","Blur","Concentrate","Deflect","Catalyst","PiercingWail+1","Endless Agony","Adrenaline","Good Instincts","Footwork+1"],"special_seed":0,"relics":["Ring of the Snake","Happy Flower","Dodecahedron","Peace Pipe","Odd Mushroom","Philosopher\u0027s Stone","Red Mask","MawBank","Kunai","Eternal Feather","Girya","Bottled Lightning","Pocketwatch","Sling","StoneCalendar","Mercury Hourglass"],"potions_floor_usage":[55,55,55],"damage_taken":[{"damage":1.0,"enemies":"Cultist","floor":1.0,"turns":5.0},{"damage":0.0,"enemies":"2 Louse","floor":2.0,"turns":4.0},{"damage":2.0,"enemies":"Small Slimes","floor":3.0,"turns":4.0},{"damage":30.0,"enemies":"Gremlin Nob","floor":6.0,"turns":5.0},{"damage":0.0,"enemies":"2 Fungi Beasts","floor":8.0,"turns":4.0},{"damage":15.0,"enemies":"The Mushroom Lair","floor":10.0,"turns":5.0},{"damage":0.0,"enemies":"Blue Slaver","floor":14.0,"turns":4.0},{"damage":0.0,"enemies":"Hexaghost","floor":16.0,"turns":11.0},{"damage":0.0,"enemies":"Shell Parasite","floor":18.0,"turns":4.0},{"damage":0.0,"enemies":"Spheric Guardian","floor":19.0,"turns":4.0},{"damage":8.0,"enemies":"Masked Bandits","floor":21.0,"turns":6.0},{"damage":6.0,"enemies":"Snake Plant","floor":27.0,"turns":5.0},{"damage":6.0,"enemies":"Cultist and Chosen","floor":30.0,"turns":7.0},{"damage":19.0,"enemies":"Slavers","floor":31.0,"turns":7.0},{"damage":23.0,"enemies":"Collector","floor":33.0,"turns":8.0},{"damage":9.0,"enemies":"3 Darklings","floor":35.0,"turns":3.0},{"damage":10.0,"enemies":"Orb Walker","floor":37.0,"turns":6.0},{"damage":17.0,"enemies":"3 Darklings","floor":39.0,"turns":2.0},{"damage":10.0,"enemies":"Writhing Mass","floor":41.0,"turns":7.0},{"damage":21.0,"enemies":"Reptomancer","floor":42.0,"turns":9.0},{"damage":0.0,"enemies":"4 Shapes","floor":45.0,"turns":4.0},{"damage":0.0,"enemies":"Spire Growth","floor":46.0,"turns":6.0},{"damage":0.0,"enemies":"Mind Bloom Boss Battle","floor":47.0,"turns":6.0},{"damage":5.0,"enemies":"3 Darklings","floor":48.0,"turns":5.0},{"damage":18.0,"enemies":"Awakened One","floor":50.0,"turns":13.0},{"damage":13.0,"enemies":"Shield and Spear","floor":54.0,"turns":5.0},{"damage":23,"enemies":"The Heart","floor":55,"turns":9}],"seed_played":"-183248983217798902","potions_obtained":[{"floor":3.0,"key":"Dexterity Potion"},{"floor":14.0,"key":"PowerPotion"},{"floor":16.0,"key":"Weak Potion"},{"floor":19.0,"key":"Regen Potion"},{"floor":27.0,"key":"SteroidPotion"},{"floor":30.0,"key":"SkillPotion"},{"floor":31.0,"key":"Strength Potion"},{"floor":33.0,"key":"Fire Potion"},{"floor":37.0,"key":"Regen Potion"},{"floor":45.0,"key":"Dexterity Potion"}],"is_trial":false,"path_per_floor":["M","M","M","T","?","E","R","M","T","?","?","R","$","M","R","B",null,"M","M","?","?","T","R","?","R","T","M","R","$","M","E","R","B",null,"M","?","M","?","M","R","M","E","T","R","M","M","?","M","R","B",null,"R","$","E","B",null],"character_chosen":"THE_SILENT","items_purchased":["Apotheosis","Sling","StoneCalendar","Adrenaline","Good Instincts","Regen Potion","Block Potion"],"campfire_rested":0,"item_purchase_floors":[13,53,53,53,53,53,53],"current_hp_per_floor":[76,76,74,74,74,44,44,44,44,29,14,14,14,14,14,14,77,77,77,77,69,69,69,63,63,63,57,57,57,51,32,32,24,77,68,58,48,48,31,46,36,30,30,48,48,48,48,43,64,46,77,77,74,61,53],"gold":103,"neow_bonus":"TEN_PERCENT_HP_BONUS","is_prod":false,"is_daily":false,"chose_seed":false,"campfire_upgraded":3,"win_rate":0,"timestamp":1562761874,"path_taken":["M","M","M","?","?","E","R","M","T","?","?","R","$","M","R","BOSS","M","M","?","?","?","R","?","R","T","M","R","?","M","E","R","BOSS","M","?","M","?","M","R","M","E","T","R","M","M","?","M","R","BOSS","R","$","E","BOSS"],"build_version":"2019-07-05","purchased_purges":1,"victory":true,"max_hp_per_floor":[77,77,77,77,77,77,77,77,77,77,77,77,77,77,77,77,77,77,77,77,77,77,77,77,77,77,77,77,77,77,77,77,77,77,77,77,77,77,77,77,77,77,77,77,77,77,77,77,77,77,77,77,74,74,74],"card_choices":[{"not_picked":["Quick Slash","Finisher"],"picked":"Backflip","floor":1.0},{"not_picked":["Outmaneuver","Sucker Punch"],"picked":"Noxious Fumes","floor":2.0},{"not_picked":["Prepared","Underhanded Strike"],"picked":"Poisoned Stab","floor":3.0},{"not_picked":["Tactician","Flying Knee"],"picked":"Dodge and Roll","floor":6.0},{"not_picked":["Quick Slash","Flying Knee"],"picked":"Dash","floor":8.0},{"not_picked":["All Out Attack","Caltrops"],"picked":"Acrobatics","floor":10.0},{"not_picked":["Setup","Skewer"],"picked":"Backflip","floor":14.0},{"not_picked":["Storm of Steel","Die Die Die"],"picked":"After Image","floor":16.0},{"not_picked":["Accuracy","Flechettes"],"picked":"Bane","floor":18.0},{"not_picked":["Choke","Dagger Spray","Slice"],"picked":"SKIP","floor":19.0},{"not_picked":["All Out Attack+1","Caltrops+1"],"picked":"Backflip+1","floor":21.0},{"not_picked":["Accuracy","Bane+1"],"picked":"Backflip","floor":27.0},{"not_picked":["Flying Knee+1","Outmaneuver"],"picked":"Quick Slash+1","floor":30.0},{"not_picked":["Distraction","Flying Knee+1"],"picked":"PiercingWail","floor":31.0},{"not_picked":["Phantasmal Killer","Burst"],"picked":"Corpse Explosion","floor":33.0},{"not_picked":["Setup+1","Skewer"],"picked":"Catalyst+1","floor":35.0},{"not_picked":["Metamorphosis","Mind Blast"],"picked":"Discovery","floor":36.0},{"not_picked":["Panache","Flash of Steel"],"picked":"Good Instincts","floor":36.0},{"not_picked":["Dramatic Entrance","Violence"],"picked":"Mayhem","floor":36.0},{"not_picked":["Slice","Deadly Poison"],"picked":"Leg Sweep","floor":37.0},{"not_picked":["Skewer+1","Cloak And Dagger"],"picked":"Backflip","floor":39.0},{"not_picked":["Dash+1","Backstab"],"picked":"Blur","floor":41.0},{"not_picked":["Sucker Punch","Heel Hook"],"picked":"Concentrate","floor":42.0},{"not_picked":["PiercingWail","Flying Knee"],"picked":"Deflect","floor":45.0},{"not_picked":["Riddle With Holes+1","Expertise+1"],"picked":"Catalyst","floor":46.0},{"not_picked":["Riddle With Holes+1","Bane"],"picked":"PiercingWail+1","floor":47.0},{"not_picked":["Quick Slash+1","Prepared"],"picked":"Endless Agony","floor":48.0},{"not_picked":["Sucker Punch","Eviscerate"],"picked":"Footwork+1","floor":54.0}],"player_experience":139726,"relics_obtained":[{"floor":4.0,"key":"Happy Flower"},{"floor":6.0,"key":"Dodecahedron"},{"floor":9.0,"key":"Peace Pipe"},{"floor":10.0,"key":"Odd Mushroom"},{"floor":21.0,"key":"Red Mask"},{"floor":22.0,"key":"MawBank"},{"floor":31.0,"key":"Kunai"},{"floor":42.0,"key":"Girya"},{"floor":43.0,"key":"Bottled Lightning"},{"floor":47.0,"key":"Pocketwatch"},{"floor":54.0,"key":"Mercury Hourglass"}],"event_choices":[{"cards_removed":["Strike_G"],"damage_healed":0.0,"max_hp_gain":0.0,"max_hp_loss":0.0,"gold_gain":0.0,"event_name":"The Cleric","player_choice":"Card Removal","floor":5.0,"gold_loss":50.0,"damage_taken":0.0},{"damage_healed":0.0,"max_hp_gain":0.0,"max_hp_loss":0.0,"gold_gain":0.0,"event_name":"Mushrooms","player_choice":"Fought Mushrooms","floor":10.0,"gold_loss":0.0,"damage_taken":0.0},{"damage_healed":0.0,"max_hp_gain":0.0,"max_hp_loss":0.0,"gold_gain":0.0,"event_name":"Shining Light","player_choice":"Entered Light","floor":11.0,"gold_loss":0.0,"damage_taken":15.0,"cards_upgraded":["Strike_G","Acrobatics"]},{"damage_healed":0.0,"max_hp_gain":0.0,"max_hp_loss":0.0,"gold_gain":0.0,"event_name":"Drug Dealer","player_choice":"Obtain J.A.X.","floor":20.0,"gold_loss":0.0,"damage_taken":0.0,"cards_obtained":["J.A.X."]},{"damage_healed":0.0,"max_hp_gain":0.0,"max_hp_loss":0.0,"gold_gain":0.0,"event_name":"Masked Bandits","player_choice":"Fought Bandits","floor":21.0,"gold_loss":0.0,"damage_taken":0.0},{"damage_healed":0.0,"max_hp_gain":0.0,"max_hp_loss":0.0,"gold_gain":0.0,"event_name":"Nest","player_choice":"Joined the Cult","floor":24.0,"gold_loss":0.0,"damage_taken":6.0,"cards_obtained":["RitualDagger"]},{"damage_healed":0.0,"max_hp_gain":0.0,"max_hp_loss":0.0,"gold_gain":0.0,"event_name":"SensoryStone","player_choice":"Memory 3","floor":36.0,"gold_loss":0.0,"damage_taken":10.0},{"cards_removed":["Discovery"],"damage_healed":0.0,"max_hp_gain":0.0,"max_hp_loss":0.0,"gold_gain":0.0,"event_name":"Falling","player_choice":"Removed Skill","floor":38.0,"gold_loss":0.0,"damage_taken":0.0},{"damage_healed":0.0,"max_hp_gain":0.0,"max_hp_loss":0.0,"gold_gain":0.0,"event_name":"MindBloom","player_choice":"Fight","floor":47.0,"gold_loss":0.0,"damage_taken":0.0}],"is_beta":false,"boss_relics":[{"not_picked":["WristBlade","Tiny House"],"picked":"Philosopher\u0027s Stone"},{"not_picked":["Black Star","Lizard Tail"],"picked":"Eternal Feather"}],"items_purged_floors":[53],"is_endless":false,"potions_floor_spawned":[3,14,16,19,27,30,31,33,37,45,54],"ascension_level":0}