{"gold_per_floor":[111,286,286,306,256,256,288,363,390,390],"floor_reached":10,"playtime":200,"items_purged":[],"score":64,"play_id":"e7e36212-8053-4a0e-bdd8-20a19a734170","local_time":"20190710145939","is_ascension_mode":false,"campfire_choices":[{"data":"Fire Breathing","floor":6,"key":"SMITH"}],"neow_cost":"PERCENT_DAMAGE","seed_source_timestamp":586577851010714,"circlet_count":0,"master_deck":["Strike_R","Strike_R","Strike_R","Strike_R","Defend_R","Defend_R","Defend_R","Defend_R","Bash","Swift Strike","Forethought","Fire Breathing+1","Havoc","Rage"],"relics":["Burning Blood","Meat on the Bone","Centennial Puzzle"],"potions_floor_usage":[7,10],"damage_taken":[{"damage":6,"enemies":"Jaw Worm","floor":1,"turns":3},{"damage":12,"enemies":"Small Slimes","floor":4,"turns":3},{"damage":28,"enemies":"Gremlin Nob","floor":7,"turns":4},{"damage":21,"enemies":"The Mushroom Lair","floor":10,"turns":3}],"seed_played":"2720660517504299279","potions_obtained":[{"floor":1,"key":"SkillPotion"},{"floor":4,"key":"AttackPotion"}],"is_trial":false,"path_per_floor":["M","?","?","M","?","R","E","?","T","?"],"character_chosen":"IRONCLAD","items_purchased":[],"campfire_rested":0,"item_purchase_floors":[],"current_hp_per_floor":[56,56,56,50,50,50,28,17,17,0],"gold":390,"neow_bonus":"RANDOM_COLORLESS_2","is_prod":false,"is_daily":false,"chose_seed":false,"campfire_upgraded":1,"win_rate":0,"timestamp":1562734779,"path_taken":["M","?","?","M","?","R","E","?","T","?"],"build_version":"2019-07-05","purchased_purges":0,"victory":false,"max_hp_per_floor":[80,80,80,80,80,80,80,80,80,80],"card_choices":[{"not_picked":["Iron Wave","True Grit"],"picked":"Fire Breathing","floor":1},{"not_picked":["Headbutt","Heavy Blade"],"picked":"Havoc","floor":4},{"not_picked":["Disarm","Shrug It Off"],"picked":"Rage","floor":7}],"player_experience":18305,"relics_obtained":[{"floor":7,"key":"Meat on the Bone"},{"floor":9,"key":"Centennial Puzzle"}],"event_choices":[{"damage_healed":0,"gold_gain":175,"player_choice":"AGREE","damage_taken":0,"max_hp_gain":0,"max_hp_loss":0,"event_name":"Liars Game","floor":2,"gold_loss":0,"cards_obtained":["Doubt"]},{"cards_removed":["Doubt"],"damage_healed":0,"gold_gain":0,"player_choice":"Forget","damage_taken":0,"max_hp_gain":0,"max_hp_loss":0,"event_name":"Living Wall","floor":3,"gold_loss":0},{"cards_removed":["Strike_R"],"damage_healed":0,"gold_gain":0,"player_choice":"Card Removal","damage_taken":0,"max_hp_gain":0,"max_hp_loss":0,"event_name":"The Cleric","floor":5,"gold_loss":50},{"damage_healed":0,"gold_gain":75,"player_choice":"Gather Gold","damage_taken":11,"max_hp_gain":0,"max_hp_loss":0,"event_name":"World of Goop","floor":8,"gold_loss":0},{"damage_healed":0,"gold_gain":0,"player_choice":"Fought Mushrooms","damage_taken":0,"max_hp_gain":0,"max_hp_loss":0,"event_name":"Mushrooms","floor":10,"gold_loss":0}],"is_beta":false,"boss_relics":[],"items_purged_floors":[],"is_endless":false,"potions_floor_spawned":[1,4],"killed_by":"The Mushroom Lair","ascension_level":0}