{"gold_per_floor":[116,38,53,53,69,69,98,155,180,206,219,244,244,244,244,318,318,335,335,58,78,78,78,112,112,138,138,172,172],"floor_reached":29,"playtime":1079,"items_purged":[],"score":554,"play_id":"a9835746-4e3c-4fa6-b6a0-5ce57d74293a","local_time":"20190531223717","is_ascension_mode":true,"campfire_choices":[{"data":"Inflame","floor":6.0,"key":"SMITH"},{"floor":13,"key":"REST"},{"data":"Disarm","floor":15,"key":"SMITH"},{"data":"Corruption","floor":23,"key":"SMITH"},{"data":"Feed","floor":25,"key":"SMITH"},{"floor":27,"key":"REST"}],"neow_cost":"NONE","seed_source_timestamp":236765820031757,"circlet_count":0,"master_deck":["AscendersBane","Defend_R","Defend_R","Defend_R","Defend_R","Bash","Inflame+1","Evolve","Sword Boomerang","Sword Boomerang","Immolate","Disarm+1","Headbutt","Iron Wave","Feed+1","Anger+1","Dark Embrace+1","Limit Break+1","Corruption+1","Shrug It Off","Armaments"],"special_seed":0,"relics":["Burning Blood","Juzu Bracelet","Potion Belt","Orichalcum","Pen Nib","Astrolabe","Omamori","Bag of Preparation","Happy Flower","Blood Vial"],"potions_floor_usage":[10,12,12,16,24,28,28,29],"damage_taken":[{"damage":18.0,"enemies":"Jaw Worm","floor":1.0,"turns":7.0},{"damage":12.0,"enemies":"Cultist","floor":3.0,"turns":4.0},{"damage":6.0,"enemies":"2 Louse","floor":5.0,"turns":4.0},{"damage":32.0,"enemies":"Gremlin Nob","floor":7.0,"turns":4.0},{"damage":20,"enemies":"3 Sentries","floor":10,"turns":4},{"damage":5,"enemies":"Blue Slaver","floor":11,"turns":3},{"damage":8,"enemies":"Lagavulin","floor":12,"turns":5},{"damage":4,"enemies":"Hexaghost","floor":16,"turns":7},{"damage":16,"enemies":"2 Thieves","floor":18,"turns":3},{"damage":20,"enemies":"Shell Parasite","floor":21,"turns":4},{"damage":21,"enemies":"Book of Stabbing","floor":24,"turns":5},{"damage":38,"enemies":"Slavers","floor":28,"turns":4},{"damage":4,"enemies":"Colosseum Slavers","floor":29,"turns":4},{"damage":41,"enemies":"Colosseum Nobs","floor":29,"turns":3}],"seed_played":"-310551613751024451","potions_obtained":[{"floor":0.0,"key":"Strength Potion"},{"floor":0.0,"key":"SmokeBomb"},{"floor":1.0,"key":"FearPotion"},{"floor":11,"key":"Energy Potion"},{"floor":12,"key":"Strength Potion"},{"floor":16,"key":"Weak Potion"},{"floor":21,"key":"GamblersBrew"}],"is_trial":false,"path_per_floor":["M","$","M","?","M","R","E","?","T","E","M","E","R","?","R","B",null,"M","?","$","M","?","R","E","R","T","R","E","?"],"character_chosen":"IRONCLAD","items_purchased":["Evolve","Omamori","Swift Potion","Block Potion"],"campfire_rested":2,"item_purchase_floors":[2,20,20,20],"current_hp_per_floor":[56,56,50,50,50,50,24,24,24,10,11,9,31,31,31,33,65,58,58,58,47,47,47,32,32,32,56,28,0],"gold":172,"neow_bonus":"THREE_SMALL_POTIONS","is_prod":false,"is_daily":false,"chose_seed":false,"campfire_upgraded":4,"win_rate":0,"timestamp":1559360237,"path_taken":["M","$","M","?","M","R","E","?","T","E","M","E","R","?","R","BOSS","M","?","?","M","?","R","E","R","T","R","E","?"],"build_version":"2019-01-23","purchased_purges":0,"victory":false,"max_hp_per_floor":[75,75,75,75,75,75,75,75,75,75,75,75,75,75,75,75,75,78,78,78,81,81,81,81,81,81,81,85,89],"card_choices":[{"not_picked":["Pommel Strike","Iron Wave"],"picked":"Inflame","floor":1.0},{"not_picked":["Metallicize","Sentinel"],"picked":"Sword Boomerang","floor":3.0},{"not_picked":["Sword Boomerang","Thunderclap","Perfected Strike"],"picked":"SKIP","floor":5.0},{"not_picked":["Bludgeon","Perfected Strike"],"picked":"Immolate","floor":7.0},{"not_picked":["Dual Wield","Feed"],"picked":"Disarm","floor":10},{"not_picked":["Armaments","Thunderclap"],"picked":"Headbutt","floor":11},{"not_picked":["Blood for Blood","Pommel Strike"],"picked":"Iron Wave","floor":12},{"not_picked":["Exhume","Fiend Fire"],"picked":"Feed","floor":16},{"not_picked":["Heavy Blade+1","Perfected Strike","Second Wind"],"picked":"SKIP","floor":18},{"not_picked":["Thunderclap","Perfected Strike"],"picked":"Shrug It Off","floor":21},{"not_picked":["Clothesline","Flex","Bludgeon"],"picked":"SKIP","floor":24},{"not_picked":["Twin Strike","Havoc"],"picked":"Armaments","floor":28}],"player_experience":1628698,"relics_obtained":[{"floor":7.0,"key":"Juzu Bracelet"},{"floor":9.0,"key":"Potion Belt"},{"floor":10,"key":"Orichalcum"},{"floor":12,"key":"Pen Nib"},{"floor":24,"key":"Bag of Preparation"},{"floor":26,"key":"Happy Flower"},{"floor":28,"key":"Blood Vial"}],"event_choices":[{"damage_healed":0.0,"max_hp_gain":0.0,"max_hp_loss":0.0,"gold_gain":0.0,"cards_transformed":["Strike_R"],"event_name":"Transmorgrifier","player_choice":"Transformed","floor":4.0,"gold_loss":0.0,"damage_taken":0.0,"cards_obtained":["Sword Boomerang"]},{"damage_healed":0.0,"max_hp_gain":0.0,"max_hp_loss":0.0,"gold_gain":57.0,"event_name":"Golden Wing","player_choice":"Gained Gold","floor":8.0,"gold_loss":0.0,"damage_taken":0.0},{"cards_removed":["Strike_R"],"damage_healed":0,"gold_gain":0,"player_choice":"Purged","damage_taken":0,"max_hp_gain":0,"max_hp_loss":0,"event_name":"Purifier","floor":14,"gold_loss":0},{"damage_healed":0,"gold_gain":0,"player_choice":"Read","damage_taken":0,"max_hp_gain":0,"max_hp_loss":0,"event_name":"The Library","floor":19,"gold_loss":0,"cards_obtained":["Corruption"]},{"damage_healed":0,"gold_gain":0,"player_choice":"Smashed Altar","damage_taken":0,"max_hp_gain":0,"max_hp_loss":0,"event_name":"Forgotten Altar","floor":22,"gold_loss":0,"cards_obtained":["Decay"]},{"damage_healed":0,"gold_gain":0,"player_choice":"Fight","damage_taken":0,"max_hp_gain":0,"max_hp_loss":0,"event_name":"Colosseum","floor":29,"gold_loss":0},{"damage_healed":0,"gold_gain":0,"player_choice":"Fought Nobs","damage_taken":0,"max_hp_gain":0,"max_hp_loss":0,"event_name":"Colosseum","floor":29,"gold_loss":0}],"is_beta":false,"boss_relics":[{"not_picked":["Empty Cage","Black Star"],"picked":"Astrolabe"}],"items_purged_floors":[],"is_endless":false,"potions_floor_spawned":[1,5,11,12,16,21,29],"killed_by":"Colosseum Nobs","ascension_level":20}