{"gold_per_floor":[111,121,140,156,169,196,196,227,227,227,253,264,290,303,303,404,404,421,437,536,536,554,554,580,580,580,580,580,613,91,116,116,211,211,229,244,5,405,405,436,436,463,544,555,128,157,37,53,53,53],"floor_reached":51,"playtime":2299,"items_purged":["Strike_R","Strike_R","Strike_R","Perfected Strike"],"score":1032,"play_id":"2d6da3db-bb87-4ca4-868b-1b6337555275","local_time":"20190630152438","is_ascension_mode":true,"campfire_choices":[{"data":"Armaments","floor":7.0,"key":"SMITH"},{"data":"Evolve","floor":15.0,"key":"SMITH"},{"data":"Barricade","floor":23.0,"key":"SMITH"},{"data":"Entrench","floor":25.0,"key":"SMITH"},{"data":"Inflame","floor":27.0,"key":"SMITH"},{"data":"Feel No Pain","floor":32.0,"key":"SMITH"},{"data":"Second Wind","floor":41.0,"key":"SMITH"},{"data":"Battle Trance","floor":49,"key":"SMITH"}],"neow_cost":"","seed_source_timestamp":0,"circlet_count":0,"master_deck":["Strike_R+1","Strike_R+1","Defend_R","Defend_R","Defend_R","Defend_R+1","Bash","Armaments+1","Inflame+1","Wild Strike","Shrug It Off+1","Wild Strike","Evolve+1","Second Wind+1","Shrug It Off","Reaper","Body Slam+1","Flame Barrier","Battle Trance+1","Reckless Charge+1","Barricade+1","Fiend Fire+1","Body Slam+1","Entrench+1","Uppercut+1","Battle Trance","Feel No Pain+1","Intimidate+1","Impervious+1","Offering+1","Warcry+1","Offering+1","True Grit+1","True Grit+1","Shockwave+1","Power Through+1","Warcry+1"],"special_seed":0,"relics":["Burning Blood","Question Card","Prayer Wheel","War Paint","Bag of Marbles","Molten Egg 2","Odd Mushroom","The Courier","Runic Pyramid","Juzu Bracelet","Letter Opener","Du-Vu Doll","Magic Flower","PreservedInsect","Toxic Egg 2","Coffee Dripper","OrangePellets","Old Coin","Whetstone","Darkstone Periapt","Sundial","Bronze Scales","Anchor","Pen Nib"],"potions_floor_usage":[],"damage_taken":[{"damage":0.0,"enemies":"2 Louse","floor":1.0,"turns":2.0},{"damage":2.0,"enemies":"Jaw Worm","floor":2.0,"turns":4.0},{"damage":0.0,"enemies":"Cultist","floor":3.0,"turns":2.0},{"damage":7.0,"enemies":"Blue Slaver","floor":4.0,"turns":2.0},{"damage":6.0,"enemies":"Gremlin Gang","floor":5.0,"turns":4.0},{"damage":13.0,"enemies":"3 Sentries","floor":6.0,"turns":9.0},{"damage":15.0,"enemies":"Gremlin Nob","floor":8.0,"turns":4.0},{"damage":19.0,"enemies":"The Mushroom Lair","floor":11.0,"turns":6.0},{"damage":0.0,"enemies":"Looter","floor":12.0,"turns":2.0},{"damage":22.0,"enemies":"Lagavulin","floor":13.0,"turns":7.0},{"damage":11.0,"enemies":"2 Fungi Beasts","floor":14.0,"turns":3.0},{"damage":14.0,"enemies":"Slime Boss","floor":16.0,"turns":9.0},{"damage":5.0,"enemies":"Chosen","floor":18.0,"turns":3.0},{"damage":11.0,"enemies":"Shell Parasite","floor":19.0,"turns":5.0},{"damage":3.0,"enemies":"Centurion and Healer","floor":22.0,"turns":6.0},{"damage":49.0,"enemies":"Gremlin Leader","floor":24.0,"turns":8.0},{"damage":7.0,"enemies":"Book of Stabbing","floor":29.0,"turns":3.0},{"damage":21.0,"enemies":"Slavers","floor":31.0,"turns":4.0},{"damage":15.0,"enemies":"Automaton","floor":33.0,"turns":8.0},{"damage":0.0,"enemies":"Orb Walker","floor":35.0,"turns":3.0},{"damage":10.0,"enemies":"3 Darklings","floor":36.0,"turns":6.0},{"damage":6.0,"enemies":"Mind Bloom Boss Battle","floor":38.0,"turns":1.0},{"damage":6.0,"enemies":"Giant Head","floor":40.0,"turns":6.0},{"damage":12.0,"enemies":"Nemesis","floor":42.0,"turns":5.0},{"damage":22.0,"enemies":"Jaw Worm Horde","floor":44.0,"turns":3.0},{"damage":13,"enemies":"Reptomancer","floor":46,"turns":4},{"damage":12,"enemies":"Spire Growth","floor":48,"turns":2},{"damage":6,"enemies":"Time Eater","floor":50,"turns":12}],"seed_played":"-4115555095163983035","potions_obtained":[{"floor":1.0,"key":"SkillPotion"},{"floor":3.0,"key":"SkillPotion"},{"floor":8.0,"key":"LiquidBronze"},{"floor":13.0,"key":"Swift Potion"},{"floor":31.0,"key":"Weak Potion"},{"floor":33.0,"key":"EssenceOfSteel"},{"floor":35.0,"key":"Weak Potion"},{"floor":46,"key":"Weak Potion"},{"floor":48,"key":"GamblersBrew"}],"is_trial":true,"path_per_floor":["M","M","M","M","M","E","R","E","T","?","?","M","E","M","R","B",null,"M","M","?","?","M","R","E","R","T","R","?","E","$","E","R","B",null,"M","M","$","?","?","E","R","E","T","M","$","E","$","M","R","B",null],"character_chosen":"IRONCLAD","items_purchased":["Feel No Pain","SteroidPotion","Magic Flower","PreservedInsect","OrangePellets","True Grit+1","Shockwave+1","Bronze Scales","Anchor"],"campfire_rested":0,"item_purchase_floors":[30,30,30,30,37,45,45,45,45],"current_hp_per_floor":[80,80,80,79,79,72,72,63,63,63,58,64,48,43,43,35,80,80,75,75,75,78,78,47,47,47,47,32,31,31,46,46,40,85,85,84,84,85,85,85,85,82,82,69,69,65,65,62,62,85],"gold":53,"neow_bonus":"","is_prod":false,"is_daily":false,"chose_seed":false,"campfire_upgraded":8,"win_rate":0,"timestamp":1561875878,"path_taken":["M","M","M","M","M","E","R","E","T","?","?","M","E","M","R","BOSS","M","M","?","?","M","R","E","R","T","R","?","E","$","E","R","BOSS","M","M","$","?","?","E","R","E","T","M","$","E","$","M","R","BOSS"],"build_version":"2019-01-23","purchased_purges":4,"victory":true,"max_hp_per_floor":[80,80,80,80,80,80,80,80,80,80,80,80,80,80,80,80,80,80,80,80,80,80,80,80,80,80,80,85,85,85,85,85,85,85,85,85,85,85,85,85,85,85,85,85,85,85,85,85,85,85],"card_choices":[{"not_picked":["Reckless Charge","Sentinel","Entrench"],"picked":"Armaments","floor":1.0},{"not_picked":["Heavy Blade","Twin Strike","Armaments"],"picked":"Inflame","floor":1.0},{"not_picked":["Perfected Strike","Flex","Pommel Strike"],"picked":"Wild Strike","floor":2.0},{"not_picked":["Intimidate","Warcry","Body Slam"],"picked":"Shrug It Off","floor":2.0},{"not_picked":["Sword Boomerang","Thunderclap","Sever Soul"],"picked":"Perfected Strike","floor":3.0},{"not_picked":["Clash","Infernal Blade","Body Slam"],"picked":"Wild Strike","floor":3.0},{"not_picked":["Thunderclap","Barricade","Searing Blow"],"picked":"Evolve","floor":4.0},{"not_picked":["Cleave","Shrug It Off","Flex"],"picked":"Second Wind","floor":4.0},{"not_picked":["Reckless Charge","Iron Wave","Headbutt"],"picked":"Shrug It Off","floor":5.0},{"not_picked":["Uppercut","Iron Wave","True Grit","Thunderclap"],"picked":"SKIP","floor":5.0},{"not_picked":["Sword Boomerang","Havoc","Perfected Strike","Fire Breathing"],"picked":"SKIP","floor":6.0},{"not_picked":["Armaments","Twin Strike","Iron Wave"],"picked":"Reaper","floor":8.0},{"not_picked":["Warcry","Perfected Strike+1","Anger+1"],"picked":"Body Slam+1","floor":11.0},{"not_picked":["Disarm","Infernal Blade","Havoc"],"picked":"Flame Barrier","floor":12.0},{"not_picked":["Rampage+1","True Grit","Warcry"],"picked":"Battle Trance","floor":12.0},{"not_picked":["Disarm","Dual Wield","Evolve"],"picked":"Reckless Charge+1","floor":13.0},{"not_picked":["Pummel+1","Pommel Strike+1","Clash+1"],"picked":"Barricade","floor":14.0},{"not_picked":["Sever Soul+1","Armaments","Warcry","Havoc"],"picked":"SKIP","floor":14.0},{"not_picked":["Limit Break","Reaper+1","Feed+1"],"picked":"Fiend Fire+1","floor":16.0},{"not_picked":["Cleave+1","Searing Blow+1","Clothesline+1","Thunderclap+1"],"picked":"SKIP","floor":18.0},{"not_picked":["Heavy Blade+1","Sever Soul+1","Twin Strike+1","Headbutt+1"],"picked":"SKIP","floor":18.0},{"not_picked":["Pommel Strike+1","Clash+1","Shrug It Off"],"picked":"Body Slam+1","floor":19.0},{"not_picked":["Heavy Blade+1","Wild Strike+1","Warcry","Carnage+1"],"picked":"SKIP","floor":19.0},{"not_picked":["Clothesline+1","Perfected Strike+1","Havoc+1"],"picked":"Entrench","floor":22.0},{"not_picked":["Pommel Strike+1","Sword Boomerang+1","Dropkick+1"],"picked":"Uppercut+1","floor":22.0},{"not_picked":["Reaper+1","Pommel Strike+1","Warcry+1"],"picked":"Battle Trance","floor":24.0},{"not_picked":["Havoc","Inflame","Flex+1","Rampage+1"],"picked":"SKIP","floor":29.0},{"not_picked":["Metallicize","Bludgeon+1","Flex"],"picked":"Intimidate+1","floor":31.0},{"not_picked":["Limit Break+1","Fiend Fire+1","Brutality"],"picked":"Impervious+1","floor":33.0},{"not_picked":["Searing Blow+1","Combust","Cleave+1","Flex+1"],"picked":"SKIP","floor":35.0},{"not_picked":["Reckless Charge+1","Clothesline+1","Corruption+1","Havoc+1"],"picked":"SKIP","floor":35.0},{"not_picked":["Sword Boomerang+1","Fire Breathing","Cleave+1"],"picked":"Offering+1","floor":36.0},{"not_picked":["Iron Wave+1","Thunderclap+1","Metallicize","Cleave+1"],"picked":"SKIP","floor":36.0},{"not_picked":["Wild Strike+1","Dropkick+1","Havoc+1"],"picked":"Warcry+1","floor":38.0},{"not_picked":["Iron Wave+1","Heavy Blade+1","Armaments+1"],"picked":"Offering+1","floor":40.0},{"not_picked":["Spot Weakness+1","Sword Boomerang+1","Anger+1","Rampage+1"],"picked":"SKIP","floor":42.0},{"not_picked":["Warcry+1","Hemokinesis+1","Wild Strike+1"],"picked":"True Grit+1","floor":44.0},{"not_picked":["Entrench+1","Cleave+1","Perfected Strike+1","Shrug It Off+1"],"picked":"SKIP","floor":44.0},{"not_picked":["Flex+1","Burning Pact+1","Shockwave+1"],"picked":"Power Through+1","floor":46},{"not_picked":["Armaments+1","Second Wind+1","Carnage+1"],"picked":"Warcry+1","floor":48},{"not_picked":["Rampage+1","True Grit+1","Armaments+1","Blood for Blood+1"],"picked":"SKIP","floor":48}],"player_experience":156545,"relics_obtained":[{"floor":6.0,"key":"War Paint"},{"floor":8.0,"key":"Bag of Marbles"},{"floor":9.0,"key":"Molten Egg 2"},{"floor":11.0,"key":"Odd Mushroom"},{"floor":13.0,"key":"The Courier"},{"floor":24.0,"key":"Juzu Bracelet"},{"floor":26.0,"key":"Letter Opener"},{"floor":29.0,"key":"Du-Vu Doll"},{"floor":31.0,"key":"Toxic Egg 2"},{"floor":38.0,"key":"Old Coin"},{"floor":40.0,"key":"Whetstone"},{"floor":42.0,"key":"Darkstone Periapt"},{"floor":43.0,"key":"Sundial"},{"floor":46,"key":"Pen Nib"}],"event_choices":[{"damage_healed":0.0,"max_hp_gain":0.0,"max_hp_loss":0.0,"gold_gain":0.0,"event_name":"Scrap Ooze","player_choice":"Fled","floor":10.0,"gold_loss":0.0,"damage_taken":0.0},{"damage_healed":0.0,"max_hp_gain":0.0,"max_hp_loss":0.0,"gold_gain":0.0,"event_name":"Mushrooms","player_choice":"Fought Mushrooms","floor":11.0,"gold_loss":0.0,"damage_taken":0.0},{"damage_healed":0.0,"max_hp_gain":0.0,"max_hp_loss":0.0,"gold_gain":99.0,"event_name":"Nest","player_choice":"Stole From Cult","floor":20.0,"gold_loss":0.0,"damage_taken":0.0},{"damage_healed":0.0,"max_hp_gain":0.0,"max_hp_loss":0.0,"gold_gain":0.0,"event_name":"Vampires","player_choice":"Ignored","floor":21.0,"gold_loss":0.0,"damage_taken":0.0},{"damage_healed":0.0,"max_hp_gain":5.0,"max_hp_loss":0.0,"gold_gain":0.0,"event_name":"Forgotten Altar","player_choice":"Shed Blood","floor":28.0,"gold_loss":0.0,"damage_taken":20.0},{"damage_healed":0.0,"max_hp_gain":0.0,"max_hp_loss":0.0,"gold_gain":0.0,"event_name":"MindBloom","player_choice":"Fight","floor":38.0,"gold_loss":0.0,"damage_taken":0.0},{"damage_healed":0.0,"max_hp_gain":0.0,"max_hp_loss":0.0,"gold_gain":0.0,"event_name":"Tomb of Lord Red Mask","player_choice":"Ignored","floor":39.0,"gold_loss":0.0,"damage_taken":0.0}],"is_beta":false,"boss_relics":[{"not_picked":["Black Blood","Busted Crown"],"picked":"Runic Pyramid"},{"not_picked":["Black Star","Runic Dome"],"picked":"Coffee Dripper"}],"items_purged_floors":[30,37,45,47],"is_endless":false,"potions_floor_spawned":[1,3,8,13,14,19,31,33,35,40,46,48],"ascension_level":1}