{"gold_per_floor":[116,44,56,231,103,135,154,169,195,207,207,241,261,279,279,377,377,394,413,425,425,82,111,76,95,95,105,120,136,136,152,152,257,257,274,284,132,147,22,22,35,135,190,210,222,24,24,36,36,36],"floor_reached":50,"playtime":11094,"items_purged":["Doubt","Regret","Decay","Normality"],"score":609,"play_id":"4d8e1e7a-7187-44b8-9fb8-ee3a6ea97d80","local_time":"20190616013600","is_ascension_mode":false,"campfire_choices":[{"floor":11,"key":"REST"},{"data":"Armaments","floor":15,"key":"SMITH"},{"floor":30,"key":"REST"},{"floor":32,"key":"REST"},{"data":"Armaments","floor":40,"key":"SMITH"},{"floor":49,"key":"REST"}],"neow_cost":"NONE","seed_source_timestamp":169048596370699,"circlet_count":0,"master_deck":["Strike_R","Strike_R","Strike_R","Strike_R","Strike_R+1","Defend_R","Defend_R","Defend_R","Defend_R","Bash","Blood for Blood","Dual Wield","Armaments+1","True Grit","Metallicize","Iron Wave","Shrug It Off","Fire Breathing","Iron Wave+1","Twin Strike","Uppercut","Headbutt","Headbutt","Berserk","True Grit+1","Shrug It Off","Headbutt+1","Inflame","Headbutt","Headbutt","Feel No Pain","Wild Strike+1","Parasite","Body Slam+1","Shrug It Off","Twin Strike","Immolate","Clumsy","Battle Trance","Armaments+1","Cleave+1","Body Slam","Pommel Strike","Blood for Blood+1","Metallicize+1"],"relics":["Burning Blood","Bronze Scales","Orichalcum","Lantern","Cursed Key","Shuriken","Darkstone Periapt","Bottled Lightning","Calling Bell","Blood Vial","Sundial","WingedGreaves","Whetstone"],"potions_floor_usage":[6,12,16,20,23,31,33,33,38,48,50,50,50],"damage_taken":[{"damage":0,"enemies":"2 Louse","floor":1,"turns":3},{"damage":5,"enemies":"Jaw Worm","floor":3,"turns":5},{"damage":39,"enemies":"Gremlin Nob","floor":6,"turns":6},{"damage":0,"enemies":"Cultist","floor":7,"turns":5},{"damage":0,"enemies":"Looter","floor":8,"turns":4},{"damage":19,"enemies":"Gremlin Gang","floor":10,"turns":4},{"damage":9,"enemies":"Lagavulin","floor":12,"turns":5},{"damage":6,"enemies":"3 Louse","floor":13,"turns":3},{"damage":2,"enemies":"Large Slime","floor":14,"turns":6},{"damage":3,"enemies":"Slime Boss","floor":16,"turns":9},{"damage":13,"enemies":"2 Thieves","floor":18,"turns":5},{"damage":7,"enemies":"Shell Parasite","floor":19,"turns":4},{"damage":29,"enemies":"Snecko","floor":20,"turns":7},{"damage":8,"enemies":"Slavers","floor":23,"turns":6},{"damage":7,"enemies":"Snake Plant","floor":25,"turns":3},{"damage":14,"enemies":"Shelled Parasite and Fungi","floor":27,"turns":6},{"damage":13,"enemies":"Centurion and Healer","floor":28,"turns":5},{"damage":13,"enemies":"Snake Plant","floor":29,"turns":5},{"damage":14,"enemies":"Sentry and Sphere","floor":31,"turns":4},{"damage":95,"enemies":"Collector","floor":33,"turns":8},{"damage":10,"enemies":"Orb Walker","floor":35,"turns":4},{"damage":11,"enemies":"3 Shapes","floor":36,"turns":5},{"damage":25,"enemies":"Jaw Worm Horde","floor":38,"turns":4},{"damage":0,"enemies":"Transient","floor":41,"turns":5},{"damage":25,"enemies":"Spire Growth","floor":44,"turns":6},{"damage":21,"enemies":"4 Shapes","floor":45,"turns":6},{"damage":41,"enemies":"Maw","floor":48,"turns":6},{"damage":69,"enemies":"Donu and Deca","floor":50,"turns":6}],"seed_played":"8298704327402810031","potions_obtained":[{"floor":1,"key":"EssenceOfSteel"},{"floor":8,"key":"AttackPotion"},{"floor":10,"key":"Regen Potion"},{"floor":13,"key":"PowerPotion"},{"floor":14,"key":"Regen Potion"},{"floor":18,"key":"SkillPotion"},{"floor":29,"key":"Block Potion"},{"floor":31,"key":"GamblersBrew"},{"floor":38,"key":"SpeedPotion"},{"floor":41,"key":"FearPotion"},{"floor":44,"key":"LiquidBronze"},{"floor":48,"key":"Ancient Potion"}],"is_trial":false,"path_per_floor":["M","$","M","?","$","E","M","M","T","M","R","E","M","M","R","B",null,"M","M","M","?","$","E","$","M","T","M","M","M","R","M","R","B",null,"M","M","$","M","$","R","M","?","T","M","M","$","?","M","R","B"],"character_chosen":"IRONCLAD","items_purchased":["Armaments","True Grit","Iron Wave","Shuriken","Inflame","Headbutt","Feel No Pain","PowerPotion","Strength Potion"],"campfire_rested":4,"item_purchase_floors":[2,2,5,22,22,22,24,37,46],"current_hp_per_floor":[80,80,80,80,80,47,53,59,59,46,70,67,67,71,71,74,80,73,72,63,63,63,61,61,60,66,58,51,44,69,61,86,12,104,100,97,97,80,80,80,88,88,94,77,64,64,64,31,64,0],"gold":36,"neow_bonus":"THREE_CARDS","is_prod":false,"is_daily":false,"chose_seed":false,"campfire_upgraded":2,"win_rate":0,"timestamp":1560663360,"path_taken":["M","$","M","?","$","E","M","M","T","M","R","E","M","M","R","BOSS","M","M","M","?","$","E","$","M","T","M","M","M","R","M","R","BOSS","M","M","$","M","$","R","M","?","T","M","?","$","?","?","R","BOSS"],"build_version":"2019-01-23","purchased_purges":4,"victory":false,"max_hp_per_floor":[80,80,80,80,80,80,80,80,80,80,80,80,80,80,80,80,80,80,80,80,80,80,80,80,80,86,86,86,86,86,86,86,86,104,104,104,104,104,104,104,104,104,110,110,110,110,110,110,110,110],"card_choices":[{"not_picked":["Flex","Wild Strike"],"picked":"Blood for Blood","floor":0},{"not_picked":["Searing Blow","Heavy Blade"],"picked":"Dual Wield","floor":1},{"not_picked":["Flex","Burning Pact"],"picked":"Metallicize","floor":3},{"not_picked":["Seeing Red","Evolve"],"picked":"Shrug It Off","floor":6},{"not_picked":["Searing Blow","Dropkick"],"picked":"Fire Breathing","floor":7},{"not_picked":["Sword Boomerang","Fire Breathing"],"picked":"Iron Wave","floor":8},{"not_picked":["Disarm","Wild Strike"],"picked":"Twin Strike","floor":10},{"not_picked":["Bloodletting","Thunderclap"],"picked":"Uppercut","floor":12},{"not_picked":["Perfected Strike","Limit Break"],"picked":"Headbutt","floor":13},{"not_picked":["Clothesline","Thunderclap"],"picked":"Headbutt","floor":14},{"not_picked":["Immolate","Impervious"],"picked":"Berserk","floor":16},{"not_picked":["Anger","Iron Wave+1"],"picked":"True Grit+1","floor":18},{"not_picked":["Heavy Blade","Sword Boomerang"],"picked":"Shrug It Off","floor":19},{"not_picked":["Dropkick","Second Wind"],"picked":"Headbutt+1","floor":20},{"not_picked":["Berserk","Sword Boomerang"],"picked":"Headbutt","floor":23},{"not_picked":["Iron Wave","Clothesline"],"picked":"Wild Strike+1","floor":25},{"not_picked":["Cleave","Wild Strike"],"picked":"Body Slam+1","floor":27},{"not_picked":["Rupture","True Grit+1"],"picked":"Shrug It Off","floor":28},{"not_picked":["Sword Boomerang","Second Wind"],"picked":"Twin Strike","floor":29},{"not_picked":["Clothesline","Sword Boomerang","Barricade"],"picked":"SKIP","floor":31},{"not_picked":["Berserk","Offering"],"picked":"Immolate","floor":33},{"not_picked":["Shrug It Off+1","Carnage+1"],"picked":"Battle Trance","floor":35},{"not_picked":["Dual Wield","Perfected Strike"],"picked":"Armaments","floor":36},{"not_picked":["Sword Boomerang","Iron Wave"],"picked":"Cleave+1","floor":38},{"not_picked":["Entrench","Seeing Red+1"],"picked":"Body Slam","floor":41},{"not_picked":["Dropkick+1","Clash+1"],"picked":"Pommel Strike","floor":44},{"not_picked":["Iron Wave+1","Flex+1"],"picked":"Blood for Blood+1","floor":45},{"not_picked":["Perfected Strike","Anger"],"picked":"Metallicize+1","floor":48}],"player_experience":98862,"relics_obtained":[{"floor":6,"key":"Bronze Scales"},{"floor":9,"key":"Orichalcum"},{"floor":12,"key":"Lantern"},{"floor":23,"key":"Darkstone Periapt"},{"floor":26,"key":"Bottled Lightning"},{"floor":34,"key":"Blood Vial"},{"floor":34,"key":"Sundial"},{"floor":34,"key":"WingedGreaves"},{"floor":43,"key":"Whetstone"}],"event_choices":[{"damage_healed":0,"gold_gain":175,"player_choice":"AGREE","damage_taken":0,"max_hp_gain":0,"max_hp_loss":0,"event_name":"Liars Game","floor":4,"gold_loss":0,"cards_obtained":["Doubt"]},{"damage_healed":0,"gold_gain":0,"player_choice":"Ignored","damage_taken":0,"max_hp_gain":0,"max_hp_loss":0,"event_name":"Ghosts","floor":21,"gold_loss":0},{"damage_healed":0,"gold_gain":100,"player_choice":"Pray","damage_taken":0,"max_hp_gain":0,"max_hp_loss":0,"event_name":"Golden Shrine","floor":42,"gold_loss":0},{"damage_healed":0,"gold_gain":0,"player_choice":"Leave","damage_taken":0,"max_hp_gain":0,"max_hp_loss":0,"event_name":"FaceTrader","floor":47,"gold_loss":0}],"is_beta":false,"boss_relics":[{"not_picked":["Runic Cube","Eternal Feather"],"picked":"Cursed Key"},{"not_picked":["Black Blood","Runic Pyramid"],"picked":"Calling Bell"}],"items_purged_floors":[5,37,39,46],"is_endless":false,"potions_floor_spawned":[1,8,10,13,14,18,19,29,31,38,41,44,48],"killed_by":"Donu and Deca","ascension_level":0}