{"gold_per_floor":[115,134,59,39,53,53,81,81,81,112,130,147,147],"floor_reached":13,"playtime":578,"items_purged":[],"score":190,"play_id":"6554da93-7e54-4ab5-ad47-77ba9a4bbb78","local_time":"20190713015119","is_ascension_mode":true,"campfire_choices":[{"data":"Sweeping Beam","floor":6,"key":"SMITH"},{"data":"Buffer","floor":8,"key":"SMITH"}],"neow_cost":"NONE","seed_source_timestamp":1609151900112121,"circlet_count":0,"master_deck":["AscendersBane","Strike_B","Strike_B","Strike_B","Defend_B","Defend_B","Defend_B","Defend_B","Zap","Dualcast","Buffer+1","Sweeping Beam+1","Auto Shields","Genetic Algorithm","Cold Snap","Go for the Eyes","Compile Driver","Echo Form"],"relics":["Cracked Core","Pen Nib","Sundial","Blue Candle"],"potions_floor_usage":[7,10,11,13],"damage_taken":[{"damage":0,"enemies":"2 Louse","floor":1,"turns":4},{"damage":0,"enemies":"Small Slimes","floor":2,"turns":4},{"damage":0,"enemies":"Cultist","floor":5,"turns":3},{"damage":18,"enemies":"Lagavulin","floor":7,"turns":8},{"damage":32,"enemies":"3 Sentries","floor":10,"turns":8},{"damage":5,"enemies":"Lots of Slimes","floor":11,"turns":4},{"damage":2,"enemies":"Exordium Wildlife","floor":12,"turns":5},{"damage":7,"enemies":"2 Fungi Beasts","floor":13,"turns":1}],"seed_played":"-8046973421619156081","potions_obtained":[{"floor":2,"key":"LiquidBronze"},{"floor":4,"key":"SteroidPotion"},{"floor":10,"key":"Dexterity Potion"},{"floor":11,"key":"LiquidBronze"},{"floor":12,"key":"PowerPotion"}],"is_trial":false,"path_per_floor":["M","M","?","?","M","R","E","R","T","E","M","M","M"],"character_chosen":"DEFECT","items_purchased":[],"campfire_rested":0,"item_purchase_floors":[],"current_hp_per_floor":[64,64,64,64,64,64,46,46,46,14,9,7,0],"gold":147,"neow_bonus":"ONE_RANDOM_RARE_CARD","is_prod":false,"is_daily":false,"chose_seed":false,"campfire_upgraded":2,"win_rate":0,"timestamp":1563000679,"path_taken":["M","M","?","?","M","R","E","R","T","E","M","M","?"],"build_version":"2019-07-10","purchased_purges":0,"victory":false,"max_hp_per_floor":[71,71,71,71,71,71,71,71,71,71,71,71,71],"card_choices":[{"not_picked":["Stack","Streamline"],"picked":"Sweeping Beam","floor":1},{"not_picked":["Steam Power","Storm"],"picked":"Auto Shields","floor":2},{"not_picked":["Go for the Eyes","Compile Driver"],"picked":"Genetic Algorithm","floor":5},{"not_picked":["Undo","Turbo"],"picked":"Cold Snap","floor":7},{"not_picked":["Reinforced Body","Redo"],"picked":"Go for the Eyes","floor":10},{"not_picked":["Rebound","Barrage"],"picked":"Compile Driver","floor":11},{"not_picked":["Rip and Tear","Sunder"],"picked":"Echo Form","floor":12}],"player_experience":1692220,"relics_obtained":[{"floor":7,"key":"Pen Nib"},{"floor":9,"key":"Sundial"},{"floor":10,"key":"Blue Candle"}],"event_choices":[{"cards_removed":["Strike_B"],"damage_healed":0,"gold_gain":0,"player_choice":"Card Removal","damage_taken":0,"max_hp_gain":0,"max_hp_loss":0,"event_name":"The Cleric","floor":3,"gold_loss":75},{"damage_healed":0,"gold_gain":0,"player_choice":"Bought 1 Potion","damage_taken":0,"max_hp_gain":0,"max_hp_loss":0,"event_name":"The Woman in Blue","floor":4,"gold_loss":0}],"is_beta":true,"boss_relics":[],"items_purged_floors":[],"is_endless":false,"potions_floor_spawned":[2,10,11,12],"killed_by":"2 Fungi Beasts","ascension_level":20}