{"gold_per_floor":[114,129,37,52,67,67,82,82,82,97,112,112,127,142,142,242,242,257,257,107,107,206,206,206],"floor_reached":24,"playtime":2622,"items_purged":["Strike_G"],"score":215,"play_id":"f5ad7c41-fee4-44fc-aac0-c67bb106eb95","local_time":"20190708210752","daily_mods":["Heirloom","Colorless Cards","Terminal"],"is_ascension_mode":false,"campfire_choices":[{"data":"Blade Dance","floor":6.0,"key":"SMITH"},{"data":"Corpse Explosion","floor":12.0,"key":"SMITH"},{"data":"Prepared","floor":15.0,"key":"SMITH"},{"data":"Accuracy","floor":23,"key":"SMITH"}],"neow_cost":"","seed_source_timestamp":0,"circlet_count":0,"master_deck":["Defend_G","Defend_G","Defend_G","Defend_G","Defend_G","Survivor","Neutralize","Backflip","Blade Dance+1","Flash of Steel","Prepared+1","Outmaneuver","Corpse Explosion+1","Backflip","Endless Agony","Madness","Secret Weapon","Backflip","Accuracy+1","Bite","Bite","Bite","Bite","Bite"],"special_seed":18085,"relics":["Ring of the Snake","Turnip","Question Card","Busted Crown"],"potions_floor_usage":[24],"damage_taken":[{"damage":0.0,"enemies":"Jaw Worm","floor":1.0,"turns":5.0},{"damage":0.0,"enemies":"Small Slimes","floor":2.0,"turns":3.0},{"damage":0.0,"enemies":"2 Louse","floor":4.0,"turns":3.0},{"damage":2.0,"enemies":"Large Slime","floor":5.0,"turns":12.0},{"damage":0.0,"enemies":"3 Louse","floor":7.0,"turns":4.0},{"damage":2.0,"enemies":"Lots of Slimes","floor":10.0,"turns":7.0},{"damage":0.0,"enemies":"Large Slime","floor":11.0,"turns":4.0},{"damage":0.0,"enemies":"3 Louse","floor":13.0,"turns":3.0},{"damage":0.0,"enemies":"Lots of Slimes","floor":14.0,"turns":2.0},{"damage":10.0,"enemies":"Hexaghost","floor":16.0,"turns":10.0},{"damage":0.0,"enemies":"3 Byrds","floor":18.0,"turns":2.0},{"damage":43,"enemies":"Gremlin Leader","floor":24,"turns":6}],"seed_played":"-1033485065837994078","potions_obtained":[{"floor":4.0,"key":"SneckoOil"},{"floor":5.0,"key":"PowerPotion"},{"floor":7.0,"key":"Weak Potion"},{"floor":13.0,"key":"Dexterity Potion"},{"floor":16.0,"key":"Ancient Potion"}],"is_trial":false,"path_per_floor":["M","M","$","M","M","R","M","?","T","M","M","R","M","M","R","B",null,"M","?","$","?","?","R","E"],"character_chosen":"THE_SILENT","items_purchased":["Flash of Steel","Accuracy"],"campfire_rested":0,"item_purchase_floors":[3,20],"current_hp_per_floor":[68,67,66,65,63,63,62,55,55,53,53,53,53,53,53,43,52,51,50,49,33,32,31,0],"gold":206,"neow_bonus":"","is_prod":false,"is_daily":true,"chose_seed":false,"campfire_upgraded":4,"win_rate":0,"timestamp":1562634472,"path_taken":["M","M","$","M","M","R","M","?","T","M","M","R","M","M","R","BOSS","M","?","$","?","?","R","E"],"build_version":"2019-07-05","purchased_purges":1,"victory":false,"max_hp_per_floor":[68,67,66,65,64,63,62,61,60,59,58,57,56,55,54,53,52,51,50,49,33,32,31,31],"card_choices":[{"not_picked":["Panacea","Skewer"],"picked":"Backflip","floor":1.0},{"not_picked":["Prepared","Purity"],"picked":"Blade Dance","floor":2.0},{"not_picked":["Bane","Underhanded Strike","Trip"],"picked":"SKIP","floor":4.0},{"not_picked":["Panacea","Cloak And Dagger"],"picked":"Prepared","floor":5.0},{"not_picked":["Quick Slash","Poisoned Stab"],"picked":"Outmaneuver","floor":7.0},{"not_picked":["Flying Knee","Cloak And Dagger","PiercingWail"],"picked":"Corpse Explosion","floor":10.0},{"not_picked":["Dodge and Roll","Cloak And Dagger","Skewer"],"picked":"Backflip","floor":11.0},{"not_picked":["Flying Knee","PiercingWail","Dagger Throw"],"picked":"Endless Agony","floor":13.0},{"not_picked":["Distraction","Acrobatics","Dagger Throw"],"picked":"Madness","floor":14.0},{"not_picked":["Doppelganger","Unload","Glass Knife"],"picked":"Secret Weapon","floor":16.0},{"not_picked":["Quick Slash+1"],"picked":"Backflip","floor":18}],"player_experience":127302,"relics_obtained":[{"floor":9.0,"key":"Question Card"}],"event_choices":[{"cards_removed":["Strike_G"],"damage_healed":0.0,"max_hp_gain":0.0,"max_hp_loss":0.0,"gold_gain":0.0,"event_name":"Golden Wing","player_choice":"Card Removal","floor":8.0,"gold_loss":0.0,"damage_taken":7.0},{"cards_removed":["Strike_G"],"damage_healed":0,"gold_gain":0,"player_choice":"Elegance","damage_taken":0,"max_hp_gain":0,"max_hp_loss":0,"event_name":"Back to Basics","floor":19,"gold_loss":0},{"damage_healed":0,"gold_gain":0,"player_choice":"Became a vampire","damage_taken":0,"max_hp_gain":0,"max_hp_loss":15,"event_name":"Vampires","floor":21,"gold_loss":0,"cards_obtained":["Bite","Bite","Bite","Bite","Bite"]},{"damage_healed":0,"gold_gain":99,"player_choice":"Stole From Cult","damage_taken":0,"max_hp_gain":0,"max_hp_loss":0,"event_name":"Nest","floor":22,"gold_loss":0}],"is_beta":false,"boss_relics":[{"not_picked":["Sozu","Astrolabe"],"picked":"Busted Crown"}],"items_purged_floors":[20],"is_endless":false,"potions_floor_spawned":[4,5,7,13,14,16],"killed_by":"Gremlin Leader","ascension_level":0}