{"gold_per_floor":[109,124,174,120,136,162,162,175,202,202,218,245,245,277,289,401,413,443,509,532,544,54,54,73,73,73,73,85,117,42,53,53,155,155,167,137,137,149,162,162,194,204,204,218,71,71,71,83,83,83],"floor_reached":51,"playtime":5686,"items_purged":["Reckless Charge"],"score":1067,"play_id":"71ff1b8b-c589-41fc-81ed-52f943a24789","local_time":"20190712183157","is_ascension_mode":true,"campfire_choices":[{"data":"Uppercut","floor":7.0,"key":"SMITH"},{"data":"Clothesline","floor":10.0,"key":"SMITH"},{"data":"Inflame","floor":13.0,"key":"SMITH"},{"floor":15.0,"key":"REST"},{"data":"Bludgeon","floor":23.0,"key":"SMITH"},{"data":"Metallicize","floor":25.0,"key":"SMITH"},{"floor":32.0,"key":"REST"},{"data":"Defend_R","floor":40.0,"key":"SMITH"},{"data":"Dual Wield","floor":46.0,"key":"SMITH"},{"data":"Shrug It Off","floor":49.0,"key":"SMITH"}],"neow_cost":"NONE","seed_source_timestamp":215271350885355,"circlet_count":0,"master_deck":["AscendersBane","Strike_R","Strike_R","Strike_R","Strike_R","Defend_R","Defend_R+1","Defend_R+1","Defend_R","Bash+1","Uppercut+1","Armaments+1","Clothesline+1","Cleave","Headbutt","Inflame+1","Metallicize+1","Uppercut","Reaper","Headbutt+1","Bludgeon+1","Dual Wield+1","Shrug It Off+1","Armaments"],"special_seed":0,"relics":["Burning Blood","Strawberry","Centennial Puzzle","Potion Belt","Ancient Tea Set","MawBank","Busted Crown","Bag of Marbles","Bronze Scales","War Paint","Incense Burner","Ornamental Fan","Snecko Eye","Happy Flower","Regal Pillow"],"potions_floor_usage":[50,50,50,50],"damage_taken":[{"damage":7.0,"enemies":"Small Slimes","floor":1.0,"turns":4.0},{"damage":0.0,"enemies":"2 Louse","floor":2.0,"turns":2.0},{"damage":1.0,"enemies":"Cultist","floor":5.0,"turns":3.0},{"damage":32.0,"enemies":"Lagavulin","floor":6.0,"turns":7.0},{"damage":19.0,"enemies":"Lots of Slimes","floor":8.0,"turns":5.0},{"damage":10.0,"enemies":"Red Slaver","floor":11.0,"turns":3.0},{"damage":12.0,"enemies":"Gremlin Nob","floor":12.0,"turns":3.0},{"damage":15.0,"enemies":"3 Sentries","floor":14.0,"turns":9.0},{"damage":19.0,"enemies":"The Guardian","floor":16.0,"turns":10.0},{"damage":22.0,"enemies":"Shell Parasite","floor":18.0,"turns":7.0},{"damage":25.0,"enemies":"2 Thieves","floor":20.0,"turns":3.0},{"damage":0.0,"enemies":"Sentry and Sphere","floor":24.0,"turns":2.0},{"damage":19.0,"enemies":"Snake Plant","floor":28.0,"turns":2.0},{"damage":2.0,"enemies":"Gremlin Leader","floor":29.0,"turns":5.0},{"damage":22.0,"enemies":"3 Cultists","floor":31.0,"turns":5.0},{"damage":56.0,"enemies":"Champ","floor":33.0,"turns":6.0},{"damage":4.0,"enemies":"3 Shapes","floor":35.0,"turns":3.0},{"damage":0.0,"enemies":"Orb Walker","floor":38.0,"turns":2.0},{"damage":11.0,"enemies":"4 Shapes","floor":39.0,"turns":3.0},{"damage":1.0,"enemies":"Giant Head","floor":41.0,"turns":6.0},{"damage":7.0,"enemies":"Jaw Worm Horde","floor":42.0,"turns":3.0},{"damage":0.0,"enemies":"Sphere and 2 Shapes","floor":44.0,"turns":2.0},{"damage":0.0,"enemies":"Transient","floor":48.0,"turns":5.0},{"damage":20,"enemies":"Awakened One","floor":50,"turns":7}],"seed_played":"9157000859649818020","potions_obtained":[{"floor":5.0,"key":"SkillPotion"},{"floor":6.0,"key":"PowerPotion"},{"floor":12.0,"key":"SteroidPotion"},{"floor":24.0,"key":"Block Potion"},{"floor":28.0,"key":"PowerPotion"},{"floor":33.0,"key":"Block Potion"},{"floor":36.0,"key":"Explosive Potion"},{"floor":36.0,"key":"LiquidBronze"},{"floor":42.0,"key":"AttackPotion"}],"is_trial":false,"path_per_floor":["M","M","?","?","M","E","R","M","T","R","M","E","R","E","R","B",null,"M","T","M","?","$","R","M","R","T","?","M","E","?","M","R","B",null,"M","?","$","M","M","R","E","M","T","M","$","R","?","M","R","B",null],"character_chosen":"IRONCLAD","items_purchased":["Bronze Scales","War Paint","Bludgeon","PowerPotion","Shrug It Off","Armaments"],"campfire_rested":2,"item_purchase_floors":[22,22,22,22,45,45],"current_hp_per_floor":[71,77,77,84,87,61,61,48,48,48,44,38,38,29,55,42,76,70,70,51,80,80,80,86,86,86,86,73,77,77,61,87,37,75,87,87,87,87,87,87,87,87,87,87,87,87,83,83,83,83],"gold":83,"neow_bonus":"UPGRADE_CARD","is_prod":false,"is_daily":false,"chose_seed":false,"campfire_upgraded":8,"win_rate":0,"timestamp":1562970717,"path_taken":["M","M","?","?","M","E","R","?","T","R","?","E","R","E","R","BOSS","M","?","M","?","$","R","M","R","T","?","M","E","?","M","R","BOSS","M","?","$","M","?","R","E","M","T","M","$","R","?","M","R","BOSS"],"build_version":"2019-07-05","purchased_purges":1,"victory":true,"max_hp_per_floor":[80,80,80,87,87,87,87,87,87,87,87,87,87,87,87,87,87,87,87,87,87,87,87,87,87,87,87,87,87,87,87,87,87,87,87,87,87,87,87,87,87,87,87,87,87,87,83,83,83,83],"card_choices":[{"not_picked":["Armaments","Iron Wave"],"picked":"Uppercut","floor":1.0},{"not_picked":["Sword Boomerang","Berserk"],"picked":"Armaments","floor":2.0},{"not_picked":["Havoc","Iron Wave"],"picked":"Clothesline","floor":5.0},{"not_picked":["Clash","Sword Boomerang"],"picked":"Cleave","floor":6.0},{"not_picked":["Body Slam","Armaments"],"picked":"Headbutt","floor":8.0},{"not_picked":["Shockwave","Perfected Strike"],"picked":"Inflame","floor":11.0},{"not_picked":["Infernal Blade","Cleave"],"picked":"Metallicize","floor":12.0},{"not_picked":["Impervious","Thunderclap"],"picked":"Uppercut","floor":14.0},{"not_picked":["Berserk","Dark Embrace"],"picked":"Reaper","floor":16.0},{"not_picked":[],"picked":"Headbutt+1","floor":18.0},{"not_picked":["Carnage"],"picked":"SKIP","floor":20.0},{"not_picked":[],"picked":"Reckless Charge","floor":24.0},{"not_picked":["Body Slam"],"picked":"SKIP","floor":28.0},{"not_picked":["Hemokinesis"],"picked":"SKIP","floor":29.0},{"not_picked":["Thunderclap"],"picked":"SKIP","floor":31.0},{"not_picked":["Thunderclap"],"picked":"SKIP","floor":31.0},{"not_picked":["Body Slam"],"picked":"SKIP","floor":35.0},{"not_picked":["Havoc+1"],"picked":"SKIP","floor":38.0},{"not_picked":["Pommel Strike"],"picked":"SKIP","floor":39.0},{"not_picked":["Perfected Strike"],"picked":"SKIP","floor":41.0},{"not_picked":["Pommel Strike"],"picked":"SKIP","floor":42.0},{"not_picked":[],"picked":"Dual Wield","floor":44.0},{"not_picked":["Clash"],"picked":"SKIP","floor":48.0}],"player_experience":491628,"relics_obtained":[{"floor":6.0,"key":"Centennial Puzzle"},{"floor":9.0,"key":"Potion Belt"},{"floor":12.0,"key":"Ancient Tea Set"},{"floor":14.0,"key":"MawBank"},{"floor":19.0,"key":"Bag of Marbles"},{"floor":26.0,"key":"Incense Burner"},{"floor":29.0,"key":"Ornamental Fan"},{"floor":41.0,"key":"Happy Flower"},{"floor":43.0,"key":"Regal Pillow"}],"event_choices":[{"damage_healed":0.0,"max_hp_gain":0.0,"max_hp_loss":0.0,"gold_gain":50.0,"event_name":"Golden Wing","player_choice":"Gained Gold","floor":3.0,"gold_loss":0.0,"damage_taken":0.0},{"damage_healed":0.0,"max_hp_gain":0.0,"max_hp_loss":0.0,"gold_gain":0.0,"event_name":"WeMeetAgain","player_choice":"Paid Gold","floor":4.0,"gold_loss":54.0,"damage_taken":0.0,"relics_obtained":["Strawberry"]},{"damage_healed":29.0,"max_hp_gain":0.0,"max_hp_loss":0.0,"gold_gain":0.0,"event_name":"The Library","player_choice":"Heal","floor":21.0,"gold_loss":0.0,"damage_taken":0.0},{"damage_healed":0.0,"max_hp_gain":0.0,"max_hp_loss":0.0,"gold_gain":0.0,"event_name":"Ghosts","player_choice":"Ignored","floor":27.0,"gold_loss":0.0,"damage_taken":0.0},{"cards_removed":["Strike_R"],"damage_healed":0.0,"max_hp_gain":0.0,"max_hp_loss":0.0,"gold_gain":0.0,"event_name":"Beggar","player_choice":"Gave Gold","floor":30.0,"gold_loss":75.0,"damage_taken":0.0},{"damage_healed":0.0,"max_hp_gain":0.0,"max_hp_loss":0.0,"gold_gain":0.0,"event_name":"The Woman in Blue","player_choice":"Bought 2 Potions","floor":36.0,"gold_loss":0.0,"damage_taken":0.0},{"damage_healed":0.0,"max_hp_gain":0.0,"max_hp_loss":4.0,"gold_gain":0.0,"event_name":"Winding Halls","player_choice":"Max HP","floor":47.0,"gold_loss":0.0,"damage_taken":0.0}],"is_beta":false,"boss_relics":[{"not_picked":["Black Star","Calling Bell"],"picked":"Busted Crown"},{"not_picked":["Sozu","Tiny House"],"picked":"Snecko Eye"}],"items_purged_floors":[45],"is_endless":false,"potions_floor_spawned":[5,6,12,24,28,33,39,42,44,48],"ascension_level":12}