{"gold_per_floor":[111,36,36,36,60,99,115,115,115,153,153,187,25,50,50,140,140,159,84,3,3],"floor_reached":21,"playtime":701,"items_purged":["Strike_R"],"score":390,"play_id":"17710156-5a9f-49a0-a27a-903ff92548cf","local_time":"20190610015243","is_ascension_mode":true,"campfire_choices":[{"data":"Bash","floor":8,"key":"SMITH"},{"data":"Rage","floor":11,"key":"SMITH"},{"data":"Rage","floor":15,"key":"SMITH"}],"neow_cost":"TEN_PERCENT_HP_LOSS","seed_source_timestamp":1026538093646465,"circlet_count":0,"master_deck":["AscendersBane","Strike_R","Strike_R","Strike_R","Defend_R","Defend_R","Defend_R","Defend_R","Bash+1","Anger","Bludgeon+1","Feel No Pain","Whirlwind","Clothesline","Rage+1","Feed","Feed","Rage+1","Battle Trance","Exhume","Disarm"],"relics":["Burning Blood","Prayer Wheel","Golden Idol","StoneCalendar","Bottled Tornado","Frozen Egg 2","Letter Opener","Runic Cube"],"potions_floor_usage":[10,16,21],"damage_taken":[{"damage":13,"enemies":"Small Slimes","floor":1,"turns":5},{"damage":0,"enemies":"2 Louse","floor":5,"turns":2},{"damage":25,"enemies":"Lagavulin","floor":6,"turns":7},{"damage":7,"enemies":"Jaw Worm","floor":7,"turns":2},{"damage":8,"enemies":"Gremlin Nob","floor":10,"turns":3},{"damage":25,"enemies":"Lagavulin","floor":12,"turns":5},{"damage":6,"enemies":"Blue Slaver","floor":14,"turns":4},{"damage":9,"enemies":"The Guardian","floor":16,"turns":9},{"damage":28,"enemies":"Shell Parasite","floor":18,"turns":6},{"damage":37,"enemies":"Masked Bandits","floor":21,"turns":3}],"seed_played":"-4709321463407422843","potions_obtained":[{"floor":6,"key":"Fire Potion"},{"floor":10,"key":"PowerPotion"},{"floor":16,"key":"Fire Potion"}],"is_trial":false,"path_per_floor":["M","$","?","?","M","E","M","R","T","E","R","E","$","M","R","B",null,"M","?","$","?"],"character_chosen":"IRONCLAD","items_purchased":["Feed","Disarm"],"campfire_rested":0,"item_purchase_floors":[13,20],"current_hp_per_floor":[61,61,61,61,62,43,42,42,42,40,40,21,21,21,21,18,51,29,29,29,0],"gold":3,"neow_bonus":"ONE_RARE_RELIC","is_prod":false,"is_daily":false,"chose_seed":false,"campfire_upgraded":3,"win_rate":0,"timestamp":1560149563,"path_taken":["M","$","?","?","M","E","M","R","T","E","R","E","$","M","R","BOSS","M","?","$","?"],"build_version":"2019-01-23","purchased_purges":1,"victory":false,"max_hp_per_floor":[68,68,62,62,62,62,62,62,62,62,62,62,62,62,62,62,62,62,62,62,62],"card_choices":[{"not_picked":["Armaments","Dropkick"],"picked":"Anger","floor":1},{"not_picked":["Thunderclap","Twin Strike"],"picked":"Bludgeon","floor":1},{"not_picked":["Dual Wield","Seeing Red"],"picked":"Feel No Pain","floor":5},{"not_picked":["Sword Boomerang","Clash","Sentinel"],"picked":"SKIP","floor":5},{"not_picked":["Flex","Dual Wield"],"picked":"Whirlwind","floor":6},{"not_picked":["Rampage","Pommel Strike"],"picked":"Clothesline","floor":7},{"not_picked":["Hemokinesis","Iron Wave","Heavy Blade"],"picked":"SKIP","floor":7},{"not_picked":["Searing Blow","Carnage"],"picked":"Rage","floor":10},{"not_picked":["Armaments","Iron Wave"],"picked":"Feed","floor":12},{"not_picked":["Warcry","Anger"],"picked":"Rage","floor":14},{"not_picked":["Shrug It Off","Warcry"],"picked":"Battle Trance","floor":14},{"not_picked":["Feed","Bludgeon"],"picked":"Exhume","floor":16},{"not_picked":["Anger+1","Heavy Blade+1","Twin Strike"],"picked":"SKIP","floor":18},{"not_picked":["Pommel Strike","Thunderclap","Heavy Blade"],"picked":"SKIP","floor":18}],"player_experience":1757636,"relics_obtained":[{"floor":6,"key":"StoneCalendar"},{"floor":9,"key":"Bottled Tornado"},{"floor":10,"key":"Frozen Egg 2"},{"floor":12,"key":"Letter Opener"}],"event_choices":[{"damage_healed":0,"gold_gain":0,"player_choice":"Lose Max HP","damage_taken":0,"relics_obtained":["Golden Idol"],"max_hp_gain":0,"max_hp_loss":6,"event_name":"Golden Idol","floor":3,"gold_loss":0},{"damage_healed":0,"gold_gain":0,"player_choice":"Grow","damage_taken":0,"max_hp_gain":0,"max_hp_loss":0,"event_name":"Living Wall","floor":4,"gold_loss":0,"cards_upgraded":["Bludgeon"]},{"cards_removed":["Strike_R"],"damage_healed":0,"gold_gain":0,"player_choice":"Gave Gold","damage_taken":0,"max_hp_gain":0,"max_hp_loss":0,"event_name":"Beggar","floor":19,"gold_loss":75},{"damage_healed":0,"gold_gain":0,"player_choice":"Fought Bandits","damage_taken":0,"max_hp_gain":0,"max_hp_loss":0,"event_name":"Masked Bandits","floor":21,"gold_loss":0}],"is_beta":false,"boss_relics":[{"not_picked":["Busted Crown","Philosopher\u0027s Stone"],"picked":"Runic Cube"}],"items_purged_floors":[2],"is_endless":false,"potions_floor_spawned":[6,10,16],"killed_by":"Masked Bandits","ascension_level":20}