{"gold_per_floor":[111,36,36,46,121,146,146,162,185,185,214,48,58,93,93,165,165,182,452,427,437,22,57,57,74,129,148,148,180,206,218,218,293,293,306,22,32,42,42,42,54,87,87,97,130,130,130,145,145,145,145,145,20,46,46],"floor_reached":55,"playtime":3092,"items_purged":["Strike_B","Strike_B"],"score":1682,"play_id":"c5e9cfc4-8f2f-46ca-a4df-33088e8640fd","local_time":"20190630170724","is_ascension_mode":true,"campfire_choices":[{"data":"Static Discharge","floor":7,"key":"SMITH"},{"data":"Biased Cognition","floor":15,"key":"SMITH"},{"data":"Chill","floor":28,"key":"SMITH"},{"data":"Panacea","floor":32,"key":"SMITH"},{"floor":40,"key":"RECALL"},{"data":"Coolheaded","floor":49,"key":"SMITH"},{"data":"Coolheaded","floor":52,"key":"SMITH"}],"neow_cost":"NONE","seed_source_timestamp":538401228772446,"circlet_count":0,"master_deck":["AscendersBane","Defend_B","Defend_B","Defend_B","Defend_B","Zap+1","Dualcast","Coolheaded","Compile Driver","Static Discharge+1","Cold Snap","Biased Cognition+1","Chill+1","Core Surge","Conserve Battery","Panacea+1","Ball Lightning","Hologram","Self Repair+1","Coolheaded+1","Coolheaded+1","Biased Cognition+1","Steam+1","Hologram+1","Echo Form+1","BootSequence+1","Barrage","Jack Of All Trades+1","Go for the Eyes+1","Coolheaded+1"],"relics":["Cracked Core","NeowsBlessing","Strawberry","Happy Flower","Cables","Blood Vial","PreservedInsect","Empty Cage","Frozen Egg 2","Matryoshka","Centennial Puzzle","Toxic Egg 2","Red Mask","Busted Crown","Runic Capacitor","Juzu Bracelet","Bronze Scales","Anchor","Nunchaku","Shuriken"],"potions_floor_usage":[14,20,23,29,33,33,38,42,54],"damage_taken":[{"damage":0,"enemies":"Small Slimes","floor":1,"turns":1},{"damage":0,"enemies":"Cultist","floor":4,"turns":1},{"damage":0,"enemies":"Lagavulin","floor":6,"turns":1},{"damage":5,"enemies":"Jaw Worm","floor":8,"turns":3},{"damage":19,"enemies":"Gremlin Nob","floor":11,"turns":4},{"damage":6,"enemies":"Large Slime","floor":13,"turns":5},{"damage":2,"enemies":"3 Sentries","floor":14,"turns":5},{"damage":21,"enemies":"Hexaghost","floor":16,"turns":6},{"damage":3,"enemies":"3 Byrds","floor":18,"turns":4},{"damage":17,"enemies":"2 Thieves","floor":20,"turns":4},{"damage":2,"enemies":"Centurion and Healer","floor":21,"turns":7},{"damage":13,"enemies":"Gremlin Leader","floor":23,"turns":8},{"damage":19,"enemies":"Shelled Parasite and Fungi","floor":25,"turns":9},{"damage":0,"enemies":"Chosen and Byrds","floor":27,"turns":9},{"damage":14,"enemies":"Slavers","floor":29,"turns":4},{"damage":22,"enemies":"Masked Bandits","floor":30,"turns":4},{"damage":14,"enemies":"Snecko","floor":31,"turns":6},{"damage":35,"enemies":"Collector","floor":33,"turns":10},{"damage":4,"enemies":"Orb Walker","floor":35,"turns":4},{"damage":8,"enemies":"3 Darklings","floor":37,"turns":5},{"damage":0,"enemies":"Writhing Mass","floor":38,"turns":6},{"damage":3,"enemies":"Maw","floor":41,"turns":7},{"damage":31,"enemies":"Reptomancer","floor":42,"turns":5},{"damage":13,"enemies":"Transient","floor":44,"turns":6},{"damage":0,"enemies":"Giant Head","floor":45,"turns":7},{"damage":10,"enemies":"Jaw Worm Horde","floor":48,"turns":5},{"damage":0,"enemies":"Donu and Deca","floor":50,"turns":13},{"damage":32,"enemies":"Shield and Spear","floor":54,"turns":7},{"damage":60,"enemies":"The Heart","floor":55,"turns":2}],"seed_played":"4982653401885708227","potions_obtained":[{"floor":8,"key":"SkillPotion"},{"floor":13,"key":"SpeedPotion"},{"floor":14,"key":"Swift Potion"},{"floor":18,"key":"FocusPotion"},{"floor":31,"key":"EntropicBrew"},{"floor":38,"key":"Fire Potion"},{"floor":39,"key":"PowerPotion"}],"is_trial":false,"path_per_floor":["M","$","?","M","?","E","R","M","T","?","E","$","M","E","R","B",null,"M","?","M","M","$","E","?","M","T","M","R","E","?","M","R","B",null,"M","$","M","M","?","R","M","E","T","M","E","?","?","M","R","B",null,"R","$","E","B"],"character_chosen":"DEFECT","items_purchased":["Blood Vial","Frozen Egg 2","Self Repair+1","Coolheaded","AttackPotion","Runic Capacitor","PowerPotion","Coolheaded+1"],"campfire_rested":0,"item_purchase_floors":[12,22,22,22,22,36,36,53],"current_hp_per_floor":[64,64,64,64,53,60,60,55,55,55,36,36,32,39,39,27,65,71,36,28,35,35,41,41,41,41,53,53,51,48,53,53,52,72,78,78,78,78,78,78,78,67,67,76,78,78,68,78,78,78,78,78,78,56,0],"gold":46,"neow_bonus":"THREE_ENEMY_KILL","is_prod":false,"is_daily":false,"chose_seed":false,"campfire_upgraded":6,"win_rate":0,"timestamp":1561932444,"path_taken":["M","$","?","?","?","E","R","M","T","?","E","?","M","E","R","BOSS","M","?","?","M","$","E","?","M","T","M","R","E","?","M","R","BOSS","M","$","M","M","?","R","?","E","T","M","E","?","?","M","R","BOSS","R","$","E","BOSS"],"build_version":"2019-06-29","purchased_purges":2,"victory":false,"max_hp_per_floor":[71,71,71,71,71,78,78,78,78,78,78,78,78,78,78,78,78,78,78,78,78,78,78,78,78,78,78,78,78,78,78,78,78,78,78,78,78,78,78,78,78,78,78,78,78,78,78,78,78,78,78,78,78,78,78],"card_choices":[{"not_picked":["Rebound","Tempest","Aggregate"],"picked":"SKIP","floor":1},{"not_picked":["Steam","Sweeping Beam"],"picked":"Compile Driver","floor":4},{"not_picked":["Gash","Self Repair"],"picked":"Static Discharge","floor":6},{"not_picked":["Streamline","Reprogram"],"picked":"Cold Snap","floor":8},{"not_picked":["Fusion","Cold Snap"],"picked":"Biased Cognition","floor":11},{"not_picked":["Double Energy","Rebound"],"picked":"Self Repair","floor":13},{"not_picked":["Go for the Eyes","Reprogram"],"picked":"Chill","floor":14},{"not_picked":["Seek","All For One"],"picked":"Core Surge","floor":16},{"not_picked":["Steam","Static Discharge"],"picked":"Conserve Battery","floor":18},{"not_picked":["Rebound","Turbo"],"picked":"Ball Lightning","floor":20},{"not_picked":["Darkness","Steam"],"picked":"Hologram","floor":21},{"not_picked":["Redo","Lockon"],"picked":"Coolheaded","floor":23},{"not_picked":["Cold Snap","Genetic Algorithm+1"],"picked":"Biased Cognition+1","floor":25},{"not_picked":["Compile Driver","Leap","Skim"],"picked":"SKIP","floor":27},{"not_picked":["FTL","Rebound+1","Aggregate"],"picked":"SKIP","floor":29},{"not_picked":["Hologram+1","Stack+1"],"picked":"Steam+1","floor":30},{"not_picked":["Streamline","Creative AI+1"],"picked":"Hologram+1","floor":31},{"not_picked":["Electrodynamics+1","Creative AI+1"],"picked":"Echo Form+1","floor":33},{"not_picked":["Go for the Eyes"],"picked":"SKIP","floor":35},{"not_picked":["Ball Lightning"],"picked":"SKIP","floor":37},{"not_picked":["Gash"],"picked":"SKIP","floor":38},{"not_picked":[],"picked":"BootSequence+1","floor":41},{"not_picked":["Redo+1"],"picked":"SKIP","floor":42},{"not_picked":["Leap+1"],"picked":"SKIP","floor":44},{"not_picked":[],"picked":"Barrage","floor":45},{"not_picked":[],"picked":"Jack Of All Trades+1","floor":47},{"not_picked":[],"picked":"Go for the Eyes+1","floor":48},{"not_picked":["Redo+1"],"picked":"SKIP","floor":54}],"player_experience":1596715,"relics_obtained":[{"floor":6,"key":"Strawberry"},{"floor":9,"key":"Happy Flower"},{"floor":11,"key":"Cables"},{"floor":14,"key":"PreservedInsect"},{"floor":23,"key":"Matryoshka"},{"floor":26,"key":"Centennial Puzzle"},{"floor":29,"key":"Toxic Egg 2"},{"floor":30,"key":"Red Mask"},{"floor":42,"key":"Juzu Bracelet"},{"floor":43,"key":"Bronze Scales"},{"floor":43,"key":"Anchor"},{"floor":45,"key":"Nunchaku"},{"floor":54,"key":"Shuriken"}],"event_choices":[{"damage_healed":0,"gold_gain":0,"player_choice":"1 cards matched","damage_taken":0,"max_hp_gain":0,"max_hp_loss":0,"event_name":"Match and Keep!","floor":3,"gold_loss":0,"cards_obtained":["Coolheaded"]},{"damage_healed":0,"gold_gain":75,"player_choice":"Gather Gold","damage_taken":11,"max_hp_gain":0,"max_hp_loss":0,"event_name":"World of Goop","floor":5,"gold_loss":0},{"damage_healed":0,"gold_gain":0,"player_choice":"Grow","damage_taken":0,"max_hp_gain":0,"max_hp_loss":0,"event_name":"Living Wall","floor":10,"gold_loss":0,"cards_upgraded":["Zap"]},{"damage_healed":0,"gold_gain":270,"player_choice":"CARD GOLD GOLD GOLD ","damage_taken":35,"max_hp_gain":0,"max_hp_loss":0,"event_name":"Knowing Skull","floor":19,"potions_obtained":[],"gold_loss":0,"cards_obtained":["Panacea"]},{"damage_healed":0,"gold_gain":0,"player_choice":"Ignored","damage_taken":0,"max_hp_gain":0,"max_hp_loss":0,"event_name":"Vampires","floor":24,"gold_loss":0},{"damage_healed":0,"gold_gain":0,"player_choice":"Fought Bandits","damage_taken":0,"max_hp_gain":0,"max_hp_loss":0,"event_name":"Masked Bandits","floor":30,"gold_loss":0},{"damage_healed":0,"gold_gain":0,"player_choice":"Got Potions","damage_taken":0,"max_hp_gain":0,"max_hp_loss":0,"event_name":"Lab","floor":39,"gold_loss":0},{"cards_removed":["Self Repair"],"damage_healed":0,"gold_gain":0,"player_choice":"Removed Power","damage_taken":0,"max_hp_gain":0,"max_hp_loss":0,"event_name":"Falling","floor":46,"gold_loss":0},{"damage_healed":0,"gold_gain":0,"player_choice":"Memory 3","damage_taken":10,"max_hp_gain":0,"max_hp_loss":0,"event_name":"SensoryStone","floor":47,"gold_loss":0}],"is_beta":true,"boss_relics":[{"not_picked":["FrozenCore","Runic Dome"],"picked":"Empty Cage"},{"not_picked":["Lizard Tail","Snecko Eye"],"picked":"Busted Crown"}],"items_purged_floors":[2,53],"is_endless":false,"potions_floor_spawned":[8,13,14,18,31,38,41],"killed_by":"The Heart","ascension_level":19}