{"gold_per_floor":[360,360,380,380,380,380,404,442,442,463,463,502,502,541,541,541],"floor_reached":16,"playtime":591,"items_purged":[],"score":236,"play_id":"9f07d278-87ec-436b-95cb-2015bd7c1dde","local_time":"20190610013605","is_ascension_mode":true,"campfire_choices":[{"floor":6,"key":"REST"},{"floor":11,"key":"REST"},{"floor":15,"key":"REST"}],"neow_cost":"PERCENT_DAMAGE","seed_source_timestamp":1025650492021666,"circlet_count":0,"master_deck":["AscendersBane","Strike_R","Strike_R","Strike_R","Strike_R","Strike_R","Defend_R","Defend_R","Defend_R","Defend_R","Bash+1","Anger","Shrug It Off","Shrug It Off","True Grit+1","Second Wind+1","Iron Wave"],"relics":["Burning Blood","Golden Idol","Paper Frog","Toxic Egg 2","Vajra","Kunai","Happy Flower"],"potions_floor_usage":[10,12],"damage_taken":[{"damage":4,"enemies":"2 Louse","floor":1,"turns":3},{"damage":2,"enemies":"Jaw Worm","floor":3,"turns":4},{"damage":5,"enemies":"Small Slimes","floor":7,"turns":4},{"damage":50,"enemies":"Lagavulin","floor":8,"turns":8},{"damage":14,"enemies":"Gremlin Gang","floor":10,"turns":6},{"damage":31,"enemies":"3 Sentries","floor":12,"turns":11},{"damage":6,"enemies":"Lagavulin","floor":14,"turns":7},{"damage":32,"enemies":"Hexaghost","floor":16,"turns":9}],"seed_played":"2214294050248884754","potions_obtained":[{"floor":8,"key":"Regen Potion"},{"floor":10,"key":"PowerPotion"}],"is_trial":false,"path_per_floor":["M","?","M","?","?","R","M","E","T","M","R","E","T","E","R","B"],"character_chosen":"IRONCLAD","items_purchased":[],"campfire_rested":3,"item_purchase_floors":[],"current_hp_per_floor":[52,52,56,30,30,50,51,7,7,14,34,9,9,9,29,0],"gold":541,"neow_bonus":"TWO_FIFTY_GOLD","is_prod":false,"is_daily":false,"chose_seed":false,"campfire_upgraded":0,"win_rate":0,"timestamp":1560148565,"path_taken":["M","?","M","?","?","R","M","E","T","M","R","E","?","E","R","BOSS"],"build_version":"2019-01-23","purchased_purges":0,"victory":false,"max_hp_per_floor":[75,75,75,75,68,68,68,68,68,68,68,68,68,68,68,68],"card_choices":[{"not_picked":["Pommel Strike","Wild Strike"],"picked":"Anger","floor":1},{"not_picked":["Havoc","Reckless Charge","Sword Boomerang"],"picked":"SKIP","floor":3},{"not_picked":["Wild Strike","Iron Wave"],"picked":"Shrug It Off","floor":7},{"not_picked":["Iron Wave","Fire Breathing"],"picked":"Shrug It Off","floor":8},{"not_picked":["Thunderclap","Double Tap+1"],"picked":"True Grit+1","floor":10},{"not_picked":["Iron Wave","Perfected Strike"],"picked":"Second Wind+1","floor":12},{"not_picked":["Thunderclap","Corruption"],"picked":"Iron Wave","floor":14}],"player_experience":1756765,"relics_obtained":[{"floor":8,"key":"Paper Frog"},{"floor":9,"key":"Toxic Egg 2"},{"floor":12,"key":"Vajra"},{"floor":13,"key":"Kunai"},{"floor":14,"key":"Happy Flower"}],"event_choices":[{"damage_healed":0,"gold_gain":0,"player_choice":"Grow","damage_taken":0,"max_hp_gain":0,"max_hp_loss":0,"event_name":"Living Wall","floor":2,"gold_loss":0,"cards_upgraded":["Bash"]},{"damage_healed":0,"gold_gain":0,"player_choice":"Fled","damage_taken":26,"max_hp_gain":0,"max_hp_loss":0,"event_name":"Scrap Ooze","floor":4,"gold_loss":0},{"damage_healed":0,"gold_gain":0,"player_choice":"Lose Max HP","damage_taken":0,"relics_obtained":["Golden Idol"],"max_hp_gain":0,"max_hp_loss":7,"event_name":"Golden Idol","floor":5,"gold_loss":0}],"is_beta":false,"boss_relics":[],"items_purged_floors":[],"is_endless":false,"potions_floor_spawned":[8,10],"killed_by":"Hexaghost","ascension_level":20}