{"gold_per_floor":[112,31,44,55,130,130,141,141,223,243,90,90,90,107,107,208,208,227,237,257,284,299,299,299,309,334,334,334,348,276,375,375,375],"floor_reached":33,"playtime":3111,"items_purged":[],"score":239,"play_id":"1ced5309-8ec7-47ce-863d-14035b20231d","local_time":"20190701202614","is_ascension_mode":false,"campfire_choices":[{"data":"Armaments","floor":6,"key":"SMITH"},{"data":"Impervious","floor":12,"key":"SMITH"},{"data":"Power Through","floor":15,"key":"SMITH"},{"floor":23,"key":"REST"},{"data":"Intimidate","floor":28,"key":"SMITH"},{"data":"Carnage","floor":32,"key":"SMITH"}],"neow_cost":"NONE","seed_source_timestamp":3954361648491,"circlet_count":0,"master_deck":["Strike_R","Strike_R","Strike_R","Strike_R","Strike_R","Defend_R","Defend_R","Defend_R","Bash","Brutality","Reckless Charge","Impervious+1","Armaments+1","Headbutt","Intimidate+1","Disarm","Inflame","Cleave","Power Through+1","Battle Trance","Barricade","Corruption","Clothesline","Limit Break","Heavy Blade+1","Impervious+1","Iron Wave+1","Dark Embrace","Carnage+1"],"relics":["Burning Blood","Paper Frog","Snecko Eye","Regal Pillow","Bag of Marbles","MutagenicStrength"],"potions_floor_usage":[16,16,20,22],"damage_taken":[{"damage":11,"enemies":"Cultist","floor":1,"turns":5},{"damage":0,"enemies":"2 Louse","floor":3,"turns":3},{"damage":4,"enemies":"Small Slimes","floor":4,"turns":4},{"damage":16,"enemies":"Gremlin Gang","floor":7,"turns":7},{"damage":7,"enemies":"Red Slaver","floor":10,"turns":3},{"damage":1,"enemies":"2 Fungi Beasts","floor":14,"turns":2},{"damage":39,"enemies":"Slime Boss","floor":16,"turns":12},{"damage":1,"enemies":"Spheric Guardian","floor":18,"turns":6},{"damage":10,"enemies":"Chosen","floor":19,"turns":4},{"damage":37,"enemies":"3 Cultists","floor":20,"turns":6},{"damage":2,"enemies":"Centurion and Healer","floor":22,"turns":5},{"damage":0,"enemies":"Shelled Parasite and Fungi","floor":25,"turns":4},{"damage":0,"enemies":"Snake Plant","floor":29,"turns":1},{"damage":80,"enemies":"Collector","floor":33,"turns":7}],"seed_played":"-6711174408516633519","potions_obtained":[{"floor":1,"key":"BloodPotion"},{"floor":7,"key":"Fire Potion"},{"floor":14,"key":"Strength Potion"},{"floor":18,"key":"Strength Potion"}],"is_trial":false,"path_per_floor":["M","$","M","M","?","R","M","?","T","M","$","R","?","M","R","B",null,"M","M","M","T","M","R","?","M","T","?","R","M","$","?","R","B"],"character_chosen":"IRONCLAD","items_purchased":["Impervious","Inflame","Cleave","Power Through","Carnage"],"campfire_rested":1,"item_purchase_floors":[2,11,11,11,30],"current_hp_per_floor":[75,75,80,80,69,69,59,80,80,79,79,79,79,80,80,55,80,80,76,45,45,49,80,80,80,80,80,80,80,80,80,80,0],"gold":375,"neow_bonus":"ONE_RANDOM_RARE_CARD","is_prod":false,"is_daily":false,"chose_seed":false,"campfire_upgraded":5,"win_rate":0.0,"timestamp":1562009174,"path_taken":["M","$","M","M","?","R","M","?","T","M","$","R","?","?","R","BOSS","M","?","M","?","M","R","?","?","T","?","R","M","$","?","R","BOSS"],"build_version":"2019-01-23","purchased_purges":0,"victory":false,"max_hp_per_floor":[80,80,80,80,80,80,80,80,80,80,80,80,80,80,80,80,80,80,80,80,80,80,80,80,80,80,80,80,80,80,80,80,80],"card_choices":[{"not_picked":["Corruption","Wild Strike"],"picked":"Reckless Charge","floor":1},{"not_picked":["Clash","Shrug It Off"],"picked":"Armaments","floor":3},{"not_picked":["Heavy Blade","Uppercut"],"picked":"Headbutt","floor":4},{"not_picked":["Entrench","Iron Wave"],"picked":"Intimidate","floor":7},{"not_picked":["Searing Blow","Feel No Pain"],"picked":"Disarm","floor":10},{"not_picked":["Thunderclap","Infernal Blade"],"picked":"Battle Trance","floor":14},{"not_picked":["Brutality","Impervious"],"picked":"Barricade","floor":16},{"not_picked":["Battle Trance","Sword Boomerang"],"picked":"Corruption","floor":18},{"not_picked":["Battle Trance+1","Twin Strike"],"picked":"Clothesline","floor":19},{"not_picked":["Iron Wave","Thunderclap"],"picked":"Limit Break","floor":20},{"not_picked":["Evolve+1","Second Wind"],"picked":"Heavy Blade+1","floor":22},{"not_picked":["Armaments","Battle Trance"],"picked":"Iron Wave+1","floor":25},{"not_picked":["Pummel","Second Wind"],"picked":"Dark Embrace","floor":29}],"player_experience":18140,"relics_obtained":[{"floor":9,"key":"Paper Frog"},{"floor":21,"key":"Regal Pillow"},{"floor":26,"key":"Bag of Marbles"}],"event_choices":[{"damage_healed":0,"gold_gain":75,"player_choice":"Gather Gold","damage_taken":11,"max_hp_gain":0,"max_hp_loss":0,"event_name":"World of Goop","floor":5,"gold_loss":0},{"damage_healed":26,"gold_gain":0,"player_choice":"Banana","damage_taken":0,"max_hp_gain":0,"max_hp_loss":0,"event_name":"Big Fish","floor":8,"gold_loss":0},{"cards_removed":["Defend_R"],"damage_healed":0,"gold_gain":0,"player_choice":"Card Removal","damage_taken":0,"max_hp_gain":0,"max_hp_loss":0,"event_name":"Wheel of Change","floor":13,"gold_loss":0},{"damage_healed":0,"gold_gain":0,"player_choice":"Copied","damage_taken":0,"max_hp_gain":0,"max_hp_loss":0,"event_name":"Duplicator","floor":24,"gold_loss":0,"cards_obtained":["Impervious"]},{"damage_healed":0,"gold_gain":0,"player_choice":"Inject Mutagens","damage_taken":0,"relics_obtained":["MutagenicStrength"],"max_hp_gain":0,"max_hp_loss":0,"event_name":"Drug Dealer","floor":27,"gold_loss":0},{"damage_healed":0,"gold_gain":99,"player_choice":"Stole From Cult","damage_taken":0,"max_hp_gain":0,"max_hp_loss":0,"event_name":"Nest","floor":31,"gold_loss":0}],"is_beta":false,"boss_relics":[{"not_picked":["Empty Cage","White Beast Statue"],"picked":"Snecko Eye"}],"items_purged_floors":[],"is_endless":false,"potions_floor_spawned":[1,7,14,18],"killed_by":"Collector","ascension_level":0}