{"gold_per_floor":[111,25,25,37,56,84,96,139,151,163,208,69,38,73,73,171,171,188,205,12,12],"floor_reached":21,"playtime":1670,"items_purged":["Strike_G","Strike_G"],"score":205,"play_id":"fbfb7fbc-46a7-48f4-8e28-3a13e9be2e0c","local_time":"20190711010925","is_ascension_mode":false,"campfire_choices":[{"data":"Noxious Fumes","floor":7,"key":"SMITH"},{"data":"Dash","floor":10,"key":"SMITH"},{"floor":15,"key":"REST"}],"neow_cost":"NONE","seed_source_timestamp":29536153580500,"circlet_count":0,"master_deck":["Strike_G","Strike_G","Strike_G","Defend_G","Defend_G","Defend_G","Defend_G","Defend_G","Survivor","Neutralize","Noxious Fumes+1","Dash+1","Sucker Punch","Quick Slash","Sucker Punch","Dodge and Roll","Prepared","Footwork","Escape Plan","Backstab","Corpse Explosion","Bane+1","Sucker Punch","Deadly Poison","Leg Sweep"],"relics":["Lizard Tail","MawBank","Bottled Lightning","Ornamental Fan","Juzu Bracelet","HoveringKite"],"potions_floor_usage":[11,21,21],"damage_taken":[{"damage":2,"enemies":"Jaw Worm","floor":1,"turns":5},{"damage":1,"enemies":"2 Louse","floor":4,"turns":3},{"damage":0,"enemies":"Small Slimes","floor":5,"turns":4},{"damage":25,"enemies":"Gremlin Nob","floor":6,"turns":5},{"damage":8,"enemies":"3 Sentries","floor":8,"turns":6},{"damage":9,"enemies":"Lagavulin","floor":11,"turns":7},{"damage":24,"enemies":"Gremlin Nob","floor":14,"turns":6},{"damage":45,"enemies":"Slime Boss","floor":16,"turns":13},{"damage":27,"enemies":"Spheric Guardian","floor":18,"turns":7},{"damage":26,"enemies":"Shell Parasite","floor":19,"turns":8},{"damage":24,"enemies":"Masked Bandits","floor":21,"turns":3}],"seed_played":"2954833117027185323","potions_obtained":[{"floor":6,"key":"EssenceOfSteel"},{"floor":14,"key":"FearPotion"},{"floor":16,"key":"Weak Potion"},{"floor":19,"key":"EssenceOfSteel"}],"is_trial":false,"path_per_floor":["M","$","?","M","M","E","R","E","T","R","E","$","?","E","R","B",null,"M","M","$","?"],"character_chosen":"THE_SILENT","items_purchased":["Dash","Sucker Punch","Escape Plan","Deadly Poison","Leg Sweep"],"campfire_rested":1,"item_purchase_floors":[2,2,12,20,20],"current_hp_per_floor":[68,68,68,67,67,42,42,34,34,34,25,25,25,1,22,16,70,43,17,17,0],"gold":12,"neow_bonus":"BOSS_RELIC","is_prod":false,"is_daily":false,"chose_seed":false,"campfire_upgraded":2,"win_rate":0,"timestamp":1562774965,"path_taken":["M","$","?","M","M","E","R","E","T","R","E","$","?","E","R","BOSS","M","M","$","?"],"build_version":"2019-07-05","purchased_purges":2,"victory":false,"max_hp_per_floor":[70,70,70,70,70,70,70,70,70,70,70,70,70,70,70,70,70,70,70,70,70],"card_choices":[{"not_picked":["Dodge and Roll","Slice"],"picked":"Noxious Fumes","floor":1},{"not_picked":["Underhanded Strike","Acrobatics"],"picked":"Quick Slash","floor":4},{"not_picked":["Cloak And Dagger","Finisher"],"picked":"Sucker Punch","floor":5},{"not_picked":["Flying Knee","Cloak And Dagger"],"picked":"Dodge and Roll","floor":6},{"not_picked":["Endless Agony","Expertise"],"picked":"Prepared","floor":8},{"not_picked":["Quick Slash","Deflect"],"picked":"Footwork","floor":11},{"not_picked":["Slice","Underhanded Strike"],"picked":"Backstab","floor":14},{"not_picked":["Envenom","Night Terror"],"picked":"Corpse Explosion","floor":16},{"not_picked":["Caltrops","Prepared+1"],"picked":"Bane+1","floor":18},{"not_picked":["Deadly Poison","Cloak And Dagger+1"],"picked":"Sucker Punch","floor":19}],"player_experience":99344,"relics_obtained":[{"floor":6,"key":"MawBank"},{"floor":8,"key":"Bottled Lightning"},{"floor":9,"key":"Ornamental Fan"},{"floor":14,"key":"Juzu Bracelet"}],"event_choices":[{"damage_healed":0,"gold_gain":0,"player_choice":"Ignored","damage_taken":0,"max_hp_gain":0,"max_hp_loss":0,"event_name":"Liars Game","floor":3,"gold_loss":0},{"damage_healed":0,"gold_gain":0,"player_choice":"Left Gold","damage_taken":0,"max_hp_gain":0,"max_hp_loss":0,"event_name":"World of Goop","floor":13,"gold_loss":31},{"damage_healed":0,"gold_gain":0,"player_choice":"Fought Bandits","damage_taken":0,"max_hp_gain":0,"max_hp_loss":0,"event_name":"Masked Bandits","floor":21,"gold_loss":0}],"is_beta":false,"boss_relics":[{"not_picked":["Cursed Key","Runic Dome"],"picked":"HoveringKite"}],"items_purged_floors":[12,20],"is_endless":false,"potions_floor_spawned":[6,14,16,19],"killed_by":"Masked Bandits","ascension_level":0}