{"gold_per_floor":[110,110,129,146,165,165,178,178,229,229,229,229,243,269,269,369,369,382,62,82,82,82,82,96,107,134,146,258,270,299,328,340,352],"floor_reached":33,"playtime":2916,"items_purged":[],"score":239,"play_id":"736509c3-2c44-4ff7-9b7f-b81eedce0731","local_time":"20190703202914","is_ascension_mode":false,"campfire_choices":[{"data":"Armaments","floor":6,"key":"SMITH"},{"floor":10,"key":"REST"},{"data":"Shockwave","floor":12,"key":"SMITH"},{"floor":15,"key":"REST"},{"floor":23,"key":"REST"},{"floor":27,"key":"REST"},{"floor":29,"key":"REST"},{"data":"Impervious","floor":32,"key":"SMITH"}],"neow_cost":"NONE","seed_source_timestamp":4543353558856,"circlet_count":0,"master_deck":["Strike_R","Strike_R","Strike_R","Strike_R","Strike_R","Defend_R","Defend_R","Defend_R","Bash","Battle Trance","Armaments+1","Anger","Shockwave+1","Entrench","Cleave","Impervious+1","Dropkick","Flex","Combust","Shrug It Off","Flame Barrier","Warcry+1","Flex","Anger","Shrug It Off+1"],"relics":["Burning Blood","Sundial","Bag of Marbles","Odd Mushroom","Runic Cube","Vajra","Lantern","MutagenicStrength","MawBank","Magic Flower","Mummified Hand"],"potions_floor_usage":[13,13,14,16,25,28,28,31],"damage_taken":[{"damage":3,"enemies":"2 Louse","floor":1,"turns":3},{"damage":6,"enemies":"Small Slimes","floor":3,"turns":3},{"damage":10,"enemies":"Jaw Worm","floor":4,"turns":4},{"damage":5,"enemies":"Looter","floor":5,"turns":4},{"damage":23,"enemies":"Large Slime","floor":7,"turns":7},{"damage":4,"enemies":"Gremlin Gang","floor":13,"turns":3},{"damage":16,"enemies":"The Mushroom Lair","floor":14,"turns":4},{"damage":46,"enemies":"Hexaghost","floor":16,"turns":9},{"damage":12,"enemies":"Shell Parasite","floor":18,"turns":8},{"damage":17,"enemies":"2 Thieves","floor":20,"turns":3},{"damage":17,"enemies":"Shelled Parasite and Fungi","floor":24,"turns":8},{"damage":8,"enemies":"Snake Plant","floor":25,"turns":4},{"damage":1,"enemies":"Colosseum Slavers","floor":28,"turns":7},{"damage":25,"enemies":"Colosseum Nobs","floor":28,"turns":5},{"damage":28,"enemies":"Cultist and Chosen","floor":30,"turns":6},{"damage":6,"enemies":"Centurion and Healer","floor":31,"turns":5},{"damage":91,"enemies":"Automaton","floor":33,"turns":10}],"seed_played":"-2626560875847334254","potions_obtained":[{"floor":1,"key":"Poison Potion"},{"floor":3,"key":"Poison Potion"},{"floor":7,"key":"SteroidPotion"},{"floor":14,"key":"PowerPotion"},{"floor":16,"key":"Regen Potion"},{"floor":20,"key":"SkillPotion"},{"floor":24,"key":"EssenceOfSteel"},{"floor":30,"key":"Regen Potion"}],"is_trial":false,"path_per_floor":["M","?","M","M","M","R","M","?","T","R","?","R","M","?","R","B",null,"M","$","M","?","?","R","M","M","T","R","?","R","M","M","R","B"],"character_chosen":"IRONCLAD","items_purchased":["Flex","Combust","Shrug It Off","Vajra"],"campfire_rested":5,"item_purchase_floors":[19,19,19,19],"current_hp_per_floor":[80,80,80,76,77,77,60,48,48,72,77,77,79,69,85,45,85,79,79,68,68,68,85,74,72,72,85,73,85,66,85,85,0],"gold":352,"neow_bonus":"REMOVE_CARD","is_prod":false,"is_daily":false,"chose_seed":false,"campfire_upgraded":3,"win_rate":0,"timestamp":1562182154,"path_taken":["M","?","M","M","M","R","M","?","T","R","?","R","?","?","R","BOSS","M","$","M","?","?","R","M","M","T","R","?","R","M","M","R","BOSS"],"build_version":"2019-07-01","purchased_purges":0,"victory":false,"max_hp_per_floor":[80,80,80,80,80,80,80,80,80,80,85,85,85,85,85,85,85,85,85,85,85,85,85,85,85,85,85,85,85,85,85,85,85],"card_choices":[{"not_picked":["Spot Weakness","Perfected Strike"],"picked":"Battle Trance","floor":1},{"not_picked":["Whirlwind","Pummel"],"picked":"Armaments","floor":3},{"not_picked":["Bloodletting","Clothesline"],"picked":"Anger","floor":4},{"not_picked":["Warcry","Clash"],"picked":"Shockwave","floor":5},{"not_picked":["Fiend Fire","Shockwave","Sever Soul"],"picked":"SKIP","floor":7},{"not_picked":["Body Slam","Armaments"],"picked":"Entrench","floor":13},{"not_picked":["Pommel Strike","True Grit"],"picked":"Cleave","floor":14},{"not_picked":["Immolate","Reaper"],"picked":"Impervious","floor":16},{"not_picked":["Battle Trance","Pommel Strike"],"picked":"Dropkick","floor":18},{"not_picked":["Armaments","Wild Strike+1"],"picked":"Flame Barrier","floor":20},{"not_picked":["Clothesline","Wild Strike"],"picked":"Warcry+1","floor":24},{"not_picked":["Sword Boomerang","Warcry"],"picked":"Flex","floor":25},{"not_picked":["Havoc","Wild Strike"],"picked":"Anger","floor":28},{"not_picked":["Sword Boomerang","Uppercut","Pummel+1"],"picked":"SKIP","floor":30},{"not_picked":["Uppercut","Second Wind"],"picked":"Shrug It Off+1","floor":31}],"player_experience":40915,"relics_obtained":[{"floor":9,"key":"Bag of Marbles"},{"floor":14,"key":"Odd Mushroom"},{"floor":26,"key":"MawBank"},{"floor":28,"key":"Magic Flower"},{"floor":28,"key":"Mummified Hand"}],"event_choices":[{"damage_healed":0,"gold_gain":0,"player_choice":"Leave","damage_taken":0,"max_hp_gain":0,"max_hp_loss":0,"event_name":"The Cleric","floor":2,"gold_loss":0},{"damage_healed":0,"gold_gain":0,"player_choice":"Success","damage_taken":12,"relics_obtained":["Sundial"],"max_hp_gain":0,"max_hp_loss":0,"event_name":"Scrap Ooze","floor":8,"gold_loss":0},{"damage_healed":0,"gold_gain":0,"player_choice":"Donut","damage_taken":0,"max_hp_gain":5,"max_hp_loss":0,"event_name":"Big Fish","floor":11,"gold_loss":0},{"damage_healed":0,"gold_gain":0,"player_choice":"Fought Mushrooms","damage_taken":0,"max_hp_gain":0,"max_hp_loss":0,"event_name":"Mushrooms","floor":14,"gold_loss":0},{"damage_healed":0,"gold_gain":0,"player_choice":"Opened","damage_taken":0,"relics_obtained":["Lantern"],"max_hp_gain":0,"max_hp_loss":0,"event_name":"The Mausoleum","floor":21,"gold_loss":0},{"damage_healed":0,"gold_gain":0,"player_choice":"Inject Mutagens","damage_taken":0,"relics_obtained":["MutagenicStrength"],"max_hp_gain":0,"max_hp_loss":0,"event_name":"Drug Dealer","floor":22,"gold_loss":0},{"damage_healed":0,"gold_gain":0,"player_choice":"Fight","damage_taken":0,"max_hp_gain":0,"max_hp_loss":0,"event_name":"Colosseum","floor":28,"gold_loss":0},{"damage_healed":0,"gold_gain":0,"player_choice":"Fought Nobs","damage_taken":0,"max_hp_gain":0,"max_hp_loss":0,"event_name":"Colosseum","floor":28,"gold_loss":0}],"is_beta":false,"boss_relics":[{"not_picked":["Busted Crown","Velvet Choker"],"picked":"Runic Cube"}],"items_purged_floors":[],"is_endless":false,"potions_floor_spawned":[1,3,7,14,16,20,24,28,30],"killed_by":"Automaton","ascension_level":0}