{"gold_per_floor":[110,60,79,79,93,93,93,118,118,118,147,182,182,182,182,280,280,293,218,218,237,250,250,250,250,250,276,309,321,321,336,336,432,432,447,447,464,18,28,28,63,63,63,63,63,63,89,89,89,186,186,204,204,223,235,310,310,310,310,310,260,277,332,332,366,366,466,466,482,392,412,315,331,366,399,426,458,458,458,458,483,496,496,600,600,616,83,83,183,200,200,217,252,280,280,280,295,327,327,327,430,430,450,450],"floor_reached":104,"playtime":6609,"items_purged":["Feel No Pain","Pommel Strike+1"],"score":2798,"play_id":"b5b55e05-6ba4-4926-9913-2f09befaef0e","local_time":"20190706145049","daily_mods":["Vintage","Red Cards","Heirloom","Time Dilation","Flight"],"is_ascension_mode":false,"campfire_choices":[{"data":"Demon Form","floor":6,"key":"SMITH"},{"data":"Echo Form","floor":7,"key":"SMITH"},{"data":"Wraith Form v2","floor":10,"key":"SMITH"},{"data":"Dodge and Roll","floor":13,"key":"SMITH"},{"data":"Survivor","floor":15,"key":"SMITH"},{"floor":23,"key":"REST"},{"data":"Quick Slash","floor":24,"key":"SMITH"},{"floor":25,"key":"REST"},{"data":"Seeing Red","floor":30,"key":"SMITH"},{"floor":32,"key":"REST"},{"data":"Seeing Red","floor":40,"key":"SMITH"},{"floor":44,"key":"DIG"},{"data":"Madness","floor":46,"key":"SMITH"},{"floor":49,"key":"REST"},{"floor":57,"key":"DIG"},{"data":"Enlightenment","floor":58,"key":"SMITH"},{"data":"Madness","floor":64,"key":"SMITH"},{"data":"Backflip","floor":66,"key":"SMITH"},{"floor":78,"key":"DIG"},{"floor":79,"key":"DIG"},{"data":"Adrenaline","floor":80,"key":"SMITH"},{"floor":83,"key":"DIG"},{"data":"Berserk","floor":91,"key":"SMITH"},{"floor":96,"key":"DIG"},{"floor":100,"key":"DIG"}],"neow_cost":"","seed_source_timestamp":0,"circlet_count":0,"master_deck":["Demon Form+1","Wraith Form v2+1","Echo Form+1","Survivor+1","Neutralize+1","Quick Slash+1","Dodge and Roll+1","Night Terror+1","Seeing Red+1","Reaper+1","Heavy Blade+1","Feed+1","Riddle With Holes+1","Carnage+1","Thunderclap+1","Seeing Red+1","Madness+1","Madness+1","Enlightenment+1","Ghostly Armor+1","Heavy Blade+1","Backflip+1","Adrenaline+1","Heavy Blade+1","Heavy Blade+1","Heavy Blade+1","Berserk+1","Wraith Form v2"],"relics":["Ring of the Serpent","Ice Cream","Torii","Regal Pillow","Dream Catcher","Unceasing Top","Kunai","Molten Egg 2","Bronze Scales","Matryoshka","Sozu","Question Card","Potion Belt","Paper Crane","Sundial","Darkstone Periapt","Anchor","Thread and Needle","Mummified Hand","War Paint","Pandora\u0027s Box","Ornamental Fan","Nunchaku","Shovel","Gremlin Horn","Smiling Mask","Pen Nib","Shuriken","Vajra","Bag of Preparation","Runic Pyramid","Strawberry","Bottled Flame","Turnip","Art of War","Pear","Bottled Tornado","Incense Burner","Omamori","Blue Candle","Du-Vu Doll","The Courier","Snake Skull","Boot","Bag of Marbles","Singing Bowl","Lizard Tail","Orichalcum","Strange Spoon","Dodecahedron","Juzu Bracelet","Dead Branch","PreservedInsect","FossilizedHelix","Meat on the Bone","Oddly Smooth Stone","Ancient Tea Set","Philosopher\u0027s Stone","Lantern"],"potions_floor_usage":[12,12],"damage_taken":[{"damage":3,"enemies":"Jaw Worm","floor":1,"turns":5},{"damage":0,"enemies":"Cultist","floor":3,"turns":4},{"damage":0,"enemies":"2 Louse","floor":5,"turns":4},{"damage":1,"enemies":"Lagavulin","floor":8,"turns":6},{"damage":2,"enemies":"Gremlin Nob","floor":11,"turns":4},{"damage":11,"enemies":"3 Sentries","floor":12,"turns":7},{"damage":30,"enemies":"The Guardian","floor":16,"turns":8},{"damage":22,"enemies":"3 Byrds","floor":18,"turns":6},{"damage":1,"enemies":"Chosen","floor":21,"turns":5},{"damage":26,"enemies":"Shelled Parasite and Fungi","floor":22,"turns":5},{"damage":35,"enemies":"Slavers","floor":27,"turns":5},{"damage":13,"enemies":"Book of Stabbing","floor":28,"turns":6},{"damage":0,"enemies":"Snake Plant","floor":29,"turns":3},{"damage":1,"enemies":"3 Cultists","floor":31,"turns":5},{"damage":0,"enemies":"Automaton","floor":33,"turns":7},{"damage":7,"enemies":"3 Darklings","floor":35,"turns":3},{"damage":0,"enemies":"3 Shapes","floor":37,"turns":2},{"damage":28,"enemies":"Sphere and 2 Shapes","floor":39,"turns":4},{"damage":9,"enemies":"Nemesis","floor":41,"turns":7},{"damage":2,"enemies":"Giant Head","floor":47,"turns":4},{"damage":66,"enemies":"Donu and Deca","floor":50,"turns":9},{"damage":6,"enemies":"Cultist","floor":52,"turns":2},{"damage":0,"enemies":"2 Louse","floor":54,"turns":3},{"damage":6,"enemies":"Small Slimes","floor":55,"turns":2},{"damage":0,"enemies":"3 Louse","floor":62,"turns":2},{"damage":0,"enemies":"Gremlin Nob","floor":63,"turns":2},{"damage":0,"enemies":"Lagavulin","floor":65,"turns":3},{"damage":12,"enemies":"The Guardian","floor":67,"turns":4},{"damage":6,"enemies":"Spheric Guardian","floor":69,"turns":2},{"damage":1,"enemies":"Chosen","floor":71,"turns":2},{"damage":0,"enemies":"Snake Plant","floor":73,"turns":2},{"damage":30,"enemies":"Slavers","floor":74,"turns":2},{"damage":6,"enemies":"Book of Stabbing","floor":75,"turns":3},{"damage":6,"enemies":"Gremlin Leader","floor":76,"turns":3},{"damage":0,"enemies":"Slavers","floor":77,"turns":2},{"damage":1,"enemies":"Gremlin Leader","floor":81,"turns":3},{"damage":6,"enemies":"Centurion and Healer","floor":82,"turns":2},{"damage":6,"enemies":"Automaton","floor":84,"turns":4},{"damage":0,"enemies":"Orb Walker","floor":86,"turns":2},{"damage":0,"enemies":"Mind Bloom Boss Battle","floor":89,"turns":3},{"damage":1,"enemies":"3 Darklings","floor":90,"turns":2},{"damage":0,"enemies":"Sphere and 2 Shapes","floor":92,"turns":2},{"damage":0,"enemies":"Reptomancer","floor":93,"turns":3},{"damage":0,"enemies":"Giant Head","floor":94,"turns":3},{"damage":0,"enemies":"Writhing Mass","floor":97,"turns":3},{"damage":0,"enemies":"Nemesis","floor":98,"turns":3},{"damage":97,"enemies":"Time Eater","floor":101,"turns":5},{"damage":0,"enemies":"Small Slimes","floor":103,"turns":2},{"damage":0,"enemies":"2 Louse","floor":104,"turns":1}],"seed_played":"-9185531375383761205","potions_obtained":[{"floor":3,"key":"Energy Potion"},{"floor":5,"key":"SneckoOil"}],"is_trial":true,"path_per_floor":["M","?","M","?","M","R","R","E","T","R","E","E","R","?","R","B",null,"M","?","?","M","M","R","R","R","T","E","E","M","R","M","R","B",null,"M","?","M","$","M","R","E","?","T","R","$","R","E","?","R","B",null,"M","?","M","M","?","R","R","?","T","?","M","?","R","E","R","B",null,"M","?","M","?","M","E","E","E","E","R","R","R","E","M","R","B",null,"M","$","?","?","M","R","M","E","E","?","R","M","E","?","R","B",null,"M","M"],"character_chosen":"THE_SILENT","items_purchased":["Infinite Blades","Shovel","Strange Spoon","Dodecahedron","Juzu Bracelet"],"campfire_rested":4,"item_purchase_floors":[38,38,87,87,87],"current_hp_per_floor":[67,67,67,67,67,67,67,66,66,66,64,53,53,50,50,20,70,48,48,48,47,21,57,57,70,70,35,22,30,30,59,70,70,70,69,60,64,64,50,50,52,52,52,52,52,52,54,44,84,24,90,91,91,101,105,94,94,94,87,97,97,112,123,123,127,127,131,131,125,125,134,134,134,133,139,139,139,139,139,139,143,147,147,145,151,155,155,165,171,174,174,178,181,187,187,187,191,197,193,193,108,203,211,211],"gold":450,"neow_bonus":"","is_prod":false,"is_daily":false,"chose_seed":false,"campfire_upgraded":14,"win_rate":0,"timestamp":1562392249,"path_taken":["M","?","M","?","?","R","R","E","T","R","E","E","R","?","R","BOSS","M","?","?","?","?","R","R","R","T","E","E","M","R","M","R","BOSS","M","?","M","$","M","R","E","?","T","R","?","R","E","?","R","BOSS","M","?","?","M","?","R","R","?","T","?","?","?","R","E","R","BOSS","M","?","?","?","M","E","E","E","E","R","R","R","E","M","R","BOSS","M","?","?","?","M","R","M","E","E","?","R","M","E","?","R","BOSS","M","M"],"build_version":"2019-07-05","purchased_purges":2,"victory":false,"max_hp_per_floor":[70,70,70,70,70,70,70,70,70,70,70,70,70,70,70,70,70,70,70,70,70,70,70,70,70,70,70,70,70,70,70,70,70,70,70,70,74,74,78,78,82,82,82,82,82,82,86,86,86,90,90,97,97,101,105,105,105,105,105,115,115,119,123,123,127,127,131,131,131,131,135,135,135,139,139,139,139,139,139,139,143,147,147,151,151,155,155,165,171,175,175,179,181,187,187,187,191,197,203,203,203,203,211,211],"card_choices":[{"not_picked":["Terror","Masterful Stab"],"picked":"Quick Slash","floor":8},{"not_picked":["True Grit","Second Wind"],"picked":"Dodge and Roll","floor":11},{"not_picked":["Deflect","Flying Knee+1"],"picked":"Anger+1","floor":12},{"not_picked":["Corpse Explosion","Doppelganger"],"picked":"Night Terror","floor":16},{"not_picked":["Outmaneuver","Headbutt+1","Dagger Throw+1"],"picked":"Pommel Strike+1","floor":23},{"not_picked":["Burst","Skewer+1","Flex"],"picked":"Crippling Poison","floor":25},{"not_picked":["Blood for Blood+1","Pummel+1","Flying Knee+1"],"picked":"Seeing Red","floor":27},{"not_picked":["Dagger Spray+1","Distraction","Finisher+1"],"picked":"Reaper+1","floor":28},{"not_picked":["Perfected Strike+1","Hemokinesis+1","Body Slam+1"],"picked":"Heavy Blade+1","floor":32},{"not_picked":["Phantasmal Killer","A Thousand Cuts","Dark Embrace"],"picked":"Feed+1","floor":33},{"not_picked":["Dagger Spray+1","Seeing Red","Clothesline+1","Choke+1"],"picked":"SKIP","floor":41},{"not_picked":["Armaments+1","Wild Strike+1","Flex+1","Sucker Punch+1"],"picked":"SKIP","floor":47},{"not_picked":["Good Instincts","Trip","Deep Breath"],"picked":"Enlightenment","floor":48},{"not_picked":["Backflip+1","Acrobatics+1","Armaments+1"],"picked":"Ghostly Armor+1","floor":49},{"not_picked":["Catalyst","Infinite Blades","Flying Knee+1"],"picked":"Heavy Blade+1","floor":63},{"not_picked":["Clothesline+1","Riddle With Holes+1","Tactician"],"picked":"Backflip","floor":65},{"not_picked":["Unload+1","Night Terror","Double Tap"],"picked":"Adrenaline","floor":67},{"not_picked":["Eviscerate+1","Flying Knee+1","Predator+1","Sever Soul+1"],"picked":"SKIP","floor":74},{"not_picked":["Bludgeon+1","Rampage+1","Clash+1"],"picked":"Heavy Blade+1","floor":75},{"not_picked":["Deadly Poison","Immolate+1","Blade Dance"],"picked":"Heavy Blade+1","floor":76},{"not_picked":["Armaments","Poisoned Stab+1","Fire Breathing","Bane+1"],"picked":"SKIP","floor":77},{"not_picked":["True Grit+1","Slice+1","Rampage+1"],"picked":"Heavy Blade+1","floor":81},{"not_picked":["A Thousand Cuts","Glass Knife+1","Burst"],"picked":"Berserk","floor":84},{"not_picked":["Heavy Blade+1","Blade Dance","True Grit+1","Cleave+1"],"picked":"Singing Bowl","floor":89},{"not_picked":["True Grit","Iron Wave+1","Rampage+1","Thunderclap+1"],"picked":"Singing Bowl","floor":93},{"not_picked":["Juggernaut","Pummel+1","Sucker Punch+1","Deadly Poison+1"],"picked":"Singing Bowl","floor":94},{"not_picked":["Carnage+1","Armaments","Flex+1","Setup"],"picked":"Singing Bowl","floor":98},{"not_picked":["Dark Shackles","Finesse","Deep Breath","Jack Of All Trades"],"picked":"Singing Bowl","floor":99},{"not_picked":["Enlightenment","Trip","Finesse","Dark Shackles"],"picked":"Singing Bowl","floor":99},{"not_picked":["Jack Of All Trades","Apotheosis","Enlightenment","Purity"],"picked":"Singing Bowl","floor":99},{"not_picked":["Demon Form","Fiend Fire+1","Berserk"],"picked":"Wraith Form v2","floor":101}],"player_experience":60833,"relics_obtained":[{"floor":1,"key":"Torii"},{"floor":3,"key":"Regal Pillow"},{"floor":5,"key":"Dream Catcher"},{"floor":8,"key":"Unceasing Top"},{"floor":9,"key":"Kunai"},{"floor":11,"key":"Molten Egg 2"},{"floor":12,"key":"Bronze Scales"},{"floor":18,"key":"Question Card"},{"floor":21,"key":"Potion Belt"},{"floor":22,"key":"Paper Crane"},{"floor":26,"key":"Sundial"},{"floor":26,"key":"Darkstone Periapt"},{"floor":27,"key":"Anchor"},{"floor":28,"key":"Thread and Needle"},{"floor":29,"key":"Mummified Hand"},{"floor":31,"key":"War Paint"},{"floor":35,"key":"Ornamental Fan"},{"floor":37,"key":"Nunchaku"},{"floor":39,"key":"Gremlin Horn"},{"floor":41,"key":"Smiling Mask"},{"floor":43,"key":"Pen Nib"},{"floor":43,"key":"Shuriken"},{"floor":44,"key":"Vajra"},{"floor":47,"key":"Bag of Preparation"},{"floor":52,"key":"Strawberry"},{"floor":54,"key":"Bottled Flame"},{"floor":55,"key":"Turnip"},{"floor":57,"key":"Art of War"},{"floor":60,"key":"Pear"},{"floor":62,"key":"Bottled Tornado"},{"floor":63,"key":"Incense Burner"},{"floor":69,"key":"Omamori"},{"floor":71,"key":"Blue Candle"},{"floor":73,"key":"The Courier"},{"floor":78,"key":"Snake Skull"},{"floor":79,"key":"Boot"},{"floor":82,"key":"Bag of Marbles"},{"floor":83,"key":"Singing Bowl"},{"floor":86,"key":"Orichalcum"},{"floor":89,"key":"Dead Branch"},{"floor":90,"key":"PreservedInsect"},{"floor":92,"key":"FossilizedHelix"},{"floor":96,"key":"Meat on the Bone"},{"floor":97,"key":"Oddly Smooth Stone"},{"floor":100,"key":"Ancient Tea Set"},{"floor":103,"key":"Lantern"}],"event_choices":[{"cards_removed":["Strike_G"],"damage_healed":0,"gold_gain":0,"player_choice":"Card Removal","damage_taken":0,"max_hp_gain":0,"max_hp_loss":0,"event_name":"The Cleric","floor":2,"gold_loss":50},{"cards_removed":["Strike_G"],"damage_healed":0,"gold_gain":0,"player_choice":"Purged","damage_taken":0,"max_hp_gain":0,"max_hp_loss":0,"event_name":"Purifier","floor":4,"gold_loss":0},{"damage_healed":0,"gold_gain":0,"player_choice":"Success","damage_taken":3,"relics_obtained":["Matryoshka"],"max_hp_gain":0,"max_hp_loss":0,"event_name":"Scrap Ooze","floor":14,"gold_loss":0},{"cards_removed":["Defend_G"],"damage_healed":0,"gold_gain":0,"player_choice":"Gave Gold","damage_taken":0,"max_hp_gain":0,"max_hp_loss":0,"event_name":"Beggar","floor":19,"gold_loss":75},{"damage_healed":0,"gold_gain":0,"player_choice":"Upgraded","damage_taken":0,"max_hp_gain":0,"max_hp_loss":0,"event_name":"Upgrade Shrine","floor":20,"gold_loss":0,"cards_upgraded":["Night Terror"]},{"damage_healed":0,"gold_gain":0,"player_choice":"Embrace Madness","damage_taken":9,"max_hp_gain":0,"max_hp_loss":0,"event_name":"Winding Halls","floor":36,"gold_loss":0,"cards_obtained":["Madness","Madness"]},{"cards_removed":["Anger"],"damage_healed":0,"gold_gain":0,"player_choice":"Removed Attack","damage_taken":0,"max_hp_gain":0,"max_hp_loss":0,"event_name":"Falling","floor":42,"gold_loss":0},{"damage_healed":0,"gold_gain":0,"player_choice":"Memory 3","damage_taken":10,"max_hp_gain":0,"max_hp_loss":0,"event_name":"SensoryStone","floor":48,"gold_loss":0},{"damage_healed":0,"gold_gain":0,"player_choice":"Got Potions","damage_taken":0,"max_hp_gain":0,"max_hp_loss":0,"event_name":"Lab","floor":53,"gold_loss":0},{"damage_healed":0,"gold_gain":75,"player_choice":"Gather Gold","damage_taken":11,"max_hp_gain":0,"max_hp_loss":0,"event_name":"World of Goop","floor":56,"gold_loss":0},{"cards_removed":["Armaments"],"damage_healed":0,"gold_gain":0,"player_choice":"Card Removal","damage_taken":7,"max_hp_gain":0,"max_hp_loss":0,"event_name":"Golden Wing","floor":59,"gold_loss":0},{"cards_removed":["Crippling Poison"],"damage_healed":0,"gold_gain":0,"player_choice":"Card Removal","damage_taken":0,"max_hp_gain":0,"max_hp_loss":0,"event_name":"The Cleric","floor":61,"gold_loss":50},{"damage_healed":0,"gold_gain":0,"player_choice":"Searched \u00272\u0027 times","damage_taken":0,"max_hp_gain":0,"max_hp_loss":0,"event_name":"Dead Adventurer","floor":63,"gold_loss":0},{"cards_removed":["Infinite Blades"],"damage_healed":0,"gold_gain":0,"player_choice":"Upgrade and Remove","damage_taken":0,"max_hp_gain":0,"max_hp_loss":0,"event_name":"Designer","floor":70,"gold_loss":90,"cards_upgraded":["Neutralize"]},{"damage_healed":0,"gold_gain":0,"player_choice":"Paid Gold","damage_taken":0,"relics_obtained":["Du-Vu Doll"],"max_hp_gain":0,"max_hp_loss":0,"event_name":"WeMeetAgain","floor":72,"gold_loss":97},{"cards_removed":["Offering"],"damage_healed":0,"gold_gain":0,"player_choice":"Offered Rare","damage_taken":0,"max_hp_gain":10,"max_hp_loss":0,"event_name":"Bonfire Elementals","floor":88,"gold_loss":0},{"damage_healed":0,"gold_gain":0,"player_choice":"Fight","damage_taken":0,"max_hp_gain":0,"max_hp_loss":0,"event_name":"MindBloom","floor":89,"gold_loss":0},{"damage_healed":0,"gold_gain":0,"player_choice":"Ignored","damage_taken":0,"max_hp_gain":0,"max_hp_loss":0,"event_name":"SecretPortal","floor":95,"gold_loss":0},{"damage_healed":0,"gold_gain":0,"player_choice":"Memory 3","damage_taken":10,"max_hp_gain":0,"max_hp_loss":0,"event_name":"SensoryStone","floor":99,"gold_loss":0}],"is_beta":false,"boss_relics":[{"not_picked":["WristBlade","Busted Crown"],"picked":"Sozu"},{"not_picked":["Fusion Hammer","Lizard Tail"],"picked":"Pandora\u0027s Box"},{"not_picked":["Cursed Key","Astrolabe"],"picked":"Runic Pyramid"},{"not_picked":["Calling Bell","WristBlade"],"picked":"Ring of the Serpent"},{"not_picked":["Fusion Hammer","Runic Dome"],"picked":"Lizard Tail"},{"not_picked":["Eternal Feather","Orrery"],"picked":"Philosopher\u0027s Stone"}],"items_purged_floors":[38,87],"is_endless":true,"potions_floor_spawned":[3,5,18,28,33,37,39,47,50,52,62,65,69,71,73,77,89,90,93,94],"killed_by":"2 Louse","ascension_level":0}