{"gold_per_floor":[117,117,194,208,358,358,358,358,408,439,458,501,271,294,294,389,389,412,42,55,55,55,90,145,145,145,163,63,63,95,31,31,31],"floor_reached":33,"playtime":1157,"items_purged":["Doubt","Strike_B","Shame"],"score":578,"play_id":"a4919c74-c01e-4efb-9682-ed58851ee43d","local_time":"20190529221603","is_ascension_mode":true,"campfire_choices":[{"data":"Streamline","floor":6,"key":"SMITH"},{"data":"Zap","floor":8,"key":"SMITH"},{"floor":15,"key":"REST"},{"floor":25,"key":"REST"},{"floor":32,"key":"REST"}],"neow_cost":"TEN_PERCENT_HP_LOSS","seed_source_timestamp":62681469732098,"circlet_count":0,"master_deck":["AscendersBane","Strike_B+1","Defend_B","Defend_B+1","Defend_B","Defend_B+1","Zap+1","Dualcast","Streamline+1","Compile Driver","Electrodynamics","Gash","Cold Snap+1","Loop","Melter","Leap","Hologram","Self Repair","Clumsy","Normality","Rip and Tear+1","Conserve Battery","Gash"],"relics":["Cracked Core","Bloody Idol","Darkstone Periapt","Symbiotic Virus","War Paint","Blood Vial","Whetstone","Cursed Key","Lee\u0027s Waffle","Unceasing Top","The Courier","Tiny Chest","Emotion Chip","Blue Candle"],"potions_floor_usage":[16,16,30,33],"damage_taken":[{"damage":5,"enemies":"Small Slimes","floor":1,"turns":3},{"damage":12,"enemies":"Jaw Worm","floor":4,"turns":3},{"damage":11,"enemies":"Lagavulin","floor":10,"turns":6},{"damage":0,"enemies":"2 Louse","floor":11,"turns":1},{"damage":24,"enemies":"3 Sentries","floor":12,"turns":6},{"damage":4,"enemies":"Lots of Slimes","floor":14,"turns":4},{"damage":18,"enemies":"Hexaghost","floor":16,"turns":7},{"damage":0,"enemies":"Spheric Guardian","floor":18,"turns":3},{"damage":16,"enemies":"Chosen","floor":20,"turns":5},{"damage":53,"enemies":"Book of Stabbing","floor":23,"turns":5},{"damage":29,"enemies":"Snake Plant","floor":27,"turns":3},{"damage":36,"enemies":"Slavers","floor":30,"turns":4},{"damage":47,"enemies":"Collector","floor":33,"turns":5}],"seed_played":"7661744603891770168","potions_obtained":[{"floor":1,"key":"SmokeBomb"},{"floor":10,"key":"Poison Potion"},{"floor":23,"key":"Poison Potion"}],"is_trial":false,"path_per_floor":["M","?","T","M","?","R","?","R","T","E","M","E","$","M","R","B",null,"M","$","M","?","?","E","T","R","T","M","$","?","E","$","R","B"],"character_chosen":"DEFECT","items_purchased":["LiquidBronze","Loop","Lee\u0027s Waffle","Hologram","GamblersBrew"],"campfire_rested":3,"item_purchase_floors":[13,13,19,19,31],"current_hp_per_floor":[59,58,58,46,52,52,52,52,52,41,43,21,21,19,38,22,54,56,71,55,55,61,15,31,55,61,39,39,39,17,17,43,0],"gold":31,"neow_bonus":"REMOVE_TWO","is_prod":false,"is_daily":false,"chose_seed":false,"campfire_upgraded":2,"win_rate":0,"timestamp":1559186163,"path_taken":["M","?","?","M","?","R","?","R","T","E","M","E","$","M","R","BOSS","M","$","?","?","?","E","?","R","T","M","?","?","E","$","R","BOSS"],"build_version":"2019-01-23","purchased_purges":3,"victory":false,"max_hp_per_floor":[64,58,58,58,64,64,64,64,64,64,64,64,64,64,64,64,64,64,71,71,71,77,77,83,83,89,89,89,89,89,89,89,89],"card_choices":[{"not_picked":["Hologram","Stack"],"picked":"Streamline","floor":1},{"not_picked":["Redo","Go for the Eyes"],"picked":"Compile Driver","floor":4},{"not_picked":["Steam","Coolheaded"],"picked":"Electrodynamics","floor":10},{"not_picked":["Recycle","Auto Shields"],"picked":"Gash","floor":11},{"not_picked":["Sweeping Beam","Chill"],"picked":"Cold Snap","floor":12},{"not_picked":["Rip and Tear","Redo"],"picked":"Melter","floor":14},{"not_picked":["Rebound","Sweeping Beam"],"picked":"Leap","floor":18},{"not_picked":["Beam Cell","Streamline+1","Steam"],"picked":"SKIP","floor":20},{"not_picked":["Force Field+1","Hello World"],"picked":"Self Repair","floor":23},{"not_picked":["Meteor Strike","Compile Driver"],"picked":"Rip and Tear+1","floor":27},{"not_picked":["Reprogram+1","Sweeping Beam+1"],"picked":"Gash","floor":30}],"player_experience":1600865,"relics_obtained":[{"floor":3,"key":"Darkstone Periapt"},{"floor":7,"key":"Symbiotic Virus"},{"floor":9,"key":"War Paint"},{"floor":10,"key":"Blood Vial"},{"floor":12,"key":"Whetstone"},{"floor":23,"key":"The Courier"},{"floor":24,"key":"Tiny Chest"},{"floor":26,"key":"Emotion Chip"},{"floor":30,"key":"Blue Candle"}],"event_choices":[{"damage_healed":0,"gold_gain":0,"player_choice":"Lose Max HP","damage_taken":0,"relics_obtained":["Golden Idol"],"max_hp_gain":0,"max_hp_loss":6,"event_name":"Golden Idol","floor":2,"gold_loss":0},{"damage_healed":0,"gold_gain":150,"player_choice":"AGREE","damage_taken":0,"max_hp_gain":0,"max_hp_loss":0,"event_name":"Liars Game","floor":5,"gold_loss":0,"cards_obtained":["Doubt"]},{"damage_healed":0,"gold_gain":0,"player_choice":"Relic","damage_taken":0,"max_hp_gain":0,"max_hp_loss":0,"event_name":"Wheel of Change","floor":7,"gold_loss":0},{"damage_healed":0,"gold_gain":0,"player_choice":"Gave Idol","damage_taken":0,"relics_obtained":["Bloody Idol"],"max_hp_gain":0,"max_hp_loss":0,"event_name":"Forgotten Altar","floor":21,"relics_lost":["Golden Idol"],"gold_loss":0},{"damage_healed":0,"gold_gain":0,"player_choice":"Stole Relic","damage_taken":0,"relics_obtained":["Unceasing Top"],"max_hp_gain":0,"max_hp_loss":0,"event_name":"Addict","floor":22,"gold_loss":0,"cards_obtained":["Shame"]},{"damage_healed":0,"gold_gain":0,"player_choice":"Read","damage_taken":0,"max_hp_gain":0,"max_hp_loss":0,"event_name":"The Library","floor":29,"gold_loss":0,"cards_obtained":["Conserve Battery"]}],"is_beta":false,"boss_relics":[{"not_picked":["Lizard Tail","Nuclear Battery"],"picked":"Cursed Key"}],"items_purged_floors":[13,19,28],"is_endless":false,"potions_floor_spawned":[1,10,23],"killed_by":"Collector","ascension_level":20}