{"gold_per_floor":[15,25,25,44,64,64,92,92,92,92,122,122,137,157,157,157],"floor_reached":16,"playtime":1674,"items_purged":[],"score":224,"play_id":"387566bc-7e59-4fc4-82ac-aa2b560147f2","local_time":"20190712172415","is_ascension_mode":true,"campfire_choices":[{"data":"Unload","floor":6,"key":"SMITH"},{"data":"Tactician","floor":8,"key":"SMITH"},{"floor":10,"key":"REST"},{"floor":12,"key":"REST"},{"data":"Crippling Poison","floor":15,"key":"SMITH"}],"neow_cost":"NO_GOLD","seed_source_timestamp":1577632391834045,"circlet_count":0,"master_deck":["AscendersBane","Strike_G","Strike_G","Strike_G","Defend_G","Defend_G","Defend_G","Defend_G","Defend_G","Survivor","Neutralize","Unload+1","Tactician+1","Crippling Poison+1","Acrobatics","Dagger Throw","After Image","All Out Attack"],"relics":["Ring of the Snake","Singing Bowl","Gremlin Horn","Sundial"],"potions_floor_usage":[11,13,16,16],"damage_taken":[{"damage":2,"enemies":"Jaw Worm","floor":1,"turns":4},{"damage":0,"enemies":"Cultist","floor":2,"turns":3},{"damage":4,"enemies":"2 Louse","floor":4,"turns":3},{"damage":11,"enemies":"Large Slime","floor":5,"turns":6},{"damage":27,"enemies":"Lagavulin","floor":7,"turns":8},{"damage":30,"enemies":"3 Sentries","floor":11,"turns":11},{"damage":2,"enemies":"Gremlin Gang","floor":13,"turns":4},{"damage":1,"enemies":"Looter","floor":14,"turns":4},{"damage":44,"enemies":"The Guardian","floor":16,"turns":15}],"seed_played":"-4010814846377682874","potions_obtained":[{"floor":1,"key":"SteroidPotion"},{"floor":3,"key":"Explosive Potion"},{"floor":11,"key":"Regen Potion"},{"floor":14,"key":"GamblersBrew"}],"is_trial":false,"path_per_floor":["M","M","?","M","M","R","E","R","T","R","E","R","M","M","R","B"],"character_chosen":"THE_SILENT","items_purchased":[],"campfire_rested":2,"item_purchase_floors":[],"current_hp_per_floor":[57,57,57,53,42,42,17,17,17,37,7,27,37,38,38,0],"gold":157,"neow_bonus":"TRANSFORM_TWO_CARDS","is_prod":false,"is_daily":false,"chose_seed":false,"campfire_upgraded":3,"win_rate":0,"timestamp":1562970255,"path_taken":["M","M","?","M","M","R","E","R","T","R","E","R","M","M","R","BOSS"],"build_version":"2019-07-10","purchased_purges":0,"victory":false,"max_hp_per_floor":[66,66,66,66,66,66,68,68,68,68,68,68,68,70,70,70],"card_choices":[{"not_picked":["Dodge and Roll","Backflip"],"picked":"Crippling Poison","floor":1},{"not_picked":["Backflip","Escape Plan","Acrobatics"],"picked":"SKIP","floor":2},{"not_picked":["Deflect","Underhanded Strike"],"picked":"Acrobatics","floor":4},{"not_picked":["Slice","Dodge and Roll"],"picked":"Dagger Throw","floor":5},{"not_picked":["Deflect","Cloak And Dagger","Heel Hook"],"picked":"Singing Bowl","floor":7},{"not_picked":["Bane","Cloak And Dagger"],"picked":"After Image","floor":11},{"not_picked":["Reflex","Sucker Punch"],"picked":"All Out Attack","floor":13},{"not_picked":["Slice","All Out Attack","Quick Slash"],"picked":"Singing Bowl","floor":14}],"player_experience":1681331,"relics_obtained":[{"floor":7,"key":"Singing Bowl"},{"floor":9,"key":"Gremlin Horn"},{"floor":11,"key":"Sundial"}],"event_choices":[{"damage_healed":0,"gold_gain":0,"player_choice":"Got Potions","damage_taken":0,"max_hp_gain":0,"max_hp_loss":0,"event_name":"Lab","floor":3,"gold_loss":0}],"is_beta":true,"boss_relics":[],"items_purged_floors":[],"is_endless":false,"potions_floor_spawned":[1,11,14],"killed_by":"The Guardian","ascension_level":20}