{"gold_per_floor":[112,128,139,158,158,158,158,158,158,158,177,127,302,53,53,53],"floor_reached":16,"playtime":1308,"items_purged":["Doubt"],"score":140,"play_id":"250be336-1ccb-4c39-bcdd-e144404d5669","local_time":"20190706063542","is_ascension_mode":true,"campfire_choices":[{"data":"Body Slam","floor":6.0,"key":"SMITH"},{"data":"Headbutt","floor":8.0,"key":"SMITH"},{"data":"Whirlwind","floor":15,"key":"SMITH"}],"neow_cost":"NONE","seed_source_timestamp":1924803331651702,"circlet_count":0,"master_deck":["AscendersBane","Strike_R","Strike_R","Strike_R","Strike_R","Defend_R","Defend_R","Defend_R","Defend_R","Bash","Intimidate","Headbutt+1","Body Slam+1","Battle Trance","Whirlwind+1","Iron Wave"],"special_seed":0,"relics":["Burning Blood","Gremlin Horn","Kunai","Golden Idol","Vajra"],"potions_floor_usage":[],"damage_taken":[{"damage":1.0,"enemies":"Cultist","floor":1.0,"turns":3.0},{"damage":0.0,"enemies":"2 Louse","floor":2.0,"turns":1.0},{"damage":6.0,"enemies":"Jaw Worm","floor":3.0,"turns":3.0},{"damage":10.0,"enemies":"Blue Slaver","floor":4.0,"turns":5.0},{"damage":2,"enemies":"Exordium Wildlife","floor":11,"turns":4},{"damage":67,"enemies":"Hexaghost","floor":16,"turns":9}],"seed_played":"-7382742370043139009","potions_obtained":[{"floor":1.0,"key":"Explosive Potion"},{"floor":11,"key":"Energy Potion"}],"is_trial":false,"path_per_floor":["M","M","M","M","$","R","?","R","T","?","M","?","?","$","R","B"],"character_chosen":"IRONCLAD","items_purchased":["Vajra","Iron Wave"],"campfire_rested":0,"item_purchase_floors":[14,14],"current_hp_per_floor":[85,88,88,84,84,84,81,81,81,59,63,63,63,63,63,0],"gold":53,"neow_bonus":"TEN_PERCENT_HP_BONUS","is_prod":false,"is_daily":false,"chose_seed":false,"campfire_upgraded":3,"win_rate":0,"timestamp":1562409342,"path_taken":["M","M","?","M","$","R","?","R","T","?","M","?","?","$","R","BOSS"],"build_version":"2019-07-05","purchased_purges":1,"victory":false,"max_hp_per_floor":[88,88,88,88,88,88,88,88,88,88,88,88,88,88,88,88],"card_choices":[{"not_picked":["Sever Soul","Clash"],"picked":"Intimidate","floor":1.0},{"not_picked":["Dropkick","Entrench"],"picked":"Headbutt","floor":2.0},{"not_picked":["Cleave","Perfected Strike"],"picked":"Body Slam","floor":3.0},{"not_picked":["Clash","Thunderclap"],"picked":"Battle Trance","floor":4.0},{"not_picked":["Clothesline","Heavy Blade"],"picked":"Whirlwind","floor":11}],"player_experience":392514,"relics_obtained":[{"floor":9.0,"key":"Kunai"}],"event_choices":[{"damage_healed":0.0,"max_hp_gain":0.0,"max_hp_loss":0.0,"gold_gain":0.0,"event_name":"Scrap Ooze","player_choice":"Success","floor":7.0,"gold_loss":0.0,"damage_taken":3.0,"relics_obtained":["Gremlin Horn"]},{"damage_healed":0.0,"max_hp_gain":0.0,"max_hp_loss":0.0,"gold_gain":0.0,"event_name":"Golden Idol","player_choice":"Take Damage","floor":10.0,"gold_loss":0.0,"damage_taken":22.0,"relics_obtained":["Golden Idol"]},{"cards_removed":["Strike_R"],"damage_healed":0,"gold_gain":0,"player_choice":"Card Removal","damage_taken":0,"max_hp_gain":0,"max_hp_loss":0,"event_name":"The Cleric","floor":12,"gold_loss":50},{"damage_healed":0,"gold_gain":175,"player_choice":"AGREE","damage_taken":0,"max_hp_gain":0,"max_hp_loss":0,"event_name":"Liars Game","floor":13,"gold_loss":0,"cards_obtained":["Doubt"]}],"is_beta":false,"boss_relics":[],"items_purged_floors":[14],"is_endless":false,"potions_floor_spawned":[1,11],"killed_by":"Hexaghost","ascension_level":11}