{"gold_per_floor":[366,382,382,382,394,394,423,423,423,423,437,437,451,26,26,26],"floor_reached":16,"playtime":665,"items_purged":["Regret"],"score":100,"play_id":"ef5f9b23-f4c1-4cb7-9a48-9791f1c68564","local_time":"20190703232351","is_ascension_mode":false,"campfire_choices":[{"data":"Cleave","floor":6,"key":"SMITH"},{"data":"Demon Form","floor":8,"key":"SMITH"},{"data":"Combust","floor":10,"key":"SMITH"},{"data":"Twin Strike","floor":12,"key":"SMITH"},{"floor":15,"key":"REST"}],"neow_cost":"PERCENT_DAMAGE","seed_source_timestamp":367224484256078,"circlet_count":0,"master_deck":["Strike_R","Strike_R","Strike_R","Strike_R","Strike_R","Defend_R","Defend_R","Defend_R","Defend_R","Bash","Combust+1","Cleave+1","Twin Strike+1","Demon Form+1","Sever Soul","Second Wind","Feel No Pain+1","Rampage"],"relics":["Burning Blood","Paper Frog","Unceasing Top","Strawberry","Anchor","Frozen Egg 2"],"potions_floor_usage":[],"damage_taken":[{"damage":1,"enemies":"Cultist","floor":1,"turns":3},{"damage":5,"enemies":"Small Slimes","floor":2,"turns":4},{"damage":12,"enemies":"Jaw Worm","floor":5,"turns":4},{"damage":32,"enemies":"3 Sentries","floor":7,"turns":5},{"damage":25,"enemies":"Exordium Thugs","floor":11,"turns":5},{"damage":3,"enemies":"3 Louse","floor":13,"turns":2},{"damage":59,"enemies":"The Guardian","floor":16,"turns":7}],"seed_played":"-1337705843479871374","potions_obtained":[{"floor":2,"key":"FairyPotion"},{"floor":5,"key":"Weak Potion"}],"is_trial":false,"path_per_floor":["M","M","T","?","M","R","E","R","T","R","M","R","M","$","R","B"],"character_chosen":"IRONCLAD","items_purchased":["Frozen Egg 2","Feel No Pain+1","Rampage"],"campfire_rested":1,"item_purchase_floors":[14,14,14],"current_hp_per_floor":[61,62,62,62,56,56,37,37,37,37,18,18,21,21,47,0],"gold":26,"neow_bonus":"TWO_FIFTY_GOLD","is_prod":false,"is_daily":false,"chose_seed":false,"campfire_upgraded":4,"win_rate":0.0,"timestamp":1562163831,"path_taken":["M","M","?","?","M","R","E","R","T","R","M","R","M","$","R","BOSS"],"build_version":"2019-07-01","purchased_purges":1,"victory":false,"max_hp_per_floor":[80,80,80,80,80,80,87,87,87,87,87,87,87,87,87,87],"card_choices":[{"not_picked":["Sword Boomerang","Thunderclap"],"picked":"Combust","floor":1},{"not_picked":["Combust","Shrug It Off"],"picked":"Cleave","floor":2},{"not_picked":["Fire Breathing","Pommel Strike"],"picked":"Twin Strike","floor":5},{"not_picked":["Dual Wield","Headbutt"],"picked":"Demon Form","floor":7},{"not_picked":["Twin Strike","Corruption"],"picked":"Sever Soul","floor":11},{"not_picked":["Perfected Strike","Battle Trance"],"picked":"Second Wind","floor":13}],"player_experience":16214,"relics_obtained":[{"floor":3,"key":"Paper Frog"},{"floor":7,"key":"Strawberry"},{"floor":9,"key":"Anchor"}],"event_choices":[{"damage_healed":0,"gold_gain":0,"player_choice":"Box","damage_taken":0,"relics_obtained":["Unceasing Top"],"max_hp_gain":0,"max_hp_loss":0,"event_name":"Big Fish","floor":4,"gold_loss":0,"cards_obtained":["Regret"]}],"is_beta":false,"boss_relics":[],"items_purged_floors":[14],"is_endless":false,"potions_floor_spawned":[2,5],"killed_by":"The Guardian","ascension_level":0}