{"gold_per_floor":[117,117,136,6,21,21,53,53,79,99,99,134,134,149,149,149],"floor_reached":16,"playtime":636,"items_purged":["Strike_B"],"score":220,"play_id":"c8300cad-ec2f-4bc7-9fe4-3796cbe4de20","local_time":"20190529213451","is_ascension_mode":true,"campfire_choices":[{"floor":6,"key":"REST"},{"data":"Turbo","floor":8,"key":"SMITH"},{"floor":11,"key":"REST"},{"floor":13,"key":"REST"},{"data":"Zap","floor":15,"key":"SMITH"}],"neow_cost":"NONE","seed_source_timestamp":60731012321077,"circlet_count":0,"master_deck":["AscendersBane","Strike_B","Strike_B","Strike_B","Defend_B","Defend_B","Defend_B","Defend_B","Zap+1","Dualcast+1","Meteor Strike","Glacier+1","Turbo+1","Doom and Gloom","Echo Form","Steam","Loop","Loop"],"relics":["Cracked Core","Bronze Scales","War Paint","DataDisk"],"potions_floor_usage":[7,16],"damage_taken":[{"damage":7,"enemies":"Small Slimes","floor":1,"turns":3},{"damage":6,"enemies":"Jaw Worm","floor":3,"turns":8},{"damage":0,"enemies":"2 Louse","floor":5,"turns":3},{"damage":16,"enemies":"Lagavulin","floor":7,"turns":8},{"damage":12,"enemies":"Looter","floor":10,"turns":3},{"damage":32,"enemies":"Gremlin Nob","floor":12,"turns":4},{"damage":3,"enemies":"Blue Slaver","floor":14,"turns":3},{"damage":27,"enemies":"Hexaghost","floor":16,"turns":9}],"seed_played":"-9158088847860022260","potions_obtained":[{"floor":1,"key":"Poison Potion"},{"floor":5,"key":"Strength Potion"}],"is_trial":false,"path_per_floor":["M","?","M","$","M","R","E","R","T","M","R","E","R","M","R","B"],"character_chosen":"DEFECT","items_purchased":["FearPotion"],"campfire_rested":3,"item_purchase_floors":[4],"current_hp_per_floor":[57,31,25,25,25,46,30,30,30,18,39,7,28,25,25,0],"gold":149,"neow_bonus":"ONE_RANDOM_RARE_CARD","is_prod":false,"is_daily":false,"chose_seed":false,"campfire_upgraded":2,"win_rate":0,"timestamp":1559183691,"path_taken":["M","?","M","$","M","R","E","R","T","M","R","E","R","M","R","BOSS"],"build_version":"2019-01-23","purchased_purges":1,"victory":false,"max_hp_per_floor":[71,71,71,71,71,71,71,71,71,71,71,71,71,71,71,71],"card_choices":[{"not_picked":["Recycle","White Noise"],"picked":"Glacier","floor":1},{"not_picked":["Coolheaded","Gash"],"picked":"Turbo","floor":3},{"not_picked":["Steam","BootSequence"],"picked":"Doom and Gloom","floor":5},{"not_picked":["Ball Lightning","Aggregate"],"picked":"Echo Form","floor":7},{"not_picked":["Doom and Gloom","Steam Power"],"picked":"Steam","floor":10},{"not_picked":["Stack","Cold Snap"],"picked":"Loop","floor":12},{"not_picked":["Doom and Gloom","White Noise"],"picked":"Loop","floor":14}],"player_experience":1598934,"relics_obtained":[{"floor":7,"key":"Bronze Scales"},{"floor":9,"key":"War Paint"},{"floor":12,"key":"DataDisk"}],"event_choices":[{"damage_healed":0,"gold_gain":0,"player_choice":"Fled","damage_taken":26,"max_hp_gain":0,"max_hp_loss":0,"event_name":"Scrap Ooze","floor":2,"gold_loss":0}],"is_beta":false,"boss_relics":[],"items_purged_floors":[4],"is_endless":false,"potions_floor_spawned":[1,5],"killed_by":"Hexaghost","ascension_level":20}