{"gold_per_floor":[363,112,112,126,190,224,224,241,241,260,310,413,428,478,478,573,573,590,640,64,82,132,132,166,166,218,230,242,16,16,66,66,171,171,188,207,89,139,189,215,215,242,242,258,286,346,496,546,546,546],"floor_reached":51,"playtime":8599,"items_purged":["Strike_B"],"score":972,"play_id":"e7708fc8-6772-4b83-8e00-d1655578f529","local_time":"20190711193808","is_ascension_mode":true,"campfire_choices":[{"floor":7.0,"key":"REST"},{"data":"Buffer","floor":15.0,"key":"SMITH"},{"data":"Seek","floor":23.0,"key":"SMITH"},{"data":"Thinking Ahead","floor":25.0,"key":"SMITH"},{"data":"Go for the Eyes","floor":30.0,"key":"SMITH"},{"data":"Melter","floor":32.0,"key":"SMITH"},{"data":"Gash","floor":41.0,"key":"SMITH"},{"data":"Defragment","floor":49,"key":"SMITH"}],"neow_cost":"TEN_PERCENT_HP_LOSS","seed_source_timestamp":129850079900704,"circlet_count":0,"master_deck":["Strike_B+1","Strike_B+1","Strike_B+1","Defend_B+1","Defend_B+1","Defend_B+1","Dualcast","Melter+1","Conserve Battery","Ball Lightning","Turbo+1","Chill","Go for the Eyes+1","FTL","Genetic Algorithm","Gash+1","Buffer+1","Seek+1","Hologram+1","Hologram+1","Thinking Ahead+1","Skim","Sweeping Beam+1","Leap+1","Conserve Battery+1","Fission+1","Seek+1","Gash+1","Glacier+1","White Noise+1","Streamline+1","Cold Snap+1","Fission+1","Seek+1","Ball Lightning+1","Defragment+1"],"special_seed":0,"relics":["FrozenCore","Happy Flower","SsserpentHead","Dream Catcher","Regal Pillow","Meat on the Bone","Bag of Preparation","ClockworkSouvenir","PreservedInsect","MutagenicStrength","Toxic Egg 2","DataDisk","War Paint","Bottled Lightning","Black Star","Emotion Chip","Centennial Puzzle","Shovel","Pantograph","Calipers","Bronze Scales","Boot","Bird Faced Urn"],"potions_floor_usage":[50,50,50,50,50,50],"damage_taken":[{"damage":6.0,"enemies":"Jaw Worm","floor":1.0,"turns":3.0},{"damage":0.0,"enemies":"Cultist","floor":4.0,"turns":3.0},{"damage":3.0,"enemies":"Small Slimes","floor":5.0,"turns":3.0},{"damage":15.0,"enemies":"3 Sentries","floor":6.0,"turns":6.0},{"damage":5.0,"enemies":"Blue Slaver","floor":8.0,"turns":3.0},{"damage":0.0,"enemies":"2 Fungi Beasts","floor":10.0,"turns":3.0},{"damage":1.0,"enemies":"Red Slaver","floor":13.0,"turns":3.0},{"damage":4.0,"enemies":"Slime Boss","floor":16.0,"turns":10.0},{"damage":0.0,"enemies":"Spheric Guardian","floor":18.0,"turns":3.0},{"damage":0.0,"enemies":"3 Byrds","floor":21.0,"turns":6.0},{"damage":0.0,"enemies":"Slavers","floor":24.0,"turns":5.0},{"damage":0.0,"enemies":"Snake Plant","floor":27.0,"turns":4.0},{"damage":0.0,"enemies":"Chosen and Byrds","floor":28.0,"turns":4.0},{"damage":0.0,"enemies":"Champ","floor":33.0,"turns":13.0},{"damage":0.0,"enemies":"3 Darklings","floor":35.0,"turns":3.0},{"damage":0.0,"enemies":"Orb Walker","floor":36.0,"turns":2.0},{"damage":0.0,"enemies":"Nemesis","floor":40.0,"turns":7.0},{"damage":5.0,"enemies":"Reptomancer","floor":42.0,"turns":6.0},{"damage":19,"enemies":"Transient","floor":44,"turns":5},{"damage":0,"enemies":"Giant Head","floor":45,"turns":7},{"damage":0,"enemies":"Spire Growth","floor":46,"turns":3},{"damage":0,"enemies":"Mind Bloom Boss Battle","floor":47,"turns":5},{"damage":0,"enemies":"Donu and Deca","floor":50,"turns":9}],"seed_played":"3726915091891854535","potions_obtained":[{"floor":1.0,"key":"Poison Potion"},{"floor":6.0,"key":"EntropicBrew"},{"floor":13.0,"key":"FocusPotion"},{"floor":18.0,"key":"Dexterity Potion"},{"floor":33.0,"key":"Swift Potion"},{"floor":35.0,"key":"Strength Potion"}],"is_trial":false,"path_per_floor":["M","$","?","M","M","E","R","M","T","M","T","T","M","?","R","B",null,"M","?","$","M","?","R","E","R","T","M","M","$","R","T","R","B",null,"M","M","$","?","?","E","R","E","T","M","E","M","?","?","R","B",null],"character_chosen":"DEFECT","items_purchased":["Conserve Battery","Happy Flower","ClockworkSouvenir","Hologram","Thinking Ahead","PreservedInsect","Fission+1","War Paint","Glacier+1","White Noise+1"],"campfire_rested":1,"item_purchase_floors":[2,2,20,20,20,20,29,29,37,37],"current_hp_per_floor":[62,62,62,62,59,44,64,59,59,59,59,59,58,58,58,54,68,68,68,68,68,68,68,68,68,68,68,68,68,68,68,68,68,68,68,68,68,68,68,68,68,63,63,44,44,44,68,65,65,65],"gold":546,"neow_bonus":"TWO_FIFTY_GOLD","is_prod":false,"is_daily":false,"chose_seed":false,"campfire_upgraded":7,"win_rate":0,"timestamp":1562888288,"path_taken":["M","$","?","M","?","E","R","M","T","M","?","?","M","?","R","BOSS","M","?","$","M","?","R","E","R","T","M","M","$","R","?","R","BOSS","M","M","$","?","?","E","R","E","T","M","E","?","?","?","R","BOSS"],"build_version":"2019-07-05","purchased_purges":1,"victory":true,"max_hp_per_floor":[68,68,68,68,68,68,68,68,68,68,68,68,68,68,68,68,68,68,68,68,68,68,68,68,68,68,68,68,68,68,68,68,68,68,68,68,68,68,68,68,68,68,68,68,68,68,68,65,65,65],"card_choices":[{"not_picked":["Lockon","BootSequence"],"picked":"Melter","floor":1.0},{"not_picked":["Capacitor","Conserve Battery"],"picked":"Ball Lightning","floor":4.0},{"not_picked":["Steam","Streamline"],"picked":"Turbo","floor":5.0},{"not_picked":["Turbo","Hello World"],"picked":"Chill","floor":6.0},{"not_picked":["Rebound","Auto Shields"],"picked":"Go for the Eyes","floor":7.0},{"not_picked":["Redo","Steam"],"picked":"FTL","floor":8.0},{"not_picked":["Go for the Eyes","Steam"],"picked":"Genetic Algorithm","floor":10.0},{"not_picked":["Steam Power","Tempest"],"picked":"Gash","floor":13.0},{"not_picked":["Multi-Cast","Core Surge"],"picked":"Seek","floor":16.0},{"not_picked":["Loop","Chill"],"picked":"Hologram+1","floor":18.0},{"not_picked":["Static Discharge","Turbo"],"picked":"Skim","floor":21.0},{"not_picked":["Reprogram","Consume"],"picked":"Sweeping Beam+1","floor":24.0},{"not_picked":["Redo+1","Tempest+1"],"picked":"Leap+1","floor":27.0},{"not_picked":["Beam Cell","Cold Snap"],"picked":"Conserve Battery+1","floor":28.0},{"not_picked":["Core Surge","Fission+1"],"picked":"Seek+1","floor":33.0},{"not_picked":["Loop+1","FTL"],"picked":"Gash+1","floor":35.0},{"not_picked":["Rebound","Recycle+1","Aggregate+1"],"picked":"SKIP","floor":36.0},{"not_picked":["Melter","Steam Power+1"],"picked":"Streamline+1","floor":40.0},{"not_picked":["Blizzard","Sweeping Beam"],"picked":"Cold Snap+1","floor":42.0},{"not_picked":["Lockon","Barrage+1"],"picked":"Fission+1","floor":44},{"not_picked":["Glacier+1","Redo+1"],"picked":"Seek+1","floor":45},{"not_picked":["Stack+1","Turbo+1"],"picked":"Ball Lightning+1","floor":46},{"not_picked":["Sunder+1","Sweeping Beam"],"picked":"Defragment","floor":47}],"player_experience":460477,"relics_obtained":[{"floor":6.0,"key":"Dream Catcher"},{"floor":9.0,"key":"Regal Pillow"},{"floor":11.0,"key":"Meat on the Bone"},{"floor":12.0,"key":"Bag of Preparation"},{"floor":24.0,"key":"Toxic Egg 2"},{"floor":26.0,"key":"DataDisk"},{"floor":31.0,"key":"Bottled Lightning"},{"floor":40.0,"key":"Emotion Chip"},{"floor":40.0,"key":"Centennial Puzzle"},{"floor":42.0,"key":"Shovel"},{"floor":42.0,"key":"Pantograph"},{"floor":43.0,"key":"Calipers"},{"floor":45,"key":"Bronze Scales"},{"floor":45,"key":"Boot"},{"floor":47,"key":"Bird Faced Urn"}],"event_choices":[{"damage_healed":0.0,"max_hp_gain":0.0,"max_hp_loss":0.0,"gold_gain":0.0,"event_name":"FaceTrader","player_choice":"Trade","floor":3.0,"gold_loss":0.0,"damage_taken":0.0,"relics_obtained":["SsserpentHead"]},{"damage_healed":0.0,"max_hp_gain":0.0,"max_hp_loss":0.0,"gold_gain":0.0,"cards_transformed":["Defend_B"],"event_name":"Living Wall","player_choice":"Change","floor":14.0,"gold_loss":0.0,"damage_taken":0.0,"cards_obtained":["Buffer"]},{"damage_healed":0.0,"max_hp_gain":0.0,"max_hp_loss":0.0,"gold_gain":0.0,"event_name":"Back to Basics","player_choice":"Simplicity","floor":19.0,"gold_loss":0.0,"damage_taken":0.0,"cards_upgraded":["Strike_B","Strike_B","Strike_B","Defend_B","Defend_B","Defend_B"]},{"damage_healed":0.0,"max_hp_gain":0.0,"max_hp_loss":0.0,"gold_gain":0.0,"event_name":"Drug Dealer","player_choice":"Inject Mutagens","floor":22.0,"gold_loss":0.0,"damage_taken":0.0,"relics_obtained":["MutagenicStrength"]},{"damage_healed":0.0,"max_hp_gain":0.0,"max_hp_loss":0.0,"gold_gain":0.0,"event_name":"Tomb of Lord Red Mask","player_choice":"Ignored","floor":38.0,"gold_loss":0.0,"damage_taken":0.0},{"cards_removed":["Zap"],"damage_healed":0.0,"max_hp_gain":0.0,"max_hp_loss":0.0,"gold_gain":0.0,"event_name":"Bonfire Elementals","player_choice":"Offered Basic","floor":39.0,"gold_loss":0.0,"damage_taken":0.0},{"damage_healed":0,"gold_gain":0,"player_choice":"Fight","damage_taken":0,"max_hp_gain":0,"max_hp_loss":0,"event_name":"MindBloom","floor":47,"gold_loss":0},{"damage_healed":0,"gold_gain":0,"player_choice":"Max HP","damage_taken":0,"max_hp_gain":0,"max_hp_loss":3,"event_name":"Winding Halls","floor":48,"gold_loss":0}],"is_beta":false,"boss_relics":[{"not_picked":["Busted Crown","Calling Bell"],"picked":"FrozenCore"},{"not_picked":["Velvet Choker","Runic Pyramid"],"picked":"Black Star"}],"items_purged_floors":[2],"is_endless":false,"potions_floor_spawned":[1,6,13,18,21,33,35,44,45],"ascension_level":1}