{"gold_per_floor":[367,367,384,396,396,396,425,425,449,449,449,472,397,103,103,201,201,226,226,39,59,82,94,146,158,170,457,469,495,522,550,562,574],"floor_reached":33,"playtime":1678,"items_purged":["Strike_B"],"score":551,"play_id":"26de3c00-c249-46ef-8a6f-b232445cb8e4","local_time":"20190609183047","is_ascension_mode":true,"campfire_choices":[{"floor":6,"key":"REST"},{"floor":8,"key":"REST"},{"data":"Zap","floor":10,"key":"SMITH"},{"data":"Capacitor","floor":15,"key":"SMITH"},{"floor":23,"key":"REST"},{"data":"Buffer","floor":25,"key":"SMITH"},{"floor":28,"key":"REST"},{"floor":32,"key":"REST"}],"neow_cost":"PERCENT_DAMAGE","seed_source_timestamp":999044468095853,"circlet_count":0,"master_deck":["AscendersBane","Zap+1","Dualcast","Gash","Coolheaded+1","Seek","Glacier","Conserve Battery","Capacitor+1","Reinforced Body","Buffer+1","Recycle","Compile Driver","Consume","Go for the Eyes","Static Discharge","Blizzard","Static Discharge","Conserve Battery+1","Defragment","Melter","Regret","Force Field","Genetic Algorithm","Loop","Ball Lightning"],"relics":["Cracked Core","Dream Catcher","Lantern","Art of War","Golden Idol","ClockworkSouvenir","Pandora\u0027s Box","Centennial Puzzle","MawBank","War Paint","Letter Opener"],"potions_floor_usage":[7,21,24,24,31,33],"damage_taken":[{"damage":9,"enemies":"2 Louse","floor":1,"turns":2},{"damage":9,"enemies":"Small Slimes","floor":3,"turns":3},{"damage":0,"enemies":"Cultist","floor":4,"turns":3},{"damage":14,"enemies":"Lagavulin","floor":7,"turns":12},{"damage":4,"enemies":"Exordium Thugs","floor":12,"turns":7},{"damage":20,"enemies":"The Guardian","floor":16,"turns":17},{"damage":29,"enemies":"2 Thieves","floor":18,"turns":5},{"damage":2,"enemies":"Shell Parasite","floor":21,"turns":11},{"damage":14,"enemies":"Gremlin Leader","floor":24,"turns":7},{"damage":27,"enemies":"Shelled Parasite and Fungi","floor":29,"turns":6},{"damage":9,"enemies":"Snake Plant","floor":30,"turns":6},{"damage":3,"enemies":"Sentry and Sphere","floor":31,"turns":8},{"damage":33,"enemies":"Automaton","floor":33,"turns":6}],"seed_played":"2537296705451572401","potions_obtained":[{"floor":3,"key":"Swift Potion"},{"floor":4,"key":"Fire Potion"},{"floor":12,"key":"Fire Potion"},{"floor":21,"key":"LiquidBronze"},{"floor":29,"key":"FocusPotion"},{"floor":30,"key":"Energy Potion"}],"is_trial":false,"path_per_floor":["M","?","M","M","?","R","E","R","T","R","?","M","?","$","R","B",null,"M","?","$","M","T","R","E","R","T","?","R","M","M","M","R","B"],"character_chosen":"DEFECT","items_purchased":["ClockworkSouvenir","Centennial Puzzle","Conserve Battery"],"campfire_rested":5,"item_purchase_floors":[14,20,20],"current_hp_per_floor":[37,32,23,23,2,23,9,30,30,30,30,26,26,26,26,6,50,21,21,21,19,19,38,24,24,24,24,43,16,7,4,23,0],"gold":574,"neow_bonus":"TWO_FIFTY_GOLD","is_prod":false,"is_daily":false,"chose_seed":false,"campfire_upgraded":3,"win_rate":0,"timestamp":1560123047,"path_taken":["M","?","M","M","?","R","E","R","T","R","?","M","?","$","R","BOSS","M","?","$","?","?","R","E","R","T","?","R","M","M","M","R","BOSS"],"build_version":"2019-01-23","purchased_purges":1,"victory":false,"max_hp_per_floor":[71,71,71,71,71,71,71,71,71,71,64,64,64,64,64,64,64,64,64,64,64,64,64,64,64,64,64,64,64,64,64,64,64],"card_choices":[{"not_picked":["Reprogram","Loop"],"picked":"Gash","floor":1},{"not_picked":["Streamline","Sweeping Beam"],"picked":"Coolheaded","floor":3},{"not_picked":["White Noise","Cold Snap"],"picked":"Seek","floor":4},{"not_picked":["Capacitor","Hologram"],"picked":"Glacier","floor":6},{"not_picked":["Seek","Hologram"],"picked":"Conserve Battery","floor":7},{"not_picked":["Steam Power","Skim"],"picked":"Capacitor","floor":8},{"not_picked":["Leap","Redo"],"picked":"Reinforced Body","floor":12},{"not_picked":["Hyperbeam","Rainbow"],"picked":"Buffer","floor":16},{"not_picked":["Auto Shields","Stack"],"picked":"Blizzard","floor":18},{"not_picked":["Reprogram","Streamline","Rebound"],"picked":"SKIP","floor":21},{"not_picked":["Go for the Eyes","Conserve Battery"],"picked":"Defragment","floor":23},{"not_picked":["Barrage","Leap"],"picked":"Melter","floor":24},{"not_picked":["Reprogram","Heatsinks+1"],"picked":"Force Field","floor":28},{"not_picked":["Aggregate+1","Streamline","Leap"],"picked":"SKIP","floor":29},{"not_picked":["Auto Shields","Consume"],"picked":"Genetic Algorithm","floor":30},{"not_picked":["Beam Cell","Leap"],"picked":"Loop","floor":31},{"not_picked":["White Noise","Go for the Eyes"],"picked":"Ball Lightning","floor":32}],"player_experience":1733276,"relics_obtained":[{"floor":7,"key":"Lantern"},{"floor":9,"key":"Art of War"},{"floor":22,"key":"MawBank"},{"floor":24,"key":"War Paint"},{"floor":26,"key":"Letter Opener"}],"event_choices":[{"damage_healed":0,"gold_gain":0,"player_choice":"Success","damage_taken":5,"relics_obtained":["Dream Catcher"],"max_hp_gain":0,"max_hp_loss":0,"event_name":"Scrap Ooze","floor":2,"gold_loss":0},{"damage_healed":0,"gold_gain":0,"player_choice":"Entered Light","damage_taken":21,"max_hp_gain":0,"max_hp_loss":0,"event_name":"Shining Light","floor":5,"gold_loss":0,"cards_upgraded":["Defend_B","Defend_B"]},{"damage_healed":0,"gold_gain":0,"player_choice":"Lose Max HP","damage_taken":0,"relics_obtained":["Golden Idol"],"max_hp_gain":0,"max_hp_loss":7,"event_name":"Golden Idol","floor":11,"gold_loss":0},{"cards_removed":["Strike_B"],"damage_healed":0,"gold_gain":0,"player_choice":"Card Removal","damage_taken":0,"max_hp_gain":0,"max_hp_loss":0,"event_name":"The Cleric","floor":13,"gold_loss":75},{"damage_healed":0,"gold_gain":0,"cards_transformed":["Thunder Strike"],"player_choice":"Transformed","damage_taken":0,"max_hp_gain":0,"max_hp_loss":0,"event_name":"Transmorgrifier","floor":19,"gold_loss":0,"cards_obtained":["Static Discharge"]},{"damage_healed":0,"gold_gain":275,"player_choice":"Desecrate","damage_taken":0,"max_hp_gain":0,"max_hp_loss":0,"event_name":"Golden Shrine","floor":27,"gold_loss":0,"cards_obtained":["Regret"]}],"is_beta":false,"boss_relics":[{"not_picked":["FrozenCore","Sozu"],"picked":"Pandora\u0027s Box"}],"items_purged_floors":[14],"is_endless":false,"potions_floor_spawned":[3,4,12,16,21,29,30],"killed_by":"Automaton","ascension_level":20}