{"gold_per_floor":[112,123,148,159,159,186,196,196,221,241,241,276,276,287,287,361,361,378,378,293,85,135,170,170,170,170,198,198,228,246,264,264,337,337,350,350,366,383,393,424,471,497,521,521],"floor_reached":44,"playtime":1744,"items_purged":["Strike_R+1"],"score":1093,"play_id":"4a9f46da-ae10-425c-82f3-0a92a9455656","local_time":"20190630173656","is_ascension_mode":true,"campfire_choices":[{"data":"Carnage","floor":8.0,"key":"SMITH"},{"data":"Bash","floor":11.0,"key":"SMITH"},{"floor":13.0,"key":"REST"},{"floor":15.0,"key":"REST"},{"floor":25.0,"key":"REST"},{"floor":32,"key":"REST"}],"neow_cost":"NONE","seed_source_timestamp":541505775985770,"circlet_count":0,"master_deck":["AscendersBane","Strike_R+1","Strike_R+1","Strike_R+1","Defend_R+1","Defend_R+1","Defend_R+1","Defend_R+1","Bash+1","Shrug It Off","Evolve","Headbutt","Carnage+1","Headbutt","Offering","Shrug It Off","Bludgeon","Carnage","Corruption","Clothesline","Havoc","Searing Blow","Impervious","Offering","Carnage+1","Thunderclap+1","Fiend Fire+1","Uppercut+1","Flame Barrier+1","Pommel Strike+1","True Grit","Rampage+1","Shame"],"special_seed":0,"relics":["Burning Blood","NeowsBlessing","Juzu Bracelet","Art of War","War Paint","Odd Mushroom","Darkstone Periapt","Snecko Eye","Turnip","Happy Flower","Molten Egg 2","Strawberry","Orichalcum","Cursed Key","Pantograph","Unceasing Top","Lantern"],"potions_floor_usage":[27,31,33,40,41,44,44],"damage_taken":[{"damage":0.0,"enemies":"Cultist","floor":1.0,"turns":1.0},{"damage":0.0,"enemies":"Small Slimes","floor":2.0,"turns":1.0},{"damage":0.0,"enemies":"2 Louse","floor":4.0,"turns":2.0},{"damage":37.0,"enemies":"Gremlin Nob","floor":6.0,"turns":5.0},{"damage":9.0,"enemies":"Looter","floor":7.0,"turns":4.0},{"damage":13.0,"enemies":"The Mushroom Lair","floor":10.0,"turns":4.0},{"damage":32.0,"enemies":"Lagavulin","floor":12.0,"turns":4.0},{"damage":2.0,"enemies":"Exordium Wildlife","floor":14.0,"turns":5.0},{"damage":47.0,"enemies":"Slime Boss","floor":16.0,"turns":10.0},{"damage":4.0,"enemies":"Spheric Guardian","floor":18.0,"turns":4.0},{"damage":63.0,"enemies":"Gremlin Leader","floor":23.0,"turns":7.0},{"damage":10,"enemies":"Slavers","floor":27,"turns":4},{"damage":28,"enemies":"Gremlin Leader","floor":29,"turns":4},{"damage":0,"enemies":"2 Thieves","floor":30,"turns":3},{"damage":6,"enemies":"Snake Plant","floor":31,"turns":2},{"damage":49,"enemies":"Automaton","floor":33,"turns":7},{"damage":6,"enemies":"3 Shapes","floor":35,"turns":3},{"damage":0,"enemies":"Orb Walker","floor":37,"turns":2},{"damage":10,"enemies":"Jaw Worm Horde","floor":38,"turns":4},{"damage":4,"enemies":"Writhing Mass","floor":39,"turns":4},{"damage":48,"enemies":"Nemesis","floor":40,"turns":5},{"damage":12,"enemies":"2 Orb Walkers","floor":41,"turns":3},{"damage":14,"enemies":"Reptomancer","floor":42,"turns":4},{"damage":48,"enemies":"Nemesis","floor":44,"turns":4}],"seed_played":"-7577625899383801297","potions_obtained":[{"floor":4.0,"key":"Weak Potion"},{"floor":6.0,"key":"GamblersBrew"},{"floor":14.0,"key":"SkillPotion"},{"floor":16.0,"key":"Dexterity Potion"},{"floor":27,"key":"Fruit Juice"},{"floor":30,"key":"Weak Potion"},{"floor":31,"key":"Swift Potion"},{"floor":35,"key":"FearPotion"},{"floor":40,"key":"AttackPotion"},{"floor":41,"key":"AttackPotion"}],"is_trial":false,"path_per_floor":["M","M","T","M","?","E","M","R","T","?","R","E","R","M","R","B",null,"M","?","?","$","?","E","?","R","T","E","?","E","M","M","R","B",null,"M","?","M","M","M","E","?","E","T","E"],"character_chosen":"IRONCLAD","items_purchased":["Corruption","Clothesline"],"campfire_rested":4,"item_purchase_floors":[21,21],"current_hp_per_floor":[74,75,75,75,80,49,46,46,46,39,39,13,37,41,65,24,66,68,68,68,68,68,11,11,35,35,38,38,16,22,27,54,11,72,72,72,78,74,76,34,28,20,26,0],"gold":521,"neow_bonus":"THREE_ENEMY_KILL","is_prod":false,"is_daily":false,"chose_seed":false,"campfire_upgraded":2,"win_rate":0,"timestamp":1561934216,"path_taken":["M","?","?","M","?","E","M","R","T","?","R","E","R","M","R","BOSS","M","?","?","$","?","E","?","R","T","E","?","E","M","M","R","BOSS","M","?","M","M","M","E","?","E","T","E"],"build_version":"2019-06-29","purchased_purges":1,"victory":false,"max_hp_per_floor":[75,75,75,75,80,80,80,80,80,80,80,80,80,80,80,80,80,80,80,80,80,80,80,80,80,80,87,87,87,87,92,92,92,92,92,92,92,92,92,92,92,92,98,98],"card_choices":[{"not_picked":["Cleave","Body Slam"],"picked":"Shrug It Off","floor":1.0},{"not_picked":["Flame Barrier","Sword Boomerang"],"picked":"Evolve","floor":2.0},{"not_picked":["Havoc","Thunderclap"],"picked":"Headbutt","floor":4.0},{"not_picked":["Infernal Blade","Berserk"],"picked":"Carnage","floor":6.0},{"not_picked":["Sword Boomerang","Cleave","Warcry"],"picked":"SKIP","floor":7.0},{"not_picked":["Sever Soul","Heavy Blade"],"picked":"Headbutt","floor":10.0},{"not_picked":["Flex","Sword Boomerang"],"picked":"Offering","floor":12.0},{"not_picked":["Twin Strike","Sword Boomerang"],"picked":"Shrug It Off","floor":14.0},{"not_picked":["Dark Embrace","Barricade"],"picked":"Bludgeon","floor":16.0},{"not_picked":["Shrug It Off","Clash+1"],"picked":"Carnage","floor":18.0},{"not_picked":["Warcry","Sever Soul"],"picked":"Havoc","floor":23.0},{"not_picked":["Wild Strike+1","Evolve"],"picked":"Impervious","floor":27},{"not_picked":["Perfected Strike+1","Clothesline+1"],"picked":"Carnage+1","floor":29},{"not_picked":["Anger+1","Hemokinesis+1"],"picked":"Thunderclap+1","floor":30},{"not_picked":["Searing Blow+1","Cleave+1","Heavy Blade+1"],"picked":"SKIP","floor":31},{"not_picked":["Reaper+1","Limit Break"],"picked":"Fiend Fire+1","floor":33},{"not_picked":["Perfected Strike+1","Iron Wave+1"],"picked":"Uppercut+1","floor":35},{"not_picked":["Evolve","Infernal Blade"],"picked":"Flame Barrier+1","floor":37},{"not_picked":["Body Slam+1","Perfected Strike+1","Cleave+1"],"picked":"SKIP","floor":38},{"not_picked":["Inflame","Shockwave+1"],"picked":"Pommel Strike+1","floor":39},{"not_picked":["Perfected Strike+1","Wild Strike+1","Flex+1"],"picked":"SKIP","floor":40},{"not_picked":["Havoc","Headbutt+1"],"picked":"True Grit","floor":41},{"not_picked":["Havoc","Sword Boomerang+1"],"picked":"Rampage+1","floor":42}],"player_experience":1599807,"relics_obtained":[{"floor":3.0,"key":"Juzu Bracelet"},{"floor":6.0,"key":"Art of War"},{"floor":9.0,"key":"War Paint"},{"floor":10.0,"key":"Odd Mushroom"},{"floor":12.0,"key":"Darkstone Periapt"},{"floor":23.0,"key":"Happy Flower"},{"floor":26.0,"key":"Molten Egg 2"},{"floor":27,"key":"Strawberry"},{"floor":29,"key":"Orichalcum"},{"floor":40,"key":"Pantograph"},{"floor":41,"key":"Unceasing Top"},{"floor":42,"key":"Lantern"}],"event_choices":[{"damage_healed":0.0,"max_hp_gain":5.0,"max_hp_loss":0.0,"gold_gain":0.0,"event_name":"Big Fish","player_choice":"Donut","floor":5.0,"gold_loss":0.0,"damage_taken":0.0},{"damage_healed":0.0,"max_hp_gain":0.0,"max_hp_loss":0.0,"gold_gain":0.0,"event_name":"Mushrooms","player_choice":"Fought Mushrooms","floor":10.0,"gold_loss":0.0,"damage_taken":0.0},{"damage_healed":0.0,"max_hp_gain":0.0,"max_hp_loss":0.0,"gold_gain":0.0,"event_name":"Back to Basics","player_choice":"Simplicity","floor":19.0,"gold_loss":0.0,"damage_taken":0.0,"cards_upgraded":["Strike_R","Strike_R","Strike_R","Strike_R","Strike_R","Defend_R","Defend_R"]},{"damage_healed":0.0,"max_hp_gain":0.0,"max_hp_loss":0.0,"gold_gain":0.0,"event_name":"Addict","player_choice":"Obtained Relic","floor":20.0,"gold_loss":85.0,"damage_taken":0.0,"relics_obtained":["Turnip"]},{"damage_healed":0.0,"max_hp_gain":0.0,"max_hp_loss":0.0,"gold_gain":50.0,"event_name":"Nest","player_choice":"Stole From Cult","floor":22.0,"gold_loss":0.0,"damage_taken":0.0},{"damage_healed":0.0,"max_hp_gain":0.0,"max_hp_loss":0.0,"gold_gain":0.0,"cards_transformed":["Strike_R"],"event_name":"Transmorgrifier","player_choice":"Transformed","floor":24.0,"gold_loss":0.0,"damage_taken":0.0,"cards_obtained":["Searing Blow"]},{"damage_healed":0,"gold_gain":0,"player_choice":"Copied","damage_taken":0,"max_hp_gain":0,"max_hp_loss":0,"event_name":"Duplicator","floor":28,"gold_loss":0,"cards_obtained":["Offering"]},{"damage_healed":0,"gold_gain":0,"player_choice":"Ignored","damage_taken":0,"max_hp_gain":0,"max_hp_loss":0,"event_name":"Tomb of Lord Red Mask","floor":36,"gold_loss":0},{"damage_healed":0,"gold_gain":0,"player_choice":"Fight","damage_taken":0,"max_hp_gain":0,"max_hp_loss":0,"event_name":"Mysterious Sphere","floor":41,"gold_loss":0}],"is_beta":true,"boss_relics":[{"not_picked":["Empty Cage","Runic Dome"],"picked":"Snecko Eye"},{"not_picked":["Lizard Tail","Runic Cube"],"picked":"Cursed Key"}],"items_purged_floors":[21],"is_endless":false,"potions_floor_spawned":[4,6,14,16,18,27,30,31,35,40,41],"killed_by":"Nemesis","ascension_level":20}