{"gold_per_floor":[116,116,130,0,20,20,49,49,75,85,120,131,131,145,145,218,218,234,234,248,274,288,318,318,343,343,0,0],"floor_reached":28,"playtime":1749,"items_purged":["Writhe"],"score":586,"play_id":"1a89304d-2858-426e-a3fe-8352884f9597","local_time":"20190605213342","is_ascension_mode":true,"campfire_choices":[{"data":"Zap","floor":6,"key":"SMITH"},{"floor":8,"key":"REST"},{"data":"Self Repair","floor":13,"key":"SMITH"},{"data":"All For One","floor":15,"key":"SMITH"}],"neow_cost":"CURSE","seed_source_timestamp":664348301108474,"circlet_count":0,"master_deck":["AscendersBane","Strike_B","Strike_B","Strike_B","Strike_B","Defend_B","Defend_B","Defend_B","Defend_B","Zap+1","Dualcast","All For One+1","Gash","Steam","Coolheaded","Glacier","Self Repair+1","Genetic Algorithm","Streamline+1","Echo Form","Compile Driver","Skim","Undo","Self Repair","Conserve Battery","Ball Lightning+1","Consume+1"],"relics":["Cracked Core","Dream Catcher","Anchor","Mummified Hand","Snecko Eye","Nilry\u0027s Codex","Red Mask","Molten Egg 2","Toxic Egg 2","Membership Card","PreservedInsect"],"potions_floor_usage":[7,11,16,21,23,28],"damage_taken":[{"damage":3,"enemies":"Small Slimes","floor":1,"turns":3},{"damage":7,"enemies":"Cultist","floor":3,"turns":4},{"damage":3,"enemies":"2 Louse","floor":5,"turns":3},{"damage":25,"enemies":"3 Sentries","floor":7,"turns":8},{"damage":0,"enemies":"2 Fungi Beasts","floor":10,"turns":3},{"damage":18,"enemies":"Lagavulin","floor":11,"turns":8},{"damage":3,"enemies":"Large Slime","floor":12,"turns":4},{"damage":2,"enemies":"Red Slaver","floor":14,"turns":3},{"damage":28,"enemies":"Hexaghost","floor":16,"turns":11},{"damage":32,"enemies":"3 Byrds","floor":18,"turns":6},{"damage":0,"enemies":"Chosen","floor":20,"turns":3},{"damage":32,"enemies":"Masked Bandits","floor":21,"turns":5},{"damage":0,"enemies":"Snake Plant","floor":22,"turns":5},{"damage":0,"enemies":"Gremlin Leader","floor":23,"turns":7},{"damage":1,"enemies":"Book of Stabbing","floor":25,"turns":7},{"damage":82,"enemies":"Cultist and Chosen","floor":28,"turns":5}],"seed_played":"-1837729402419446477","potions_obtained":[{"floor":3,"key":"PowerPotion"},{"floor":10,"key":"AttackPotion"},{"floor":11,"key":"FocusPotion"},{"floor":22,"key":"Fire Potion"},{"floor":25,"key":"Dexterity Potion"}],"is_trial":false,"path_per_floor":["M","?","M","$","M","R","E","R","T","M","E","M","R","M","R","B",null,"M","?","M","?","M","E","?","E","T","$","M"],"character_chosen":"DEFECT","items_purchased":["Fire Potion","Membership Card","PreservedInsect","Consume+1"],"campfire_rested":1,"item_purchase_floors":[4,27,27,27],"current_hp_per_floor":[61,51,44,44,41,41,16,37,37,37,26,30,30,38,38,20,58,46,25,35,13,23,50,50,66,66,66,0],"gold":0,"neow_bonus":"THREE_RARE_CARDS","is_prod":false,"is_daily":false,"chose_seed":false,"campfire_upgraded":3,"win_rate":0,"timestamp":1559788422,"path_taken":["M","?","M","$","M","R","E","R","T","M","E","?","R","M","R","BOSS","M","?","M","?","M","E","?","E","T","$","M"],"build_version":"2019-01-23","purchased_purges":1,"victory":false,"max_hp_per_floor":[71,71,71,71,71,71,71,71,71,71,71,71,71,71,71,71,71,71,71,71,71,71,71,71,71,71,71,71],"card_choices":[{"not_picked":["Amplify","Machine Learning"],"picked":"All For One","floor":0},{"not_picked":["Rip and Tear","Streamline"],"picked":"Gash","floor":1},{"not_picked":["Leap","Rebound","Streamline"],"picked":"SKIP","floor":3},{"not_picked":["Tempest","Machine Learning"],"picked":"Steam","floor":5},{"not_picked":["Recycle","Capacitor"],"picked":"Coolheaded","floor":7},{"not_picked":["Double Energy","Streamline"],"picked":"Glacier","floor":8},{"not_picked":["Hologram","Steam Power"],"picked":"Self Repair","floor":10},{"not_picked":["Steam","Auto Shields"],"picked":"Genetic Algorithm","floor":11},{"not_picked":["Steam","Skim","Fusion"],"picked":"SKIP","floor":12},{"not_picked":["Barrage","Leap"],"picked":"Streamline","floor":14},{"not_picked":["Reboot","Amplify"],"picked":"Echo Form","floor":16},{"not_picked":["Blizzard","Steam"],"picked":"Compile Driver","floor":18},{"not_picked":["Sweeping Beam","Beam Cell"],"picked":"Skim","floor":20},{"not_picked":["Barrage","Gash"],"picked":"Undo","floor":21},{"not_picked":["Melter","White Noise"],"picked":"Self Repair","floor":22},{"not_picked":["Compile Driver","Fusion"],"picked":"Conserve Battery","floor":23},{"not_picked":["Go for the Eyes+1","Recycle"],"picked":"Ball Lightning+1","floor":25}],"player_experience":1682403,"relics_obtained":[{"floor":7,"key":"Dream Catcher"},{"floor":9,"key":"Anchor"},{"floor":11,"key":"Mummified Hand"},{"floor":19,"key":"Nilry\u0027s Codex"},{"floor":21,"key":"Red Mask"},{"floor":23,"key":"Molten Egg 2"},{"floor":26,"key":"Toxic Egg 2"}],"event_choices":[{"damage_healed":0,"gold_gain":0,"player_choice":"Damaged","damage_taken":10,"max_hp_gain":0,"max_hp_loss":0,"event_name":"Wheel of Change","floor":2,"gold_loss":0},{"damage_healed":0,"gold_gain":0,"player_choice":"Obtained Book","damage_taken":21,"max_hp_gain":0,"max_hp_loss":0,"event_name":"Cursed Tome","floor":19,"gold_loss":0},{"damage_healed":0,"gold_gain":0,"player_choice":"Fought Bandits","damage_taken":0,"max_hp_gain":0,"max_hp_loss":0,"event_name":"Masked Bandits","floor":21,"gold_loss":0},{"damage_healed":0,"gold_gain":0,"player_choice":"Upgraded","damage_taken":0,"max_hp_gain":0,"max_hp_loss":0,"event_name":"Upgrade Shrine","floor":24,"gold_loss":0,"cards_upgraded":["Streamline"]}],"is_beta":false,"boss_relics":[{"not_picked":["White Beast Statue","Runic Dome"],"picked":"Snecko Eye"}],"items_purged_floors":[4],"is_endless":false,"potions_floor_spawned":[3,10,11,14,22,25],"killed_by":"Cultist and Chosen","ascension_level":20}