{"gold_per_floor":[114,130,130,150,75,75,20,20,20,51,65,65,95,105,105,184,184,200,200,210,210,19,19,53,64,64,64,91,91,168,183,183,262,262,276,1275,739,739,86,86,117,117,117,133,133,133,166,166,166,166,166,166,166,1,34,34],"floor_reached":57,"playtime":4777,"items_purged":["Pain","Strike_G","Normality","Normality"],"score":2804,"play_id":"ca2b98c2-4658-4377-87d6-3da4444774ac","local_time":"20190712153853","is_ascension_mode":true,"campfire_choices":[{"data":"Glass Knife","floor":6,"key":"SMITH"},{"data":"Neutralize","floor":8,"key":"SMITH"},{"data":"Crippling Poison","floor":12,"key":"SMITH"},{"data":"Footwork","floor":15,"key":"SMITH"},{"data":"Well Laid Plans","floor":23,"key":"SMITH"},{"data":"Ghostly","floor":27,"key":"SMITH"},{"floor":32,"key":"REST"},{"data":"Night Terror","floor":40,"key":"SMITH"},{"floor":42,"key":"RECALL"},{"floor":45,"key":"REST"},{"data":"Well Laid Plans","floor":46,"key":"SMITH"},{"data":"Acrobatics","floor":49,"key":"SMITH"},{"floor":53,"key":"REST"}],"neow_cost":"TEN_PERCENT_HP_LOSS","seed_source_timestamp":1568190119672786,"circlet_count":0,"master_deck":["AscendersBane","Strike_G","Defend_G","Defend_G","Defend_G","Defend_G","Survivor","Neutralize+1","Sucker Punch","Glass Knife+1","Backflip","Crippling Poison+1","Cloak And Dagger","Dagger Throw","Footwork+1","After Image","Acrobatics+1","Ghostly+1","Ghostly","Ghostly","Underhanded Strike+1","PiercingWail","Accuracy","Well Laid Plans+1","Deflect","Tactician","Predator","Footwork","Backflip","Night Terror+1","Parasite","Clumsy","Parasite","Dodge and Roll+1","Well Laid Plans+1","After Image","Finesse+1","Trip+1","Bandage Up+1","PiercingWail+1","The Bomb+1","Die Die Die","Discovery+1","Acrobatics+1","Escape Plan+1","Apotheosis+1","Expertise+1"],"relics":["Ring of the Snake","WarpedTongs","Darkstone Periapt","Bag of Preparation","Thread and Needle","HoveringKite","Art of War","Paper Crane","Mummified Hand","Calling Bell","Bag of Marbles","Toxic Egg 2","WingedGreaves","DollysMirror","Bronze Scales","The Courier","Question Card","Anchor","Vajra"],"potions_floor_usage":[10,24,33,33,37,41,51,56,56],"damage_taken":[{"damage":13,"enemies":"Cultist","floor":1,"turns":6},{"damage":2,"enemies":"2 Louse","floor":2,"turns":3},{"damage":4,"enemies":"Small Slimes","floor":4,"turns":4},{"damage":6,"enemies":"3 Sentries","floor":10,"turns":7},{"damage":0,"enemies":"3 Louse","floor":11,"turns":4},{"damage":14,"enemies":"Lagavulin","floor":13,"turns":7},{"damage":0,"enemies":"Looter","floor":14,"turns":3},{"damage":8,"enemies":"Hexaghost","floor":16,"turns":11},{"damage":5,"enemies":"Spheric Guardian","floor":18,"turns":5},{"damage":1,"enemies":"2 Thieves","floor":20,"turns":5},{"damage":0,"enemies":"Slavers","floor":24,"turns":7},{"damage":1,"enemies":"3 Cultists","floor":25,"turns":6},{"damage":12,"enemies":"Book of Stabbing","floor":28,"turns":8},{"damage":0,"enemies":"Shelled Parasite and Fungi","floor":31,"turns":6},{"damage":0,"enemies":"Champ","floor":33,"turns":15},{"damage":0,"enemies":"3 Shapes","floor":35,"turns":13},{"damage":33,"enemies":"Reptomancer","floor":41,"turns":12},{"damage":0,"enemies":"3 Darklings","floor":44,"turns":5},{"damage":8,"enemies":"Nemesis","floor":47,"turns":9},{"damage":8,"enemies":"Awakened One","floor":50,"turns":21},{"damage":34,"enemies":"Time Eater","floor":51,"turns":18},{"damage":33,"enemies":"Shield and Spear","floor":55,"turns":12},{"damage":45,"enemies":"The Heart","floor":56,"turns":13}],"seed_played":"8907065339446968460","potions_obtained":[{"floor":1,"key":"Dexterity Potion"},{"floor":4,"key":"FairyPotion"},{"floor":16,"key":"Poison Potion"},{"floor":20,"key":"Ancient Potion"},{"floor":25,"key":"GamblersBrew"},{"floor":28,"key":"EntropicBrew"},{"floor":35,"key":"Energy Potion"},{"floor":41,"key":"PowerPotion"},{"floor":47,"key":"Ancient Potion"},{"floor":55,"key":"PowerPotion"}],"is_trial":false,"path_per_floor":["M","M","?","M","$","R","$","R","T","E","M","R","E","M","R","B",null,"M","?","M","?","$","R","E","M","T","R","E","?","T","M","R","B",null,"M","?","$","?","$","R","E","R","T","M","R","R","E","T","R","B","B",null,"R","$","E","B",null],"character_chosen":"THE_SILENT","items_purchased":["Backflip","Well Laid Plans","Deflect","Fruit Juice","Well Laid Plans","DollysMirror","PiercingWail+1","The Bomb+1","Die Die Die","Discovery+1","Apotheosis+1"],"campfire_rested":3,"item_purchase_floors":[7,22,22,37,37,37,39,39,39,39,54],"current_hp_per_floor":[46,44,44,40,40,40,40,40,40,34,34,34,20,20,20,12,48,43,30,29,29,29,29,29,28,28,28,16,10,10,10,20,20,49,49,61,66,56,56,56,29,29,29,35,56,56,54,54,54,52,24,59,70,70,43,4],"gold":34,"neow_bonus":"REMOVE_TWO","is_prod":false,"is_daily":false,"chose_seed":false,"campfire_upgraded":9,"win_rate":0,"timestamp":1562963933,"path_taken":["M","?","?","?","$","R","$","R","T","E","M","R","E","M","R","BOSS","M","?","M","?","$","R","E","M","T","R","E","?","?","M","R","BOSS","M","?","$","?","$","R","E","R","T","M","R","R","E","?","R","BOSS","BOSS","R","$","E","BOSS"],"build_version":"2019-07-10","purchased_purges":4,"victory":true,"max_hp_per_floor":[60,60,60,60,60,60,60,60,60,60,60,60,60,60,60,60,60,60,30,30,30,30,30,30,30,30,30,30,35,35,35,35,35,53,53,65,70,70,70,70,70,70,70,70,70,70,70,70,70,70,70,70,70,70,70,70],"card_choices":[{"not_picked":["Accuracy","Deflect"],"picked":"Sucker Punch","floor":1},{"not_picked":["Deflect","Dagger Spray"],"picked":"Glass Knife","floor":2},{"not_picked":["Setup","Expertise","Acrobatics"],"picked":"SKIP","floor":4},{"not_picked":["Calculated Gamble","Cloak And Dagger"],"picked":"Crippling Poison","floor":10},{"not_picked":["Bullet Time","Masterful Stab"],"picked":"Cloak And Dagger","floor":11},{"not_picked":["Choke","Acrobatics"],"picked":"Dagger Throw","floor":13},{"not_picked":["Slice","Deadly Poison"],"picked":"Footwork","floor":14},{"not_picked":["Die Die Die","Venomology"],"picked":"After Image","floor":16},{"not_picked":["Blade Dance","Expertise"],"picked":"Acrobatics","floor":18},{"not_picked":["Outmaneuver+1","Terror"],"picked":"Underhanded Strike+1","floor":20},{"not_picked":["Slice","Concentrate"],"picked":"Tactician","floor":24},{"not_picked":["Blade Dance+1","Underhanded Strike"],"picked":"Predator","floor":25},{"not_picked":["Poisoned Stab","Deadly Poison"],"picked":"Footwork","floor":28},{"not_picked":["Deadly Poison+1","Setup"],"picked":"Backflip","floor":31},{"not_picked":["Storm of Steel","Die Die Die"],"picked":"Night Terror","floor":33},{"not_picked":["Dagger Throw+1","Glass Knife"],"picked":"Dodge and Roll+1","floor":35},{"not_picked":["Bandage Up+1","Magnetism"],"picked":"Finesse+1","floor":38},{"not_picked":["Dramatic Entrance","Discovery+1"],"picked":"Trip+1","floor":38},{"not_picked":["Swift Strike","Mayhem"],"picked":"Bandage Up+1","floor":38},{"not_picked":["Finisher","Storm of Steel+1"],"picked":"Acrobatics+1","floor":41},{"not_picked":["Infinite Blades","Sucker Punch"],"picked":"Escape Plan+1","floor":44},{"not_picked":["Dash","Sucker Punch","Outmaneuver+1"],"picked":"SKIP","floor":47},{"not_picked":["Riddle With Holes","Bane","Concentrate+1"],"picked":"Expertise+1","floor":55}],"player_experience":1671960,"relics_obtained":[{"floor":9,"key":"Darkstone Periapt"},{"floor":10,"key":"Bag of Preparation"},{"floor":13,"key":"Thread and Needle"},{"floor":24,"key":"Art of War"},{"floor":28,"key":"Paper Crane"},{"floor":30,"key":"Mummified Hand"},{"floor":34,"key":"Bag of Marbles"},{"floor":34,"key":"Toxic Egg 2"},{"floor":34,"key":"WingedGreaves"},{"floor":41,"key":"Bronze Scales"},{"floor":43,"key":"The Courier"},{"floor":47,"key":"Question Card"},{"floor":48,"key":"Anchor"},{"floor":55,"key":"Vajra"}],"event_choices":[{"damage_healed":0,"gold_gain":0,"player_choice":"Rummage","damage_taken":0,"relics_obtained":["WarpedTongs"],"max_hp_gain":0,"max_hp_loss":0,"event_name":"Accursed Blacksmith","floor":3,"gold_loss":0,"cards_obtained":["Pain"]},{"damage_healed":0,"gold_gain":0,"player_choice":"Became a Ghost","damage_taken":0,"max_hp_gain":0,"max_hp_loss":30,"event_name":"Ghosts","floor":19,"gold_loss":0,"cards_obtained":["Ghostly","Ghostly","Ghostly"]},{"damage_healed":0,"gold_gain":0,"cards_transformed":["Strike_G","Strike_G"],"player_choice":"Became Test Subject","damage_taken":0,"max_hp_gain":0,"max_hp_loss":0,"event_name":"Drug Dealer","floor":21,"gold_loss":0,"cards_obtained":["PiercingWail","Accuracy"]},{"damage_healed":0,"gold_gain":0,"player_choice":"Shed Blood","damage_taken":11,"max_hp_gain":5,"max_hp_loss":0,"event_name":"Forgotten Altar","floor":29,"gold_loss":0},{"damage_healed":0,"gold_gain":999,"player_choice":"Gold","damage_taken":0,"max_hp_gain":0,"max_hp_loss":0,"event_name":"MindBloom","floor":36,"gold_loss":0,"cards_obtained":["Normality","Normality"]},{"damage_healed":0,"gold_gain":0,"player_choice":"Memory 3","damage_taken":10,"max_hp_gain":0,"max_hp_loss":0,"event_name":"SensoryStone","floor":38,"gold_loss":0}],"is_beta":true,"boss_relics":[{"not_picked":["Black Star","White Beast Statue"],"picked":"HoveringKite"},{"not_picked":["Coffee Dripper","Ring of the Serpent"],"picked":"Calling Bell"}],"items_purged_floors":[5,22,37,39],"is_endless":false,"potions_floor_spawned":[1,4,16,20,25,28,31,35,41,47,55],"ascension_level":20}