{"gold_per_floor":[118,133,133,133,150,150,165,178,202,202,217,228,228,28,28,105,105,76,92,39,39,39,51,81,93,157,169,0,19,30,40,40,113,113,124,224,224,29,49,49,65,65,90,40,3,33,33,47,47,47],"floor_reached":50,"playtime":7496,"items_purged":[],"score":862,"play_id":"04e1e6fe-9ea5-41a8-aed7-e48dc3ed8c0b","local_time":"20190713080715","is_ascension_mode":true,"campfire_choices":[{"data":"Bash","floor":6.0,"key":"SMITH"},{"data":"True Grit","floor":10.0,"key":"SMITH"},{"data":"Clothesline","floor":13.0,"key":"SMITH"},{"data":"Havoc","floor":15.0,"key":"SMITH"},{"data":"Armaments","floor":23.0,"key":"SMITH"},{"data":"Feel No Pain","floor":25.0,"key":"SMITH"},{"data":"Shrug It Off","floor":27.0,"key":"SMITH"},{"floor":32.0,"key":"REST"},{"floor":40.0,"key":"REST"},{"floor":42.0,"key":"REST"},{"data":"Flame Barrier","floor":47.0,"key":"SMITH"},{"floor":49,"key":"REST"}],"neow_cost":"PERCENT_DAMAGE","seed_source_timestamp":261319938375192,"circlet_count":0,"master_deck":["AscendersBane","Strike_R","Strike_R","Strike_R","Strike_R","Defend_R","Defend_R","Defend_R","Defend_R","Bash+1","Havoc+1","Feed","Seeing Red","Shrug It Off","True Grit+1","Feel No Pain+1","Clothesline+1","Feed","Pommel Strike","Shrug It Off+1","Armaments+1","Headbutt+1","Feel No Pain","Juggernaut+1","Reaper","Body Slam","Trip","Clothesline","Flame Barrier+1","Entrench+1","Metallicize","Armaments+1","Spot Weakness"],"special_seed":0,"relics":["Burning Blood","Incense Burner","Omamori","PreservedInsect","Membership Card","Mark of Pain","MawBank","Bronze Scales","Ginger","Philosopher\u0027s Stone","Turnip","Pantograph","Potion Belt","Smiling Mask"],"potions_floor_usage":[],"damage_taken":[{"damage":1.0,"enemies":"2 Louse","floor":1.0,"turns":3.0},{"damage":18.0,"enemies":"Small Slimes","floor":2.0,"turns":5.0},{"damage":2.0,"enemies":"Jaw Worm","floor":5.0,"turns":3.0},{"damage":16.0,"enemies":"Lots of Slimes","floor":7.0,"turns":6.0},{"damage":0.0,"enemies":"2 Fungi Beasts","floor":8.0,"turns":4.0},{"damage":9.0,"enemies":"Large Slime","floor":11.0,"turns":7.0},{"damage":5.0,"enemies":"Exordium Thugs","floor":12.0,"turns":9.0},{"damage":41.0,"enemies":"Slime Boss","floor":16.0,"turns":9.0},{"damage":1.0,"enemies":"2 Thieves","floor":18.0,"turns":5.0},{"damage":0.0,"enemies":"Chosen","floor":19.0,"turns":6.0},{"damage":26.0,"enemies":"Snake Plant","floor":24.0,"turns":4.0},{"damage":24.0,"enemies":"Sentry and Sphere","floor":29.0,"turns":7.0},{"damage":2.0,"enemies":"3 Cultists","floor":30.0,"turns":6.0},{"damage":6.0,"enemies":"Centurion and Healer","floor":31.0,"turns":7.0},{"damage":39.0,"enemies":"Collector","floor":33.0,"turns":14.0},{"damage":63.0,"enemies":"3 Darklings","floor":35.0,"turns":6.0},{"damage":22.0,"enemies":"Mind Bloom Boss Battle","floor":36.0,"turns":7.0},{"damage":11.0,"enemies":"3 Shapes","floor":39.0,"turns":7.0},{"damage":43.0,"enemies":"Writhing Mass","floor":41.0,"turns":6.0},{"damage":45.0,"enemies":"Reptomancer","floor":46.0,"turns":8.0},{"damage":18,"enemies":"Sphere and 2 Shapes","floor":48,"turns":7},{"damage":121,"enemies":"Time Eater","floor":50,"turns":7}],"seed_played":"3276090913026329530","potions_obtained":[{"floor":1.0,"key":"Ancient Potion"},{"floor":5.0,"key":"Weak Potion"},{"floor":11.0,"key":"SkillPotion"},{"floor":12.0,"key":"AttackPotion"},{"floor":24.0,"key":"AttackPotion"},{"floor":31.0,"key":"LiquidBronze"},{"floor":36.0,"key":"Weak Potion"},{"floor":39.0,"key":"PowerPotion"}],"is_trial":false,"path_per_floor":["M","M","?","?","M","R","M","M","T","R","M","M","R","$","R","B",null,"M","M","$","?","?","R","M","R","T","R","$","M","M","M","R","B",null,"M","?","?","$","M","R","M","R","T","?","$","E","R","M","R","B"],"character_chosen":"IRONCLAD","items_purchased":["Membership Card","Armaments","PowerPotion","Ginger","SteroidPotion","Pantograph","Trip","Clothesline","Metallicize"],"campfire_rested":4,"item_purchase_floors":[14,20,20,28,28,38,38,38,45],"current_hp_per_floor":[55,43,38,38,45,45,38,47,47,47,47,51,51,51,51,16,72,80,89,89,89,89,89,72,72,72,72,72,57,64,67,99,66,98,51,35,35,35,43,76,45,78,78,78,78,69,69,57,90,0],"gold":47,"neow_bonus":"ONE_RARE_RELIC","is_prod":false,"is_daily":false,"chose_seed":false,"campfire_upgraded":8,"win_rate":0,"timestamp":1563019635,"path_taken":["M","M","?","?","M","R","M","M","T","R","M","M","R","?","R","BOSS","M","?","$","?","?","R","M","R","T","R","$","M","M","?","R","BOSS","M","?","?","$","M","R","?","R","T","?","$","E","R","M","R","BOSS"],"build_version":"2019-07-05","purchased_purges":0,"victory":false,"max_hp_per_floor":[75,75,75,75,78,78,81,84,84,84,87,90,90,90,90,90,90,93,96,96,96,96,96,99,99,99,99,99,102,105,108,108,108,108,108,108,108,108,111,111,111,111,111,111,111,111,111,111,111,111],"card_choices":[{"not_picked":["Intimidate","Blood for Blood"],"picked":"Havoc","floor":1.0},{"not_picked":["Second Wind","Searing Blow","Thunderclap"],"picked":"SKIP","floor":2.0},{"not_picked":["Body Slam","Thunderclap"],"picked":"Seeing Red","floor":5.0},{"not_picked":["Burning Pact","Armaments"],"picked":"Shrug It Off","floor":7.0},{"not_picked":["Warcry","Power Through"],"picked":"True Grit","floor":8.0},{"not_picked":["Havoc","Warcry"],"picked":"Feel No Pain","floor":11.0},{"not_picked":["Armaments","Clash"],"picked":"Clothesline","floor":12.0},{"not_picked":["Double Tap","Berserk"],"picked":"Feed","floor":16.0},{"not_picked":["Dropkick","Body Slam"],"picked":"Pommel Strike","floor":18.0},{"not_picked":["Clash","Heavy Blade"],"picked":"Shrug It Off","floor":19.0},{"not_picked":["Rage","Infernal Blade"],"picked":"Headbutt","floor":24.0},{"not_picked":["Sword Boomerang","Twin Strike","Bloodletting"],"picked":"SKIP","floor":29.0},{"not_picked":["Second Wind","Anger"],"picked":"Feel No Pain","floor":30.0},{"not_picked":["Whirlwind","Cleave"],"picked":"Juggernaut","floor":31.0},{"not_picked":["Limit Break","Dark Embrace"],"picked":"Reaper","floor":33.0},{"not_picked":["Twin Strike","Sword Boomerang"],"picked":"Body Slam","floor":35.0},{"not_picked":["Cleave","Iron Wave"],"picked":"Flame Barrier","floor":39.0},{"not_picked":["Twin Strike","Burning Pact"],"picked":"Entrench+1","floor":41.0},{"not_picked":["Iron Wave","Burning Pact"],"picked":"Armaments+1","floor":46.0},{"not_picked":["Wild Strike","Clothesline"],"picked":"Spot Weakness","floor":48}],"player_experience":517397,"relics_obtained":[{"floor":9.0,"key":"PreservedInsect"},{"floor":26.0,"key":"Bronze Scales"},{"floor":36.0,"key":"Turnip"},{"floor":43.0,"key":"Potion Belt"},{"floor":46.0,"key":"Smiling Mask"}],"event_choices":[{"damage_healed":0.0,"max_hp_gain":0.0,"max_hp_loss":0.0,"gold_gain":0.0,"event_name":"Scrap Ooze","player_choice":"Success","floor":3.0,"gold_loss":0.0,"damage_taken":5.0,"relics_obtained":["Omamori"]},{"damage_healed":0.0,"max_hp_gain":0.0,"max_hp_loss":0.0,"gold_gain":0.0,"cards_transformed":["Strike_R"],"event_name":"Living Wall","player_choice":"Change","floor":4.0,"gold_loss":0.0,"damage_taken":0.0,"cards_obtained":["Feed"]},{"damage_healed":0.0,"max_hp_gain":0.0,"max_hp_loss":0.0,"gold_gain":0.0,"event_name":"Ghosts","player_choice":"Ignored","floor":21.0,"gold_loss":0.0,"damage_taken":0.0},{"damage_healed":0.0,"max_hp_gain":0.0,"max_hp_loss":0.0,"gold_gain":0.0,"event_name":"The Mausoleum","player_choice":"Opened","floor":22.0,"gold_loss":0.0,"damage_taken":0.0,"relics_obtained":["MawBank"],"cards_obtained":["Writhe"]},{"damage_healed":0.0,"max_hp_gain":0.0,"max_hp_loss":0.0,"gold_gain":0.0,"event_name":"MindBloom","player_choice":"Fight","floor":36.0,"gold_loss":0.0,"damage_taken":0.0},{"damage_healed":0.0,"max_hp_gain":0.0,"max_hp_loss":0.0,"gold_gain":0.0,"event_name":"SecretPortal","player_choice":"Ignored","floor":37.0,"gold_loss":0.0,"damage_taken":0.0},{"damage_healed":0.0,"max_hp_gain":0.0,"max_hp_loss":0.0,"gold_gain":0.0,"event_name":"Designer","player_choice":"Upgraded Two","floor":44.0,"gold_loss":50.0,"damage_taken":0.0,"cards_upgraded":["Headbutt","Juggernaut"]}],"is_beta":false,"boss_relics":[{"not_picked":["Runic Cube","Busted Crown"],"picked":"Mark of Pain"},{"not_picked":["Black Star","Coffee Dripper"],"picked":"Philosopher\u0027s Stone"}],"items_purged_floors":[],"is_endless":false,"potions_floor_spawned":[1,5,11,12,24,29,31,36,39],"killed_by":"Time Eater","ascension_level":15}