{"gold_per_floor":[112,122,122,47,47,47,77,77,159,159,159,171,181,216,216,321,321,336,349,365,78,88,115,115,115,115,115,115,65,0,13,13,112,112,132,0,0,18,38,63,63,95,168,184,184,200,200,211,211,211],"floor_reached":51,"playtime":5353,"items_purged":["Defend_G","RitualDagger+1"],"score":898,"play_id":"26eeade2-add9-45bb-8cd6-19141fe29b14","local_time":"20190703185603","is_ascension_mode":true,"campfire_choices":[{"data":"Dagger Spray","floor":6.0,"key":"SMITH"},{"data":"Backflip","floor":8.0,"key":"SMITH"},{"floor":11.0,"key":"REST"},{"data":"Blade Dance","floor":15.0,"key":"SMITH"},{"floor":24.0,"key":"DIG"},{"floor":28.0,"key":"DIG"},{"floor":32,"key":"DIG"},{"floor":41,"key":"DIG"},{"floor":47,"key":"REST"},{"floor":49,"key":"DIG"}],"neow_cost":"TEN_PERCENT_HP_LOSS","seed_source_timestamp":1705898870023104,"circlet_count":0,"master_deck":["Strike_G+1","Strike_G+1","Strike_G+1","Defend_G+1","Defend_G+1","Defend_G+1","Survivor","Neutralize","Bane+1","Dagger Spray+1","Backflip+1","Blade Dance+1","Cloak And Dagger","PiercingWail","Deadly Poison+1","Acrobatics+1","Acrobatics+1","Underhanded Strike+1","Dagger Spray+1","Blade Dance+1","Sucker Punch+1","Underhanded Strike+1","Poisoned Stab+1","PiercingWail+1","Writhe","Dagger Spray+1","Dagger Spray+1"],"special_seed":0,"relics":["Ring of the Snake","Shuriken","Question Card","Nunchaku","Gremlin Horn","Philosopher\u0027s Stone","Mango","Shovel","Molten Egg 2","Vajra","Smiling Mask","Blue Candle","Cursed Key","Red Mask","Blood Vial","Anchor","Pen Nib","Pear","Centennial Puzzle"],"potions_floor_usage":[33,33,50,50,50],"damage_taken":[{"damage":2.0,"enemies":"Small Slimes","floor":1.0,"turns":5.0},{"damage":0.0,"enemies":"Jaw Worm","floor":2.0,"turns":5.0},{"damage":13.0,"enemies":"3 Sentries","floor":7.0,"turns":6.0},{"damage":0.0,"enemies":"2 Louse","floor":12.0,"turns":1.0},{"damage":0.0,"enemies":"2 Fungi Beasts","floor":13.0,"turns":3.0},{"damage":11.0,"enemies":"Gremlin Nob","floor":14.0,"turns":4.0},{"damage":0.0,"enemies":"Slime Boss","floor":16.0,"turns":9.0},{"damage":0.0,"enemies":"Shell Parasite","floor":18.0,"turns":4.0},{"damage":0.0,"enemies":"3 Byrds","floor":19.0,"turns":3.0},{"damage":0.0,"enemies":"Centurion and Healer","floor":20.0,"turns":5.0},{"damage":15.0,"enemies":"Sentry and Sphere","floor":22.0,"turns":4.0},{"damage":0.0,"enemies":"Gremlin Leader","floor":23.0,"turns":4.0},{"damage":4,"enemies":"Chosen and Byrds","floor":31,"turns":3},{"damage":25,"enemies":"Automaton","floor":33,"turns":6},{"damage":0,"enemies":"3 Darklings","floor":35,"turns":2},{"damage":0,"enemies":"Orb Walker","floor":38,"turns":3},{"damage":0,"enemies":"Spire Growth","floor":39,"turns":3},{"damage":11,"enemies":"Nemesis","floor":40,"turns":5},{"damage":16,"enemies":"Reptomancer","floor":42,"turns":3},{"damage":1,"enemies":"Writhing Mass","floor":44,"turns":5},{"damage":0,"enemies":"4 Shapes","floor":46,"turns":1},{"damage":0,"enemies":"Transient","floor":48,"turns":5},{"damage":74,"enemies":"Time Eater","floor":50,"turns":8}],"seed_played":"908929497077464436","potions_obtained":[{"floor":7.0,"key":"PowerPotion"},{"floor":16.0,"key":"Regen Potion"},{"floor":20.0,"key":"Swift Potion"},{"floor":22.0,"key":"FearPotion"},{"floor":31,"key":"Ancient Potion"},{"floor":39,"key":"Regen Potion"},{"floor":44,"key":"AttackPotion"},{"floor":46,"key":"EssenceOfSteel"}],"is_trial":false,"path_per_floor":["M","M","?","$","?","R","E","R","T","T","R","M","M","E","R","B",null,"M","M","M","$","M","E","R","?","T","?","R","$","?","M","R","B",null,"M","?","?","M","M","E","R","E","T","M","?","M","R","M","R","B",null],"character_chosen":"THE_SILENT","items_purchased":["Mango"],"campfire_rested":2,"item_purchase_floors":[21],"current_hp_per_floor":[61,61,54,54,54,54,41,41,41,41,59,59,59,48,48,48,63,63,63,63,77,62,62,62,56,56,56,56,56,56,52,52,42,77,77,77,77,77,77,66,66,52,62,63,55,57,83,85,85,27],"gold":211,"neow_bonus":"REMOVE_TWO","is_prod":false,"is_daily":false,"chose_seed":false,"campfire_upgraded":3,"win_rate":0,"timestamp":1562194563,"path_taken":["M","M","?","$","?","R","E","R","T","?","R","M","M","E","R","BOSS","M","M","M","$","M","E","R","?","T","?","R","$","?","?","R","BOSS","M","?","?","?","M","E","R","E","T","M","?","?","R","M","R","BOSS"],"build_version":"2019-07-01","purchased_purges":2,"victory":true,"max_hp_per_floor":[63,63,63,63,63,63,63,63,63,63,63,63,63,63,63,63,63,63,63,63,77,77,77,77,77,77,77,77,77,77,77,77,77,77,77,77,77,77,77,77,77,77,87,87,87,87,87,87,87,87],"card_choices":[{"not_picked":["Outmaneuver","PiercingWail"],"picked":"Bane","floor":1.0},{"not_picked":["Caltrops","Bouncing Flask"],"picked":"Dagger Spray","floor":2.0},{"not_picked":["Backstab","Deflect"],"picked":"Backflip","floor":7.0},{"not_picked":["Caltrops","Infinite Blades","Prepared"],"picked":"Blade Dance","floor":12.0},{"not_picked":["Blur","Acrobatics","Reflex"],"picked":"Cloak And Dagger","floor":13.0},{"not_picked":["Sucker Punch","Leg Sweep","Bane"],"picked":"PiercingWail","floor":14.0},{"not_picked":["Flechettes+1","Poisoned Stab","Quick Slash"],"picked":"Deadly Poison+1","floor":18.0},{"not_picked":["Dagger Throw","Outmaneuver","Deadly Poison"],"picked":"Acrobatics+1","floor":19.0},{"not_picked":["Prepared","Reflex","Finisher"],"picked":"Acrobatics+1","floor":20.0},{"not_picked":["Sucker Punch","Accuracy","Reflex+1"],"picked":"Underhanded Strike+1","floor":22.0},{"not_picked":["Glass Knife","Choke+1","Eviscerate+1","Dagger Throw"],"picked":"SKIP","floor":23.0},{"not_picked":["Glass Knife","Choke+1","Eviscerate+1","Dagger Throw"],"picked":"SKIP","floor":23.0},{"not_picked":["Dodge and Roll","Crippling Poison","Choke+1"],"picked":"Dagger Spray+1","floor":31},{"not_picked":["Slice+1","Catalyst","Terror+1"],"picked":"Blade Dance+1","floor":35},{"not_picked":["Concentrate","Dodge and Roll","Bouncing Flask+1"],"picked":"Sucker Punch+1","floor":38},{"not_picked":["Noxious Fumes+1","Distraction+1","Blur+1"],"picked":"Underhanded Strike+1","floor":39},{"not_picked":["Die Die Die+1","Deflect","Dagger Spray+1"],"picked":"Poisoned Stab+1","floor":40},{"not_picked":["Terror+1","Deadly Poison","Acrobatics"],"picked":"PiercingWail+1","floor":42},{"not_picked":["Dagger Throw+1","PiercingWail+1","Deadly Poison"],"picked":"Dagger Spray+1","floor":44},{"not_picked":["Setup+1","Noxious Fumes+1","Eviscerate+1","Prepared"],"picked":"SKIP","floor":46},{"not_picked":["Tools of the Trade","Well Laid Plans+1","Flying Knee+1"],"picked":"Dagger Spray+1","floor":48}],"player_experience":366946,"relics_obtained":[{"floor":7.0,"key":"Shuriken"},{"floor":9.0,"key":"Question Card"},{"floor":10.0,"key":"Nunchaku"},{"floor":14.0,"key":"Gremlin Horn"},{"floor":23.0,"key":"Shovel"},{"floor":24.0,"key":"Molten Egg 2"},{"floor":26.0,"key":"Vajra"},{"floor":28.0,"key":"Smiling Mask"},{"floor":32,"key":"Blue Candle"},{"floor":40,"key":"Blood Vial"},{"floor":41,"key":"Anchor"},{"floor":42,"key":"Pen Nib"},{"floor":43,"key":"Pear"},{"floor":49,"key":"Centennial Puzzle"}],"event_choices":[{"cards_removed":["Defend_G"],"damage_healed":0.0,"max_hp_gain":0.0,"max_hp_loss":0.0,"gold_gain":0.0,"event_name":"Golden Wing","player_choice":"Card Removal","floor":3.0,"gold_loss":0.0,"damage_taken":7.0},{"damage_healed":0.0,"max_hp_gain":0.0,"max_hp_loss":0.0,"gold_gain":0.0,"event_name":"Liars Game","player_choice":"Ignored","floor":5.0,"gold_loss":0.0,"damage_taken":0.0},{"damage_healed":0.0,"max_hp_gain":0.0,"max_hp_loss":0.0,"gold_gain":0.0,"event_name":"Nest","player_choice":"Joined the Cult","floor":25.0,"gold_loss":0.0,"damage_taken":6.0,"cards_obtained":["RitualDagger"]},{"damage_healed":0.0,"max_hp_gain":0.0,"max_hp_loss":0.0,"gold_gain":0.0,"event_name":"Back to Basics","player_choice":"Simplicity","floor":27.0,"gold_loss":0.0,"damage_taken":0.0,"cards_upgraded":["Strike_G","Strike_G","Strike_G","Defend_G","Defend_G","Defend_G"]},{"damage_healed":0,"gold_gain":0,"player_choice":"Paid Fearfully","damage_taken":0,"max_hp_gain":0,"max_hp_loss":0,"event_name":"Masked Bandits","floor":30,"gold_loss":65},{"damage_healed":0,"gold_gain":0,"player_choice":"Paid","damage_taken":0,"relics_obtained":["Red Mask"],"max_hp_gain":0,"max_hp_loss":0,"event_name":"Tomb of Lord Red Mask","floor":36,"gold_loss":132},{"damage_healed":0,"gold_gain":0,"player_choice":"Forge","damage_taken":0,"max_hp_gain":0,"max_hp_loss":0,"event_name":"Accursed Blacksmith","floor":37,"gold_loss":0,"cards_upgraded":["Bane"]},{"damage_healed":0,"gold_gain":0,"player_choice":"Damaged","damage_taken":8,"max_hp_gain":0,"max_hp_loss":0,"event_name":"Wheel of Change","floor":45,"gold_loss":0}],"is_beta":false,"boss_relics":[{"not_picked":["Coffee Dripper","Ring of the Serpent"],"picked":"Philosopher\u0027s Stone"},{"not_picked":["Orrery","Pandora\u0027s Box"],"picked":"Cursed Key"}],"items_purged_floors":[4,29],"is_endless":false,"potions_floor_spawned":[7,16,20,22,31,39,44,46],"ascension_level":1}