{"gold_per_floor":[115,115,127,139,104,129,129,158,158,158,176,176,201,201,201,272,272,287,63,82,92,92],"floor_reached":22,"playtime":1181,"items_purged":[],"score":412,"play_id":"5fee4c1f-1dda-445a-a991-275b91adaaf6","local_time":"20190630200944","is_ascension_mode":true,"campfire_choices":[{"data":"1","floor":7,"key":"LIFT"},{"data":"Zap","floor":10,"key":"SMITH"},{"floor":12,"key":"REST"},{"floor":15,"key":"REST"}],"neow_cost":"NONE","seed_source_timestamp":551253746029553,"circlet_count":0,"master_deck":["AscendersBane","Strike_B","Strike_B","Strike_B","Strike_B","Defend_B","Defend_B","Defend_B","Defend_B","Zap+1","Dualcast","Compile Driver","Doom and Gloom","Sunder","Seek","Capacitor","Steam","Fission","Capacitor","Consume","Glacier","Coolheaded","Turbo","Recycle","Blizzard+1","Footwork","Thunderclap+1","Conserve Battery"],"relics":["Cracked Core","Pen Nib","Pocketwatch","Girya","Centennial Puzzle","Prayer Wheel","Ginger","Orrery","PrismaticShard"],"potions_floor_usage":[8,14],"damage_taken":[{"damage":10,"enemies":"2 Louse","floor":1,"turns":3},{"damage":0,"enemies":"Small Slimes","floor":3,"turns":2},{"damage":1,"enemies":"Cultist","floor":4,"turns":3},{"damage":29,"enemies":"Lagavulin","floor":6,"turns":7},{"damage":8,"enemies":"Gremlin Nob","floor":8,"turns":3},{"damage":9,"enemies":"Exordium Wildlife","floor":11,"turns":3},{"damage":25,"enemies":"3 Sentries","floor":13,"turns":5},{"damage":0,"enemies":"Gremlin Gang","floor":14,"turns":3},{"damage":17,"enemies":"The Guardian","floor":16,"turns":11},{"damage":7,"enemies":"Chosen","floor":18,"turns":5},{"damage":9,"enemies":"Spheric Guardian","floor":20,"turns":8},{"damage":0,"enemies":"Snecko","floor":21,"turns":5},{"damage":21,"enemies":"Chosen and Byrds","floor":22,"turns":5}],"seed_played":"-5523886913974724557","potions_obtained":[{"floor":3,"key":"PowerPotion"},{"floor":11,"key":"SmokeBomb"},{"floor":13,"key":"SpeedPotion"},{"floor":16,"key":"AttackPotion"},{"floor":18,"key":"Dexterity Potion"}],"is_trial":false,"path_per_floor":["M","?","M","M","?","E","R","E","T","R","M","R","E","M","R","B",null,"M","$","M","M","M"],"character_chosen":"DEFECT","items_purchased":["PrismaticShard"],"campfire_rested":2,"item_purchase_floors":[19],"current_hp_per_floor":[54,43,43,42,59,30,30,22,22,22,13,34,9,9,30,13,57,50,50,41,41,20],"gold":92,"neow_bonus":"RANDOM_COMMON_RELIC","is_prod":false,"is_daily":false,"chose_seed":false,"campfire_upgraded":1,"win_rate":0,"timestamp":1561943384,"path_taken":["M","?","M","M","?","E","R","E","T","R","M","R","E","M","R","BOSS","M","$","M","M","M"],"build_version":"2019-06-29","purchased_purges":0,"victory":false,"max_hp_per_floor":[71,71,71,71,71,71,71,71,71,71,71,71,71,71,71,71,71,71,71,71,71,71],"card_choices":[{"not_picked":["Steam","Leap"],"picked":"Compile Driver","floor":1},{"not_picked":["Blizzard","Beam Cell"],"picked":"Doom and Gloom","floor":3},{"not_picked":["Steam","Darkness"],"picked":"Sunder","floor":4},{"not_picked":["Ball Lightning","Chaos"],"picked":"Seek","floor":6},{"not_picked":["Barrage","Rebound","Storm"],"picked":"SKIP","floor":8},{"not_picked":["Undo","Stack"],"picked":"Capacitor","floor":11},{"not_picked":["Go for the Eyes","Heatsinks","Hologram"],"picked":"SKIP","floor":11},{"not_picked":["Redo","All For One"],"picked":"Steam","floor":13},{"not_picked":["Rainbow","Amplify"],"picked":"Fission","floor":16},{"not_picked":["Reinforced Body","Compile Driver"],"picked":"Capacitor","floor":17},{"not_picked":["Fusion","Redo"],"picked":"Consume","floor":17},{"not_picked":["Reinforced Body","Blizzard"],"picked":"Glacier","floor":17},{"not_picked":["Leap","Conserve Battery"],"picked":"Coolheaded","floor":17},{"not_picked":["Beam Cell","Redo"],"picked":"Turbo","floor":17},{"not_picked":["Streamline","Compile Driver"],"picked":"Recycle","floor":18},{"not_picked":["Go for the Eyes","Static Discharge"],"picked":"Blizzard+1","floor":18},{"not_picked":["Reckless Charge","Scrape"],"picked":"Footwork","floor":20},{"not_picked":["Thunder Strike","Ball Lightning+1","Setup"],"picked":"SKIP","floor":20},{"not_picked":["Bloodletting","Cold Snap"],"picked":"Thunderclap+1","floor":21},{"not_picked":["Undo","Dodge and Roll"],"picked":"Conserve Battery","floor":21}],"player_experience":1607429,"relics_obtained":[{"floor":6,"key":"Girya"},{"floor":8,"key":"Centennial Puzzle"},{"floor":9,"key":"Prayer Wheel"},{"floor":13,"key":"Ginger"}],"event_choices":[{"damage_healed":0,"gold_gain":0,"player_choice":"Success","damage_taken":11,"relics_obtained":["Pocketwatch"],"max_hp_gain":0,"max_hp_loss":0,"event_name":"Scrap Ooze","floor":2,"gold_loss":0},{"damage_healed":17,"gold_gain":0,"player_choice":"Healed","damage_taken":0,"max_hp_gain":0,"max_hp_loss":0,"event_name":"The Cleric","floor":5,"gold_loss":35}],"is_beta":true,"boss_relics":[{"not_picked":["Eternal Feather","Pandora\u0027s Box"],"picked":"Orrery"}],"items_purged_floors":[],"is_endless":false,"potions_floor_spawned":[3,11,13,16,18],"killed_by":"Chosen and Byrds","ascension_level":20}