{"gold_per_floor":[10,20,36,36,36,36,36,36,36,36,59,72,86,86,86,212,212,233,332,355,355,3,3,18,18,92,110,135,158,158,191,191,191],"floor_reached":33,"playtime":2915,"items_purged":[],"score":398,"play_id":"7f45c531-4eba-44f7-b7ad-d3f09eb777e4","local_time":"20190706073838","is_ascension_mode":true,"campfire_choices":[{"data":"Headbutt","floor":6.0,"key":"SMITH"},{"floor":8.0,"key":"REST"},{"data":"Headbutt","floor":10.0,"key":"SMITH"},{"data":"Disarm","floor":15.0,"key":"SMITH"},{"data":"Fiend Fire","floor":23.0,"key":"SMITH"},{"data":"Feel No Pain","floor":25.0,"key":"SMITH"},{"floor":30.0,"key":"REST"},{"floor":32.0,"key":"REST"}],"neow_cost":"NO_GOLD","seed_source_timestamp":1926199525699727,"circlet_count":0,"master_deck":["AscendersBane","Strike_R","Strike_R","Strike_R","Strike_R","Strike_R+1","Defend_R","Defend_R","Defend_R","Defend_R+1","Bash","Pommel Strike","Headbutt+1","Headbutt+1","Twin Strike","Disarm+1","Rampage+1","Fiend Fire+1","Shockwave","Disarm+1","Feel No Pain+1","Feel No Pain+1","Perfected Strike","Seeing Red+1","Impervious"],"special_seed":0,"relics":["Burning Blood","WingedGreaves","Golden Idol","Gambling Chip","Mark of Pain","PreservedInsect","Ice Cream","Paper Frog","Bronze Scales"],"potions_floor_usage":[33],"damage_taken":[{"damage":12.0,"enemies":"Small Slimes","floor":1.0,"turns":4.0},{"damage":3.0,"enemies":"2 Louse","floor":2.0,"turns":3.0},{"damage":1.0,"enemies":"Cultist","floor":3.0,"turns":4.0},{"damage":4.0,"enemies":"Exordium Wildlife","floor":11.0,"turns":5.0},{"damage":3.0,"enemies":"Looter","floor":12.0,"turns":3.0},{"damage":6.0,"enemies":"Lots of Slimes","floor":13.0,"turns":4.0},{"damage":24.0,"enemies":"Hexaghost","floor":16.0,"turns":6.0},{"damage":9.0,"enemies":"Shell Parasite","floor":18.0,"turns":5.0},{"damage":11.0,"enemies":"2 Thieves","floor":24.0,"turns":4.0},{"damage":15.0,"enemies":"Snecko","floor":27.0,"turns":5.0},{"damage":18.0,"enemies":"Chosen and Byrds","floor":28.0,"turns":6.0},{"damage":25.0,"enemies":"Centurion and Healer","floor":29.0,"turns":6.0},{"damage":32.0,"enemies":"Book of Stabbing","floor":31.0,"turns":5.0},{"damage":104,"enemies":"Collector","floor":33,"turns":11}],"seed_played":"2775166412668344880","potions_obtained":[{"floor":2.0,"key":"EssenceOfSteel"},{"floor":12.0,"key":"Ancient Potion"},{"floor":16.0,"key":"Block Potion"},{"floor":24.0,"key":"Regen Potion"},{"floor":27.0,"key":"Regen Potion"},{"floor":29.0,"key":"Dexterity Potion"},{"floor":31.0,"key":"Energy Potion"}],"is_trial":false,"path_per_floor":["M","M","M","?","$","R","?","R","T","R","M","M","M","?","R","B",null,"M","?","T","?","$","R","M","R","T","M","M","M","R","E","R","B"],"character_chosen":"IRONCLAD","items_purchased":["Feel No Pain","Ice Cream"],"campfire_rested":3,"item_purchase_floors":[22,22],"current_hp_per_floor":[66,69,74,54,54,54,38,62,62,62,64,67,67,67,67,49,72,69,69,69,69,69,69,64,64,64,55,58,39,63,51,75,0],"gold":191,"neow_bonus":"ONE_RARE_RELIC","is_prod":false,"is_daily":false,"chose_seed":false,"campfire_upgraded":5,"win_rate":0,"timestamp":1562413118,"path_taken":["M","M","M","?","$","R","?","R","T","R","M","M","M","?","R","BOSS","M","?","?","?","$","R","?","R","T","M","M","M","R","E","R","BOSS"],"build_version":"2019-07-05","purchased_purges":0,"victory":false,"max_hp_per_floor":[80,80,80,80,80,80,80,80,80,80,80,80,80,80,80,80,80,80,80,80,80,80,80,80,80,80,80,80,80,80,80,80,80],"card_choices":[{"not_picked":["Sword Boomerang","Iron Wave"],"picked":"Pommel Strike","floor":1.0},{"not_picked":["Anger","Thunderclap"],"picked":"Headbutt","floor":2.0},{"not_picked":["Dual Wield","True Grit"],"picked":"Headbutt","floor":3.0},{"not_picked":["Heavy Blade","Sword Boomerang"],"picked":"Twin Strike","floor":11.0},{"not_picked":["Power Through","Infernal Blade"],"picked":"Disarm","floor":12.0},{"not_picked":["Corruption","Headbutt"],"picked":"Rampage","floor":13.0},{"not_picked":["Immolate","Impervious"],"picked":"Fiend Fire","floor":16.0},{"not_picked":["Cleave+1","Thunderclap"],"picked":"Shockwave","floor":18.0},{"not_picked":["Clash","Wild Strike","Anger"],"picked":"SKIP","floor":24.0},{"not_picked":["Rage","Clash"],"picked":"Feel No Pain+1","floor":27.0},{"not_picked":["Searing Blow+1","Sentinel"],"picked":"Perfected Strike","floor":28.0},{"not_picked":["Headbutt","Heavy Blade+1"],"picked":"Seeing Red+1","floor":29.0},{"not_picked":["Heavy Blade","Fire Breathing"],"picked":"Impervious","floor":31.0}],"player_experience":393822,"relics_obtained":[{"floor":9.0,"key":"Gambling Chip"},{"floor":20.0,"key":"PreservedInsect"},{"floor":26.0,"key":"Paper Frog"},{"floor":31.0,"key":"Bronze Scales"}],"event_choices":[{"damage_healed":0.0,"max_hp_gain":0.0,"max_hp_loss":0.0,"gold_gain":0.0,"event_name":"Golden Idol","player_choice":"Take Damage","floor":4.0,"gold_loss":0.0,"damage_taken":20.0,"relics_obtained":["Golden Idol"]},{"damage_healed":0.0,"max_hp_gain":0.0,"max_hp_loss":0.0,"gold_gain":0.0,"event_name":"Shining Light","player_choice":"Entered Light","floor":7.0,"gold_loss":0.0,"damage_taken":16.0,"cards_upgraded":["Strike_R","Defend_R"]},{"damage_healed":0.0,"max_hp_gain":0.0,"max_hp_loss":0.0,"gold_gain":0.0,"event_name":"Upgrade Shrine","player_choice":"Upgraded","floor":14.0,"gold_loss":0.0,"damage_taken":0.0,"cards_upgraded":["Rampage"]},{"damage_healed":0.0,"max_hp_gain":0.0,"max_hp_loss":0.0,"gold_gain":99.0,"event_name":"Nest","player_choice":"Stole From Cult","floor":19.0,"gold_loss":0.0,"damage_taken":0.0},{"damage_healed":0.0,"max_hp_gain":0.0,"max_hp_loss":0.0,"gold_gain":0.0,"event_name":"Duplicator","player_choice":"Copied","floor":21.0,"gold_loss":0.0,"damage_taken":0.0,"cards_obtained":["Disarm"]}],"is_beta":false,"boss_relics":[{"not_picked":["Lizard Tail","Empty Cage"],"picked":"Mark of Pain"}],"items_purged_floors":[],"is_endless":false,"potions_floor_spawned":[2,12,16,24,27,29,31],"killed_by":"Collector","ascension_level":11}