{"gold_per_floor":[116,133,143,156,5,5,24,41,96,127,127,140,175,175,175,252,252,269,269,286,42,56,56,85,85,134,148,166,176,201,116,116,189,189,209,209,258,268,74,107,107,140,140,158,186,234,252,252,252,252],"floor_reached":51,"playtime":2238,"items_purged":["Berserk","Inflame","Wild Strike"],"score":1606,"play_id":"4d01bdcc-2eac-4e76-bc95-0de956bf7a21","local_time":"20190708192150","is_ascension_mode":true,"campfire_choices":[{"data":"Blood for Blood","floor":6.0,"key":"SMITH"},{"data":"Body Slam","floor":11.0,"key":"SMITH"},{"data":"Whirlwind","floor":15.0,"key":"SMITH"},{"data":"Entrench","floor":23.0,"key":"SMITH"},{"data":"Evolve","floor":25.0,"key":"SMITH"},{"data":"Barricade","floor":32.0,"key":"SMITH"},{"data":"Seeing Red","floor":41.0,"key":"SMITH"},{"data":"Offering","floor":49,"key":"SMITH"}],"neow_cost":"","seed_source_timestamp":0,"circlet_count":0,"master_deck":["AscendersBane","Entrench+1","Ghostly Armor","Whirlwind+1","Brutality","Battle Trance","Power Through","Shrug It Off","Body Slam+1","Second Wind","Blood for Blood+1","Battle Trance","Seeing Red+1","Evolve+1","Barricade+1","Body Slam+1","Uppercut+1","Impervious","Feel No Pain","Offering+1"],"special_seed":0,"relics":["Burning Blood","Boot","Happy Flower","Gremlin Horn","White Beast Statue","Nloth\u0027s Gift","Membership Card","PreservedInsect","Centennial Puzzle","Molten Egg 2","Nunchaku","Empty Cage","Vajra","Pear","Red Skull","Mummified Hand","Whetstone","Turnip","Charon\u0027s Ashes"],"potions_floor_usage":[],"damage_taken":[{"damage":1.0,"enemies":"Small Slimes","floor":1.0,"turns":4.0},{"damage":7.0,"enemies":"2 Louse","floor":2.0,"turns":2.0},{"damage":0.0,"enemies":"Cultist","floor":3.0,"turns":3.0},{"damage":0.0,"enemies":"Blue Slaver","floor":4.0,"turns":4.0},{"damage":3.0,"enemies":"Exordium Wildlife","floor":7.0,"turns":6.0},{"damage":0.0,"enemies":"Looter","floor":8.0,"turns":2.0},{"damage":6.0,"enemies":"Lagavulin","floor":10.0,"turns":4.0},{"damage":15.0,"enemies":"2 Fungi Beasts","floor":12.0,"turns":4.0},{"damage":5.0,"enemies":"Gremlin Nob","floor":13.0,"turns":3.0},{"damage":29.0,"enemies":"The Guardian","floor":16.0,"turns":8.0},{"damage":2.0,"enemies":"Chosen","floor":18.0,"turns":3.0},{"damage":19.0,"enemies":"Spheric Guardian","floor":20.0,"turns":4.0},{"damage":4.0,"enemies":"Centurion and Healer","floor":22.0,"turns":4.0},{"damage":37.0,"enemies":"Slavers","floor":24.0,"turns":4.0},{"damage":5.0,"enemies":"Snake Plant","floor":27.0,"turns":4.0},{"damage":3.0,"enemies":"3 Cultists","floor":28.0,"turns":4.0},{"damage":11.0,"enemies":"Sentry and Sphere","floor":29.0,"turns":6.0},{"damage":3.0,"enemies":"Book of Stabbing","floor":30.0,"turns":3.0},{"damage":3.0,"enemies":"Automaton","floor":33.0,"turns":5.0},{"damage":18.0,"enemies":"3 Darklings","floor":35.0,"turns":4.0},{"damage":12.0,"enemies":"Orb Walker","floor":38.0,"turns":3.0},{"damage":11.0,"enemies":"Nemesis","floor":40.0,"turns":3.0},{"damage":3,"enemies":"Giant Head","floor":42,"turns":3},{"damage":2,"enemies":"Transient","floor":44,"turns":5},{"damage":7,"enemies":"Reptomancer","floor":45,"turns":4},{"damage":6,"enemies":"2 Orb Walkers","floor":46,"turns":2},{"damage":7,"enemies":"Writhing Mass","floor":47,"turns":2},{"damage":10,"enemies":"Awakened One","floor":50,"turns":5}],"seed_played":"-7765034741639475753","potions_obtained":[{"floor":7.0,"key":"Ancient Potion"},{"floor":8.0,"key":"SpeedPotion"},{"floor":24.0,"key":"Block Potion"},{"floor":27.0,"key":"Strength Potion"},{"floor":28.0,"key":"SkillPotion"},{"floor":29.0,"key":"Dexterity Potion"},{"floor":30.0,"key":"Dexterity Potion"},{"floor":33.0,"key":"Ancient Potion"},{"floor":35.0,"key":"Explosive Potion"},{"floor":38.0,"key":"BloodPotion"},{"floor":40.0,"key":"Explosive Potion"},{"floor":46,"key":"Block Potion"}],"is_trial":true,"path_per_floor":["M","M","M","M","$","R","M","M","T","E","R","M","E","?","R","B",null,"M","?","M","$","M","R","E","R","T","M","M","M","E","?","R","B",null,"M","?","T","M","$","E","R","E","T","M","E","?","M","?","R","B",null],"character_chosen":"IRONCLAD","items_purchased":["Blood for Blood","Membership Card","Pear"],"campfire_rested":0,"item_purchase_floors":[5,21,39],"current_hp_per_floor":[73,72,75,75,75,75,75,75,75,75,75,66,67,72,72,49,72,76,76,63,63,65,65,34,34,34,35,38,33,36,36,36,39,70,58,58,58,52,62,79,79,82,82,86,85,85,84,84,84,80],"gold":252,"neow_bonus":"","is_prod":false,"is_daily":false,"chose_seed":false,"campfire_upgraded":8,"win_rate":0,"timestamp":1562581310,"path_taken":["M","M","M","M","$","R","M","M","T","E","R","M","E","?","R","BOSS","M","?","M","$","M","R","E","R","T","M","?","M","E","?","R","BOSS","M","?","?","M","$","E","R","E","T","M","E","?","?","?","R","BOSS"],"build_version":"2019-07-05","purchased_purges":3,"victory":true,"max_hp_per_floor":[75,75,75,75,75,75,75,75,75,75,75,75,75,80,80,80,80,80,80,80,80,80,80,80,80,80,80,80,80,80,80,80,80,80,80,80,80,80,90,90,90,90,90,90,90,90,90,90,90,90],"card_choices":[{"not_picked":["Perfected Strike","True Grit"],"picked":"Shrug It Off","floor":1.0},{"not_picked":["Warcry","Pommel Strike"],"picked":"Wild Strike","floor":2.0},{"not_picked":["Twin Strike","Combust"],"picked":"Body Slam","floor":3.0},{"not_picked":["Warcry","Sword Boomerang"],"picked":"Second Wind","floor":4.0},{"not_picked":["Perfected Strike","Iron Wave"],"picked":"Battle Trance","floor":7.0},{"not_picked":["Intimidate","Anger","Blood for Blood"],"picked":"SKIP","floor":8.0},{"not_picked":["Warcry","Armaments","Ghostly Armor"],"picked":"SKIP","floor":10.0},{"not_picked":["True Grit","Thunderclap","Rage"],"picked":"SKIP","floor":12.0},{"not_picked":["Armaments","Double Tap","Rampage"],"picked":"SKIP","floor":13.0},{"not_picked":["Rage","Ghostly Armor","Seeing Red"],"picked":"SKIP","floor":18.0},{"not_picked":["Rage","Ghostly Armor"],"picked":"Seeing Red","floor":18.0},{"not_picked":["Body Slam","Iron Wave"],"picked":"Evolve","floor":20.0},{"not_picked":["Heavy Blade","Havoc","Iron Wave"],"picked":"SKIP","floor":22.0},{"not_picked":["Wild Strike","Spot Weakness","Anger+1"],"picked":"SKIP","floor":24.0},{"not_picked":["Ghostly Armor","Perfected Strike"],"picked":"Barricade","floor":27.0},{"not_picked":["Cleave","True Grit"],"picked":"Body Slam+1","floor":28.0},{"not_picked":["Carnage","Perfected Strike"],"picked":"Uppercut+1","floor":29.0},{"not_picked":["Sentinel","Uppercut+1","Reaper"],"picked":"SKIP","floor":30.0},{"not_picked":["Combust","Searing Blow+1","Whirlwind+1"],"picked":"SKIP","floor":35.0},{"not_picked":["Fire Breathing+1","Pommel Strike+1","Seeing Red"],"picked":"SKIP","floor":38.0},{"not_picked":["Second Wind","Fire Breathing"],"picked":"Impervious","floor":40.0},{"not_picked":["Wild Strike+1","Battle Trance+1"],"picked":"Feel No Pain","floor":42},{"not_picked":["Battle Trance+1","Reaper+1","Warcry"],"picked":"SKIP","floor":44},{"not_picked":["Fiend Fire+1","Battle Trance"],"picked":"Offering","floor":45},{"not_picked":["Intimidate","Feed+1","Rage"],"picked":"SKIP","floor":47}],"player_experience":189553,"relics_obtained":[{"floor":9.0,"key":"Boot"},{"floor":10.0,"key":"Happy Flower"},{"floor":13.0,"key":"Gremlin Horn"},{"floor":24.0,"key":"PreservedInsect"},{"floor":26.0,"key":"Centennial Puzzle"},{"floor":30.0,"key":"Molten Egg 2"},{"floor":37.0,"key":"Vajra"},{"floor":40.0,"key":"Red Skull"},{"floor":42,"key":"Mummified Hand"},{"floor":43,"key":"Whetstone"},{"floor":45,"key":"Turnip"},{"floor":46,"key":"Charon\u0027s Ashes"}],"event_choices":[{"damage_healed":0.0,"max_hp_gain":5.0,"max_hp_loss":0.0,"gold_gain":0.0,"event_name":"Big Fish","player_choice":"Donut","floor":14.0,"gold_loss":0.0,"damage_taken":0.0},{"damage_healed":0.0,"max_hp_gain":0.0,"max_hp_loss":0.0,"gold_gain":0.0,"event_name":"N\u0027loth","player_choice":"Traded Relic","floor":19.0,"relics_lost":["Pandora\u0027s Box"],"gold_loss":0.0,"damage_taken":0.0,"relics_obtained":["Nloth\u0027s Gift"]},{"damage_healed":0.0,"max_hp_gain":0.0,"max_hp_loss":0.0,"gold_gain":0.0,"event_name":"Addict","player_choice":"Obtained Relic","floor":31.0,"gold_loss":85.0,"damage_taken":0.0,"relics_obtained":["Nunchaku"]},{"damage_healed":0.0,"max_hp_gain":0.0,"max_hp_loss":0.0,"gold_gain":0.0,"event_name":"Tomb of Lord Red Mask","player_choice":"Ignored","floor":36.0,"gold_loss":0.0,"damage_taken":0.0},{"damage_healed":0,"gold_gain":0,"player_choice":"Fight","damage_taken":0,"max_hp_gain":0,"max_hp_loss":0,"event_name":"Mysterious Sphere","floor":46,"gold_loss":0},{"damage_healed":0,"gold_gain":0,"player_choice":"Memory 1","damage_taken":0,"max_hp_gain":0,"max_hp_loss":0,"event_name":"SensoryStone","floor":48,"gold_loss":0}],"is_beta":false,"boss_relics":[{"not_picked":["Busted Crown","Snecko Eye"],"picked":"White Beast Statue"},{"not_picked":["Tiny House","Lizard Tail"],"picked":"Empty Cage"}],"items_purged_floors":[5,21,39],"is_endless":false,"potions_floor_spawned":[7,8,12,13,18,20,22,24,27,28,29,30,33,35,38,40,42,44,45,46,47],"ascension_level":15}