{"gold_per_floor":[114,129,109,119,133,133,4,23,23,41,55,68,79,94,94,198,198,209,134,54,54,54],"floor_reached":22,"playtime":2960,"items_purged":["Strike_B"],"score":232,"play_id":"861d3686-28b1-412c-ad0a-bd0fa3b052a7","local_time":"20190711032735","is_ascension_mode":false,"campfire_choices":[{"data":"Fusion","floor":6,"key":"SMITH"},{"floor":15,"key":"REST"}],"neow_cost":"NONE","seed_source_timestamp":1399475931947800,"circlet_count":0,"master_deck":["Strike_B","Strike_B","Strike_B","Defend_B","Defend_B","Defend_B","Defend_B","Zap","Dualcast","Fusion+1","Skim","Loop","Aggregate","Coolheaded","Chill","Compile Driver","Reprogram","Double Energy","Leap","Conserve Battery","All For One","Redo","Cold Snap","Beam Cell","Reinforced Body","Conserve Battery","Stack+1","Hologram+1","Capacitor"],"relics":["Cracked Core","Oddly Smooth Stone","Orrery"],"potions_floor_usage":[13,16,16,16],"damage_taken":[{"damage":3,"enemies":"Small Slimes","floor":1,"turns":3},{"damage":0,"enemies":"Cultist","floor":2,"turns":4},{"damage":10,"enemies":"Jaw Worm","floor":4,"turns":4},{"damage":21,"enemies":"Lots of Slimes","floor":5,"turns":6},{"damage":11,"enemies":"Looter","floor":8,"turns":4},{"damage":7,"enemies":"Blue Slaver","floor":10,"turns":5},{"damage":7,"enemies":"Exordium Wildlife","floor":11,"turns":5},{"damage":3,"enemies":"Large Slime","floor":12,"turns":5},{"damage":2,"enemies":"2 Fungi Beasts","floor":13,"turns":3},{"damage":7,"enemies":"Red Slaver","floor":14,"turns":5},{"damage":0,"enemies":"Hexaghost","floor":16,"turns":12},{"damage":12,"enemies":"Spheric Guardian","floor":18,"turns":12},{"damage":9,"enemies":"2 Thieves","floor":19,"turns":5},{"damage":58,"enemies":"Masked Bandits","floor":22,"turns":5}],"seed_played":"2117127849981042262","potions_obtained":[{"floor":2,"key":"FocusPotion"},{"floor":3,"key":"SmokeBomb"},{"floor":4,"key":"SkillPotion"},{"floor":10,"key":"Poison Potion"},{"floor":11,"key":"Fire Potion"},{"floor":13,"key":"Explosive Potion"},{"floor":14,"key":"GamblersBrew"}],"is_trial":false,"path_per_floor":["M","M","?","M","M","R","$","M","T","M","M","M","M","M","R","B",null,"M","M","$","?","?"],"character_chosen":"DEFECT","items_purchased":["Coolheaded","Capacitor"],"campfire_rested":1,"item_purchase_floors":[7,20],"current_hp_per_floor":[79,79,79,69,48,48,48,37,37,30,23,20,18,11,35,35,82,70,61,61,45,0],"gold":54,"neow_bonus":"TEN_PERCENT_HP_BONUS","is_prod":false,"is_daily":false,"chose_seed":false,"campfire_upgraded":1,"win_rate":0,"timestamp":1562830055,"path_taken":["M","M","?","M","M","R","$","M","T","M","M","M","M","M","R","BOSS","M","M","$","?","?"],"build_version":"2019-07-05","purchased_purges":1,"victory":false,"max_hp_per_floor":[82,82,82,82,82,82,82,82,82,82,82,82,82,82,82,82,82,82,82,82,87,87],"card_choices":[{"not_picked":["Streamline","Barrage"],"picked":"Fusion","floor":1},{"not_picked":["Scrape","Barrage"],"picked":"Skim","floor":2},{"not_picked":["Stack","Lockon"],"picked":"Loop","floor":4},{"not_picked":["Gash","Consume"],"picked":"Aggregate","floor":5},{"not_picked":["Double Energy","Heatsinks"],"picked":"Chill","floor":8},{"not_picked":["Reprogram","Turbo"],"picked":"Compile Driver","floor":10},{"not_picked":["Force Field","Turbo"],"picked":"Reprogram","floor":11},{"not_picked":["FTL","Barrage"],"picked":"Double Energy","floor":12},{"not_picked":["Rip and Tear","Gash"],"picked":"Leap","floor":13},{"not_picked":["Redo","Seek"],"picked":"Conserve Battery","floor":14},{"not_picked":["Multi-Cast","Buffer"],"picked":"All For One","floor":16},{"not_picked":["Stack","Hologram"],"picked":"Redo","floor":17},{"not_picked":["Creative AI","Go for the Eyes"],"picked":"Cold Snap","floor":17},{"not_picked":["Ball Lightning","Undo"],"picked":"Beam Cell","floor":17},{"not_picked":["Tempest","Skim"],"picked":"Reinforced Body","floor":17},{"not_picked":["Coolheaded","Loop"],"picked":"Conserve Battery","floor":17},{"not_picked":["Electrodynamics","Streamline"],"picked":"Stack+1","floor":18},{"not_picked":["Melter","Coolheaded"],"picked":"Hologram+1","floor":19}],"player_experience":50083,"relics_obtained":[{"floor":9,"key":"Oddly Smooth Stone"}],"event_choices":[{"damage_healed":0,"gold_gain":0,"player_choice":"Bought 1 Potion","damage_taken":0,"max_hp_gain":0,"max_hp_loss":0,"event_name":"The Woman in Blue","floor":3,"gold_loss":0},{"damage_healed":0,"gold_gain":0,"player_choice":"Shed Blood","damage_taken":21,"max_hp_gain":5,"max_hp_loss":0,"event_name":"Forgotten Altar","floor":21,"gold_loss":0},{"damage_healed":0,"gold_gain":0,"player_choice":"Fought Bandits","damage_taken":0,"max_hp_gain":0,"max_hp_loss":0,"event_name":"Masked Bandits","floor":22,"gold_loss":0}],"is_beta":false,"boss_relics":[{"not_picked":["Tiny House","Fusion Hammer"],"picked":"Orrery"}],"items_purged_floors":[7],"is_endless":false,"potions_floor_spawned":[2,4,10,11,13,14],"killed_by":"Masked Bandits","ascension_level":0}