{"gold_per_floor":[118,193,207,222,4,4,4,35,35,49,324,13,13,39,39,112,112,131,181,181],"floor_reached":20,"playtime":626,"items_purged":["Regret"],"score":410,"play_id":"5e522b78-a310-442d-bc29-abed9a8a2f48","local_time":"20190614033843","is_ascension_mode":true,"campfire_choices":[{"data":"Zap","floor":6,"key":"SMITH"},{"floor":13,"key":"REST"},{"data":"Defragment","floor":15,"key":"SMITH"}],"neow_cost":"PERCENT_DAMAGE","seed_source_timestamp":1378572375115969,"circlet_count":0,"master_deck":["AscendersBane","Strike_B","Strike_B","Strike_B","Strike_B","Defend_B","Defend_B","Defend_B","Defend_B","Zap+1","Dualcast","Compile Driver","Doom and Gloom","Rainbow","Defragment+1","Chill","Melter","Static Discharge","Coolheaded","Echo Form","Darkness+1"],"relics":["Cracked Core","Membership Card","Girya","Calipers","Symbiotic Virus","Happy Flower","Inserter"],"potions_floor_usage":[20],"damage_taken":[{"damage":5,"enemies":"Small Slimes","floor":1,"turns":4},{"damage":3,"enemies":"2 Louse","floor":3,"turns":2},{"damage":1,"enemies":"Cultist","floor":4,"turns":3},{"damage":25,"enemies":"Lagavulin","floor":8,"turns":5},{"damage":4,"enemies":"Exordium Wildlife","floor":10,"turns":2},{"damage":0,"enemies":"3 Sentries","floor":14,"turns":5},{"damage":3,"enemies":"The Guardian","floor":16,"turns":12},{"damage":21,"enemies":"Shell Parasite","floor":18,"turns":4},{"damage":22,"enemies":"Colosseum Slavers","floor":20,"turns":5},{"damage":30,"enemies":"Colosseum Nobs","floor":20,"turns":3}],"seed_played":"-4163504209527002637","potions_obtained":[{"floor":3,"key":"Block Potion"},{"floor":8,"key":"Poison Potion"}],"is_trial":false,"path_per_floor":["M","?","M","M","$","R","?","E","T","M","?","$","R","E","R","B",null,"M","?","?"],"character_chosen":"DEFECT","items_purchased":["Membership Card","Symbiotic Virus","Chill","Melter","Dexterity Potion","Static Discharge"],"campfire_rested":1,"item_purchase_floors":[5,12,12,12,12,12],"current_hp_per_floor":[55,44,41,40,40,40,40,15,15,11,11,11,36,36,36,33,72,51,51,0],"gold":181,"neow_bonus":"TWENTY_PERCENT_HP_BONUS","is_prod":false,"is_daily":false,"chose_seed":false,"campfire_upgraded":2,"win_rate":0,"timestamp":1560501523,"path_taken":["M","?","M","M","$","R","?","E","T","M","?","$","R","E","R","BOSS","M","?","?"],"build_version":"2019-01-23","purchased_purges":1,"victory":false,"max_hp_per_floor":[85,85,85,85,85,85,85,85,85,85,85,85,85,85,85,85,85,85,85,85],"card_choices":[{"not_picked":["Streamline","Undo"],"picked":"Compile Driver","floor":1},{"not_picked":["Stack","Beam Cell","Recycle"],"picked":"SKIP","floor":3},{"not_picked":["Recycle","Aggregate"],"picked":"Doom and Gloom","floor":4},{"not_picked":["Force Field","Compile Driver"],"picked":"Rainbow","floor":8},{"not_picked":["Loop","Gash"],"picked":"Defragment","floor":10},{"not_picked":["Self Repair","Double Energy"],"picked":"Coolheaded","floor":14},{"not_picked":["Creative AI","Hyperbeam"],"picked":"Echo Form","floor":16},{"not_picked":["Stack+1","Steam"],"picked":"Darkness+1","floor":18}],"player_experience":1785548,"relics_obtained":[{"floor":8,"key":"Girya"},{"floor":9,"key":"Calipers"},{"floor":14,"key":"Happy Flower"}],"event_choices":[{"damage_healed":0,"gold_gain":75,"player_choice":"Gather Gold","damage_taken":11,"max_hp_gain":0,"max_hp_loss":0,"event_name":"World of Goop","floor":2,"gold_loss":0},{"damage_healed":0,"gold_gain":0,"player_choice":"Leave","damage_taken":0,"max_hp_gain":0,"max_hp_loss":0,"event_name":"The Cleric","floor":7,"gold_loss":0},{"damage_healed":0,"gold_gain":275,"player_choice":"Desecrate","damage_taken":0,"max_hp_gain":0,"max_hp_loss":0,"event_name":"Golden Shrine","floor":11,"gold_loss":0,"cards_obtained":["Regret"]},{"damage_healed":0,"gold_gain":50,"player_choice":"Stole From Cult","damage_taken":0,"max_hp_gain":0,"max_hp_loss":0,"event_name":"Nest","floor":19,"gold_loss":0},{"damage_healed":0,"gold_gain":0,"player_choice":"Fight","damage_taken":0,"max_hp_gain":0,"max_hp_loss":0,"event_name":"Colosseum","floor":20,"gold_loss":0},{"damage_healed":0,"gold_gain":0,"player_choice":"Fought Nobs","damage_taken":0,"max_hp_gain":0,"max_hp_loss":0,"event_name":"Colosseum","floor":20,"gold_loss":0}],"is_beta":false,"boss_relics":[{"not_picked":["Calling Bell","Pandora\u0027s Box"],"picked":"Inserter"}],"items_purged_floors":[12],"is_endless":false,"potions_floor_spawned":[3,8,10,20],"killed_by":"Colosseum Nobs","ascension_level":20}