{"gold_per_floor":[114,114,124,139,64,64,97,97,97,97,107,126,174,174,174,278,278,289,107,127,137,148,183,183,183,183,183,197,224,224,239,239,343,343,362,62,462,462,478,505,518,518,518,9,9,309,329,346,346,346],"floor_reached":51,"playtime":6297,"items_purged":["Strike_R","Strike_R","Defend_R"],"score":915,"play_id":"66536d97-c049-4079-9338-6850680b9b90","local_time":"20190630101948","is_ascension_mode":true,"campfire_choices":[{"data":"Wild Strike","floor":6,"key":"SMITH"},{"floor":8,"key":"REST"},{"data":"Inflame","floor":10,"key":"SMITH"},{"data":"Fiend Fire","floor":15,"key":"SMITH"},{"data":"Rage","floor":24,"key":"SMITH"},{"data":"Evolve","floor":30,"key":"SMITH"},{"floor":32,"key":"REST"},{"data":"Shrug It Off","floor":42,"key":"SMITH"},{"data":"Feel No Pain","floor":45,"key":"SMITH"},{"floor":49,"key":"REST"}],"neow_cost":"PERCENT_DAMAGE","seed_source_timestamp":1414905831041012,"circlet_count":0,"master_deck":["Strike_R+1","Defend_R","Defend_R","Bash+1","Wild Strike+1","Inflame+1","Headbutt","Fiend Fire+1","Twin Strike","Offering","Rage+1","Feel No Pain+1","Twin Strike","Ghostly Armor+1","Iron Wave","Infernal Blade+1","Evolve+1","Wild Strike+1","Shrug It Off+1","Cleave+1","Dual Wield+1","Heavy Blade+1","Parasite","Pummel","Inflame","Power Through+1"],"relics":["Burning Blood","Singing Bowl","Pear","Whetstone","Potion Belt","Runic Pyramid","Lantern","Shuriken","Bronze Scales","Regal Pillow","Blue Candle","Cursed Key","Bottled Tornado","Old Coin","Mercury Hourglass","Boot","Pen Nib","HandDrill"],"potions_floor_usage":[4,22,23,23,33,33,40,41,50,50,50],"damage_taken":[{"damage":6,"enemies":"Jaw Worm","floor":1,"turns":6},{"damage":1,"enemies":"Cultist","floor":3,"turns":3},{"damage":0,"enemies":"Small Slimes","floor":4,"turns":3},{"damage":35,"enemies":"Lagavulin","floor":7,"turns":7},{"damage":1,"enemies":"Looter","floor":11,"turns":2},{"damage":12,"enemies":"Large Slime","floor":12,"turns":4},{"damage":20,"enemies":"Slime Boss","floor":16,"turns":9},{"damage":23,"enemies":"2 Thieves","floor":18,"turns":3},{"damage":0,"enemies":"Spheric Guardian","floor":20,"turns":3},{"damage":6,"enemies":"Snake Plant","floor":21,"turns":2},{"damage":6,"enemies":"Sentry and Sphere","floor":22,"turns":4},{"damage":14,"enemies":"Book of Stabbing","floor":23,"turns":4},{"damage":11,"enemies":"Snecko","floor":28,"turns":4},{"damage":23,"enemies":"Slavers","floor":29,"turns":4},{"damage":0,"enemies":"Centurion and Healer","floor":31,"turns":3},{"damage":19,"enemies":"Collector","floor":33,"turns":3},{"damage":9,"enemies":"3 Darklings","floor":35,"turns":6},{"damage":18,"enemies":"Mind Bloom Boss Battle","floor":37,"turns":5},{"damage":5,"enemies":"Orb Walker","floor":39,"turns":3},{"damage":6,"enemies":"Giant Head","floor":40,"turns":6},{"damage":9,"enemies":"Maw","floor":41,"turns":5},{"damage":41,"enemies":"4 Shapes","floor":47,"turns":2},{"damage":6,"enemies":"Spire Growth","floor":48,"turns":3},{"damage":39,"enemies":"Donu and Deca","floor":50,"turns":7}],"seed_played":"8250348871615322921","potions_obtained":[{"floor":1,"key":"Strength Potion"},{"floor":7,"key":"FearPotion"},{"floor":11,"key":"SteroidPotion"},{"floor":12,"key":"Dexterity Potion"},{"floor":16,"key":"EssenceOfSteel"},{"floor":21,"key":"Dexterity Potion"},{"floor":22,"key":"Block Potion"},{"floor":28,"key":"Poison Potion"},{"floor":31,"key":"Fire Potion"},{"floor":39,"key":"FearPotion"},{"floor":40,"key":"GamblersBrew"},{"floor":48,"key":"Strength Potion"}],"is_trial":false,"path_per_floor":["M","?","M","M","$","R","E","R","T","R","M","M","T","?","R","B",null,"M","$","M","M","M","E","R","?","T","?","M","E","R","M","R","B",null,"M","$","?","?","M","E","M","R","T","$","R","?","M","M","R","B",null],"character_chosen":"IRONCLAD","items_purchased":["Feel No Pain","Bottled Tornado","Shrug It Off","Pen Nib","HandDrill","Pummel"],"campfire_rested":3,"item_purchase_floors":[19,36,36,44,44,44],"current_hp_per_floor":[56,56,61,67,67,67,38,62,72,72,79,73,73,66,66,52,82,65,65,71,71,71,63,63,63,63,63,60,43,43,49,92,81,92,89,89,79,79,80,80,77,77,77,77,77,77,42,42,86,53],"gold":346,"neow_bonus":"REMOVE_TWO","is_prod":false,"is_daily":false,"chose_seed":false,"campfire_upgraded":7,"win_rate":0,"timestamp":1561904388,"path_taken":["M","?","M","M","$","R","E","R","T","R","?","M","?","?","R","BOSS","M","$","M","M","M","E","R","?","T","?","M","E","R","M","R","BOSS","M","$","?","?","M","E","M","R","T","$","R","?","?","M","R","BOSS"],"build_version":"2019-01-23","purchased_purges":3,"victory":true,"max_hp_per_floor":[80,80,80,80,80,80,80,80,90,90,92,92,92,92,92,92,92,92,92,92,92,92,92,92,92,92,92,94,94,94,94,94,96,96,96,96,98,98,98,98,98,98,98,98,98,98,98,98,98,98],"card_choices":[{"not_picked":["Reckless Charge","Warcry"],"picked":"Wild Strike","floor":1},{"not_picked":["Thunderclap","Power Through"],"picked":"Inflame","floor":3},{"not_picked":["Wild Strike","Feel No Pain"],"picked":"Headbutt","floor":4},{"not_picked":["Burning Pact","Seeing Red"],"picked":"Fiend Fire","floor":7},{"not_picked":["Clothesline","Anger","Infernal Blade"],"picked":"Singing Bowl","floor":11},{"not_picked":["Wild Strike","Dropkick"],"picked":"Twin Strike","floor":12},{"not_picked":["Brutality","Barricade"],"picked":"Offering","floor":16},{"not_picked":["Shockwave","Warcry"],"picked":"Rage","floor":18},{"not_picked":["Perfected Strike","Wild Strike"],"picked":"Twin Strike","floor":20},{"not_picked":["Heavy Blade","Immolate"],"picked":"Ghostly Armor+1","floor":21},{"not_picked":["Dropkick","Flex"],"picked":"Iron Wave","floor":22},{"not_picked":["Cleave","Shrug It Off"],"picked":"Infernal Blade+1","floor":23},{"not_picked":["Perfected Strike+1","Pommel Strike","Heavy Blade"],"picked":"Singing Bowl","floor":28},{"not_picked":["Rampage","Whirlwind"],"picked":"Evolve","floor":29},{"not_picked":["Power Through","Clash"],"picked":"Wild Strike+1","floor":31},{"not_picked":["Fiend Fire","Offering","Bludgeon"],"picked":"Singing Bowl","floor":33},{"not_picked":["Anger","Warcry"],"picked":"Disarm+1","floor":35},{"not_picked":["Havoc","Cleave","Offering"],"picked":"Singing Bowl","floor":37},{"not_picked":["Heavy Blade","Iron Wave"],"picked":"Cleave+1","floor":39},{"not_picked":["Intimidate+1","Perfected Strike+1"],"picked":"Dual Wield+1","floor":40},{"not_picked":["Anger","Intimidate+1"],"picked":"Heavy Blade+1","floor":41},{"not_picked":["Heavy Blade","Anger+1"],"picked":"Inflame","floor":47},{"not_picked":["Clash","Headbutt"],"picked":"Power Through+1","floor":48}],"player_experience":311392,"relics_obtained":[{"floor":7,"key":"Singing Bowl"},{"floor":9,"key":"Pear"},{"floor":13,"key":"Whetstone"},{"floor":23,"key":"Lantern"},{"floor":26,"key":"Bronze Scales"},{"floor":29,"key":"Blue Candle"},{"floor":37,"key":"Old Coin"},{"floor":40,"key":"Mercury Hourglass"},{"floor":43,"key":"Boot"}],"event_choices":[{"cards_removed":["Defend_R"],"damage_healed":0,"gold_gain":0,"player_choice":"Offered Basic","damage_taken":0,"max_hp_gain":0,"max_hp_loss":0,"event_name":"Bonfire Elementals","floor":2,"gold_loss":0},{"damage_healed":0,"gold_gain":0,"player_choice":"Success","damage_taken":7,"relics_obtained":["Potion Belt"],"max_hp_gain":0,"max_hp_loss":0,"event_name":"Scrap Ooze","floor":14,"gold_loss":0},{"damage_healed":0,"gold_gain":0,"player_choice":"Opened","damage_taken":0,"relics_obtained":["Shuriken"],"max_hp_gain":0,"max_hp_loss":0,"event_name":"The Mausoleum","floor":25,"gold_loss":0},{"damage_healed":0,"gold_gain":0,"player_choice":"Gave Potion","damage_taken":0,"relics_obtained":["Regal Pillow"],"max_hp_gain":0,"max_hp_loss":0,"event_name":"WeMeetAgain","floor":27,"gold_loss":0},{"damage_healed":0,"gold_gain":0,"player_choice":"Fight","damage_taken":0,"max_hp_gain":0,"max_hp_loss":0,"event_name":"MindBloom","floor":37,"gold_loss":0},{"cards_removed":["Disarm"],"damage_healed":0,"gold_gain":0,"player_choice":"Removed Skill","damage_taken":0,"max_hp_gain":0,"max_hp_loss":0,"event_name":"Falling","floor":38,"gold_loss":0},{"damage_healed":0,"gold_gain":300,"player_choice":"Gold","damage_taken":0,"max_hp_gain":0,"max_hp_loss":0,"event_name":"Wheel of Change","floor":46,"gold_loss":0}],"is_beta":false,"boss_relics":[{"not_picked":["Black Blood","Black Star"],"picked":"Runic Pyramid"},{"not_picked":["Tiny House","Astrolabe"],"picked":"Cursed Key"}],"items_purged_floors":[5,19,44],"is_endless":false,"potions_floor_spawned":[1,7,11,12,16,21,22,28,31,39,40,48],"ascension_level":5}