{"gold_per_floor":[19,38,188,204,204,204,204,228,228,228,294,294,310,353,353,353],"floor_reached":16,"playtime":656,"items_purged":[],"score":220,"play_id":"ba3d089c-a53b-4463-86f5-59c6b3738dd7","local_time":"20190609133450","is_ascension_mode":true,"campfire_choices":[{"data":"Feed","floor":6,"key":"SMITH"},{"data":"Bash","floor":10,"key":"SMITH"},{"floor":12,"key":"REST"},{"data":"Armaments","floor":15,"key":"SMITH"}],"neow_cost":"NO_GOLD","seed_source_timestamp":0,"circlet_count":0,"master_deck":["AscendersBane","Strike_R","Strike_R","Strike_R","Strike_R","Defend_R","Defend_R","Defend_R","Defend_R","Bash+1","Feed+1","Rampage","Doubt","Anger","Rupture","Armaments+1","Rage+1","Iron Wave","Offering+1"],"special_seed":0,"relics":["Burning Blood","Golden Idol","Toxic Egg 2","Tiny Chest","Mercury Hourglass"],"potions_floor_usage":[11,14,16],"damage_taken":[{"damage":5,"enemies":"Small Slimes","floor":1,"turns":3},{"damage":24,"enemies":"Cultist","floor":2,"turns":6},{"damage":2,"enemies":"2 Louse","floor":4,"turns":3},{"damage":8,"enemies":"Exordium Wildlife","floor":8,"turns":3},{"damage":50,"enemies":"3 Sentries","floor":11,"turns":13},{"damage":16,"enemies":"Large Slime","floor":13,"turns":7},{"damage":15,"enemies":"Lagavulin","floor":14,"turns":7},{"damage":34,"enemies":"The Guardian","floor":16,"turns":9}],"seed_played":"-4384914027673215295","potions_obtained":[{"floor":2,"key":"Strength Potion"},{"floor":8,"key":"Explosive Potion"},{"floor":13,"key":"GamblersBrew"}],"is_trial":false,"path_per_floor":["M","M","?","M","?","R","?","M","T","R","E","R","M","E","R","B"],"character_chosen":"IRONCLAD","items_purchased":[],"campfire_rested":1,"item_purchase_floors":[],"current_hp_per_floor":[72,54,54,61,61,61,61,63,63,63,23,47,41,32,32,0],"gold":353,"neow_bonus":"THREE_RARE_CARDS","is_prod":false,"is_daily":false,"chose_seed":false,"campfire_upgraded":3,"win_rate":0,"timestamp":1560105290,"path_taken":["M","M","?","M","?","R","?","?","T","R","E","R","M","E","R","BOSS"],"build_version":"2019-01-23","purchased_purges":0,"victory":false,"max_hp_per_floor":[78,78,78,81,73,73,73,77,77,77,81,81,85,85,85,85],"card_choices":[{"not_picked":["Berserk","Exhume"],"picked":"Feed","floor":0},{"not_picked":["Clothesline","Body Slam"],"picked":"Rampage","floor":1},{"not_picked":["Blood for Blood","Power Through","Ghostly Armor"],"picked":"SKIP","floor":2},{"not_picked":["Havoc","Dual Wield"],"picked":"Anger","floor":4},{"not_picked":["Perfected Strike","Intimidate"],"picked":"Armaments","floor":8},{"not_picked":["Sword Boomerang","Perfected Strike"],"picked":"Rage+1","floor":11},{"not_picked":["Second Wind+1","Thunderclap"],"picked":"Iron Wave","floor":13},{"not_picked":["Body Slam","Bloodletting+1"],"picked":"Offering+1","floor":14}],"player_experience":1716847,"relics_obtained":[{"floor":9,"key":"Toxic Egg 2"},{"floor":11,"key":"Tiny Chest"},{"floor":14,"key":"Mercury Hourglass"}],"event_choices":[{"damage_healed":0,"gold_gain":150,"player_choice":"AGREE","damage_taken":0,"max_hp_gain":0,"max_hp_loss":0,"event_name":"Liars Game","floor":3,"gold_loss":0,"cards_obtained":["Doubt"]},{"damage_healed":0,"gold_gain":0,"player_choice":"Lose Max HP","damage_taken":0,"relics_obtained":["Golden Idol"],"max_hp_gain":0,"max_hp_loss":8,"event_name":"Golden Idol","floor":5,"gold_loss":0},{"damage_healed":0,"gold_gain":0,"cards_transformed":["Strike_R"],"player_choice":"Transformed","damage_taken":0,"max_hp_gain":0,"max_hp_loss":0,"event_name":"Transmorgrifier","floor":7,"gold_loss":0,"cards_obtained":["Rupture"]}],"is_beta":false,"boss_relics":[],"items_purged_floors":[],"is_endless":false,"potions_floor_spawned":[2,8,13],"killed_by":"The Guardian","ascension_level":20}