{"gold_per_floor":[109,126,91,91,91,106,126,126,126,126,145,180,180,193,193,290,340,351,368,0,0,15,50,50,60,60,72,95,107,146,158,170,182],"floor_reached":33,"playtime":3057,"items_purged":[],"score":337,"play_id":"6ec31fb0-28f4-43ab-b940-14a65868e288","local_time":"20190705124714","is_ascension_mode":false,"campfire_choices":[{"floor":8,"key":"REST"},{"floor":15,"key":"REST"},{"floor":24,"key":"REST"},{"data":"Sunder","floor":27,"key":"SMITH"},{"data":"RitualDagger","floor":32,"key":"SMITH"}],"neow_cost":"TEN_PERCENT_HP_LOSS","seed_source_timestamp":1599633306151000,"circlet_count":0,"master_deck":["Strike_B","Strike_B","Strike_B","Strike_B","Defend_B","Defend_B+1","Defend_B+1","Defend_B","Zap","Dualcast","Ball Lightning+1","Chill","Compile Driver","Blizzard","Chill","Fusion+1","Multi-Cast","Thunder Strike","Self Repair","Conserve Battery","Static Discharge","Sunder+1","J.A.X.","Ball Lightning+1","Lockon","Capacitor","Skim+1","Ghostly","Ghostly","Ghostly","Ghostly","Ghostly","Compile Driver+1","RitualDagger+1"],"relics":["Cracked Core","Incense Burner","Meat on the Bone","Mummified Hand","Pear","Tiny House","Ice Cream","Thread and Needle","MawBank","Nunchaku"],"potions_floor_usage":[12,22,25,28,30,33],"damage_taken":[{"damage":8,"enemies":"Jaw Worm","floor":1,"turns":3},{"damage":0,"enemies":"2 Louse","floor":2,"turns":1},{"damage":0,"enemies":"Small Slimes","floor":6,"turns":2},{"damage":0,"enemies":"2 Fungi Beasts","floor":7,"turns":2},{"damage":0,"enemies":"Exordium Wildlife","floor":11,"turns":2},{"damage":6,"enemies":"Lagavulin","floor":12,"turns":4},{"damage":7,"enemies":"3 Louse","floor":14,"turns":2},{"damage":60,"enemies":"Hexaghost","floor":16,"turns":11},{"damage":25,"enemies":"Shell Parasite","floor":18,"turns":7},{"damage":8,"enemies":"Chosen","floor":19,"turns":4},{"damage":14,"enemies":"3 Cultists","floor":22,"turns":5},{"damage":34,"enemies":"Slavers","floor":23,"turns":6},{"damage":16,"enemies":"Snake Plant","floor":25,"turns":5},{"damage":20,"enemies":"Centurion and Healer","floor":28,"turns":5},{"damage":3,"enemies":"Book of Stabbing","floor":30,"turns":6},{"damage":59,"enemies":"Collector","floor":33,"turns":6}],"seed_played":"-6767509361555290290","potions_obtained":[{"floor":7,"key":"Poison Potion"},{"floor":16,"key":"Ancient Potion"},{"floor":17,"key":"Energy Potion"},{"floor":19,"key":"AttackPotion"},{"floor":22,"key":"Regen Potion"},{"floor":23,"key":"Block Potion"},{"floor":28,"key":"FocusPotion"}],"is_trial":false,"path_per_floor":["M","M","?","?","?","M","M","R","T","?","M","E","?","M","R","B",null,"M","M","$","?","M","E","R","M","T","R","M","?","E","?","R","B"],"character_chosen":"DEFECT","items_purchased":["Ice Cream","Sunder"],"campfire_rested":3,"item_purchase_floors":[20,20],"current_hp_per_floor":[60,60,68,54,36,36,36,56,56,61,61,65,65,58,82,34,88,70,69,69,69,55,40,66,57,57,57,56,44,44,38,38,0],"gold":182,"neow_bonus":"ONE_RARE_RELIC","is_prod":false,"is_daily":false,"chose_seed":false,"campfire_upgraded":2,"win_rate":0.0,"timestamp":1562345234,"path_taken":["M","M","?","?","?","M","M","R","T","?","?","E","?","M","R","BOSS","M","M","$","?","M","E","R","M","T","R","M","?","E","?","R","BOSS"],"build_version":"2019-07-01","purchased_purges":0,"victory":false,"max_hp_per_floor":[68,68,68,68,68,68,68,68,68,73,73,83,83,83,83,83,88,88,88,88,88,88,88,88,88,88,88,88,44,44,44,44,44],"card_choices":[{"not_picked":["Gash","Conserve Battery"],"picked":"Ball Lightning","floor":1},{"not_picked":["Hologram","Gash"],"picked":"Chill","floor":2},{"not_picked":["Beam Cell","Steam Power"],"picked":"Compile Driver","floor":6},{"not_picked":["Heatsinks","Reprogram"],"picked":"Blizzard","floor":7},{"not_picked":["Steam","Rebound"],"picked":"Chill","floor":11},{"not_picked":["Barrage","BootSequence"],"picked":"Fusion","floor":12},{"not_picked":["Steam","Gash"],"picked":"Multi-Cast","floor":14},{"not_picked":["Reboot","Multi-Cast"],"picked":"Thunder Strike","floor":16},{"not_picked":["Ball Lightning","Stack"],"picked":"Self Repair","floor":17},{"not_picked":["Compile Driver","BootSequence"],"picked":"Conserve Battery","floor":18},{"not_picked":["Turbo+1","Ball Lightning"],"picked":"Static Discharge","floor":19},{"not_picked":["Barrage","Heatsinks"],"picked":"Ball Lightning+1","floor":22},{"not_picked":["Go for the Eyes","Steam Power+1"],"picked":"Lockon","floor":23},{"not_picked":["Beam Cell","Hello World"],"picked":"Capacitor","floor":25},{"not_picked":["Turbo","Barrage"],"picked":"Skim+1","floor":28},{"not_picked":["Meteor Strike","Gash"],"picked":"Compile Driver+1","floor":30}],"player_experience":53205,"relics_obtained":[{"floor":9,"key":"Mummified Hand"},{"floor":12,"key":"Pear"},{"floor":23,"key":"Thread and Needle"},{"floor":26,"key":"MawBank"},{"floor":30,"key":"Nunchaku"}],"event_choices":[{"damage_healed":17,"gold_gain":0,"player_choice":"Healed","damage_taken":0,"max_hp_gain":0,"max_hp_loss":0,"event_name":"The Cleric","floor":3,"gold_loss":35},{"damage_healed":0,"gold_gain":0,"player_choice":"Entered Light","damage_taken":14,"max_hp_gain":0,"max_hp_loss":0,"event_name":"Shining Light","floor":4,"gold_loss":0,"cards_upgraded":["Ball Lightning","Defend_B"]},{"damage_healed":0,"gold_gain":0,"player_choice":"Success","damage_taken":18,"relics_obtained":["Meat on the Bone"],"max_hp_gain":0,"max_hp_loss":0,"event_name":"Scrap Ooze","floor":5,"gold_loss":0},{"damage_healed":0,"gold_gain":0,"player_choice":"Donut","damage_taken":0,"max_hp_gain":5,"max_hp_loss":0,"event_name":"Big Fish","floor":10,"gold_loss":0},{"damage_healed":0,"gold_gain":0,"player_choice":"Grow","damage_taken":0,"max_hp_gain":0,"max_hp_loss":0,"event_name":"Living Wall","floor":13,"gold_loss":0,"cards_upgraded":["Fusion"]},{"damage_healed":0,"gold_gain":0,"player_choice":"Obtain J.A.X.","damage_taken":0,"max_hp_gain":0,"max_hp_loss":0,"event_name":"Drug Dealer","floor":21,"gold_loss":0,"cards_obtained":["J.A.X."]},{"damage_healed":0,"gold_gain":0,"player_choice":"Became a Ghost","damage_taken":0,"max_hp_gain":0,"max_hp_loss":44,"event_name":"Ghosts","floor":29,"gold_loss":0,"cards_obtained":["Ghostly","Ghostly","Ghostly","Ghostly","Ghostly"]},{"damage_healed":0,"gold_gain":0,"player_choice":"Joined the Cult","damage_taken":6,"max_hp_gain":0,"max_hp_loss":0,"event_name":"Nest","floor":31,"gold_loss":0,"cards_obtained":["RitualDagger"]}],"is_beta":false,"boss_relics":[{"not_picked":["Lizard Tail","FrozenCore"],"picked":"Tiny House"}],"items_purged_floors":[],"is_endless":false,"potions_floor_spawned":[7,16,19,22,23,28],"killed_by":"Collector","ascension_level":0}