{"gold_per_floor":[359,375,385,112,112,146,163,175,175,175,175,140,140,156,156,232,232,242,99,99,117,117,117,151,151,151,151,165,175,49,59,59,59],"floor_reached":33,"playtime":3543,"items_purged":[],"score":492,"play_id":"58c71888-be6e-4c0b-9970-ec3590c1edaa","local_time":"20190713122815","is_ascension_mode":true,"campfire_choices":[{"floor":11.0,"key":"REST"},{"data":"Wild Strike","floor":13.0,"key":"SMITH"},{"data":"Clothesline","floor":15.0,"key":"SMITH"},{"data":"Bash","floor":23.0,"key":"SMITH"},{"data":"Limit Break","floor":25.0,"key":"SMITH"},{"floor":32,"key":"REST"}],"neow_cost":"PERCENT_DAMAGE","seed_source_timestamp":281796662746513,"circlet_count":0,"master_deck":["AscendersBane","Strike_R","Strike_R","Strike_R","Strike_R","Defend_R","Defend_R","Defend_R","Defend_R","Bash+1","Twin Strike","Cleave","Wild Strike+1","Spot Weakness","Armaments","Carnage+1","Power Through","Limit Break+1","Armaments","Clothesline+1","Feed+1","Heavy Blade+1","Perfected Strike+1","J.A.X.","Anger","Corruption+1","Bludgeon","True Grit","Battle Trance"],"special_seed":0,"relics":["Burning Blood","Boot","Dodecahedron","Philosopher\u0027s Stone","Happy Flower","Mummified Hand","Sundial"],"potions_floor_usage":[29],"damage_taken":[{"damage":6.0,"enemies":"2 Louse","floor":1.0,"turns":3.0},{"damage":1.0,"enemies":"Cultist","floor":2.0,"turns":4.0},{"damage":12.0,"enemies":"Jaw Worm","floor":3.0,"turns":3.0},{"damage":36.0,"enemies":"Lagavulin","floor":6.0,"turns":6.0},{"damage":7.0,"enemies":"2 Fungi Beasts","floor":7.0,"turns":4.0},{"damage":11.0,"enemies":"Exordium Thugs","floor":8.0,"turns":5.0},{"damage":4.0,"enemies":"Red Slaver","floor":14.0,"turns":2.0},{"damage":54.0,"enemies":"The Guardian","floor":16.0,"turns":10.0},{"damage":25.0,"enemies":"2 Thieves","floor":18.0,"turns":3.0},{"damage":2.0,"enemies":"Spheric Guardian","floor":21.0,"turns":3.0},{"damage":19.0,"enemies":"Gremlin Leader","floor":24.0,"turns":3.0},{"damage":18,"enemies":"3 Cultists","floor":28,"turns":4},{"damage":0,"enemies":"Snecko","floor":29,"turns":3},{"damage":3,"enemies":"Snake Plant","floor":31,"turns":2},{"damage":101,"enemies":"Automaton","floor":33,"turns":6}],"seed_played":"-4632406166591310145","potions_obtained":[{"floor":3.0,"key":"GamblersBrew"},{"floor":6.0,"key":"SpeedPotion"},{"floor":7.0,"key":"Strength Potion"},{"floor":16.0,"key":"AttackPotion"},{"floor":28,"key":"AttackPotion"},{"floor":31,"key":"Fire Potion"}],"is_trial":false,"path_per_floor":["M","M","M","$","?","E","M","M","T","?","R","?","R","M","R","B",null,"M","$","?","M","?","R","E","R","T","?","M","M","$","M","R","B"],"character_chosen":"IRONCLAD","items_purchased":["Spot Weakness","Armaments","Carnage","Fruit Juice","Happy Flower","Bludgeon","True Grit"],"campfire_rested":2,"item_purchase_floors":[4,4,4,4,19,30,30],"current_hp_per_floor":[50,55,49,49,54,24,23,18,18,18,42,62,62,64,64,16,64,48,48,48,52,52,52,43,43,43,43,35,45,45,48,76,0],"gold":59,"neow_bonus":"TWO_FIFTY_GOLD","is_prod":false,"is_daily":false,"chose_seed":false,"campfire_upgraded":4,"win_rate":0,"timestamp":1563035295,"path_taken":["M","M","M","$","?","E","M","?","T","?","R","?","R","?","R","BOSS","M","$","?","?","?","R","E","R","T","?","M","M","$","M","R","BOSS"],"build_version":"2019-07-05","purchased_purges":0,"victory":false,"max_hp_per_floor":[75,75,75,75,80,80,80,80,80,80,80,80,80,80,80,80,80,83,83,83,83,83,83,87,87,87,87,91,95,95,95,95,95],"card_choices":[{"not_picked":["Clash","Fire Breathing"],"picked":"Twin Strike","floor":1.0},{"not_picked":["Rupture","Clash"],"picked":"Cleave","floor":2.0},{"not_picked":["Havoc","Warcry"],"picked":"Wild Strike","floor":3.0},{"not_picked":["Corruption","Carnage"],"picked":"Power Through","floor":6.0},{"not_picked":["Iron Wave","Havoc"],"picked":"Limit Break","floor":7.0},{"not_picked":["Clash","Warcry"],"picked":"Armaments","floor":8.0},{"not_picked":["Twin Strike","Cleave"],"picked":"Clothesline","floor":14.0},{"not_picked":["Limit Break","Berserk"],"picked":"Feed","floor":16.0},{"not_picked":["Clothesline","True Grit"],"picked":"Heavy Blade+1","floor":18.0},{"not_picked":["Sever Soul","Thunderclap"],"picked":"Perfected Strike+1","floor":21.0},{"not_picked":["Sever Soul","Sword Boomerang"],"picked":"Anger","floor":24.0},{"not_picked":["Bloodletting","Havoc","Pommel Strike"],"picked":"SKIP","floor":28},{"not_picked":["Twin Strike","Iron Wave"],"picked":"Corruption+1","floor":29},{"not_picked":["Whirlwind","Searing Blow+1"],"picked":"Battle Trance","floor":31}],"player_experience":528809,"relics_obtained":[{"floor":6.0,"key":"Boot"},{"floor":9.0,"key":"Dodecahedron"},{"floor":24.0,"key":"Mummified Hand"},{"floor":26.0,"key":"Sundial"}],"event_choices":[{"cards_removed":["Strike_R"],"damage_healed":0.0,"max_hp_gain":0.0,"max_hp_loss":0.0,"gold_gain":0.0,"event_name":"Purifier","player_choice":"Purged","floor":5.0,"gold_loss":0.0,"damage_taken":0.0},{"damage_healed":0.0,"max_hp_gain":0.0,"max_hp_loss":0.0,"gold_gain":0.0,"event_name":"Living Wall","player_choice":"Grow","floor":10.0,"gold_loss":0.0,"damage_taken":0.0,"cards_upgraded":["Carnage"]},{"damage_healed":20.0,"max_hp_gain":0.0,"max_hp_loss":0.0,"gold_gain":0.0,"event_name":"The Cleric","player_choice":"Healed","floor":12.0,"gold_loss":35.0,"damage_taken":0.0},{"damage_healed":0.0,"max_hp_gain":0.0,"max_hp_loss":0.0,"gold_gain":0.0,"event_name":"Accursed Blacksmith","player_choice":"Forge","floor":20.0,"gold_loss":0.0,"damage_taken":0.0,"cards_upgraded":["Feed"]},{"damage_healed":0.0,"max_hp_gain":0.0,"max_hp_loss":0.0,"gold_gain":0.0,"event_name":"Drug Dealer","player_choice":"Obtain J.A.X.","floor":22.0,"gold_loss":0.0,"damage_taken":0.0,"cards_obtained":["J.A.X."]},{"damage_healed":0,"gold_gain":0,"player_choice":"Ignored","damage_taken":0,"max_hp_gain":0,"max_hp_loss":0,"event_name":"Cursed Tome","floor":27,"gold_loss":0}],"is_beta":false,"boss_relics":[{"not_picked":["Busted Crown","Fusion Hammer"],"picked":"Philosopher\u0027s Stone"}],"items_purged_floors":[],"is_endless":false,"potions_floor_spawned":[3,6,7,16,28,31],"killed_by":"Automaton","ascension_level":15}