{"gold_per_floor":[114,114,126,141,141,141,156,156,179,209,209,23,57,57,57,154,154,171,25,25,45,5,5,36,47,47,47,66,82,102,30,30,128,128,142,94,112,112,129,129,129,129,129,184,215,215,229,245,245,245],"floor_reached":50,"playtime":5187,"items_purged":[],"score":515,"play_id":"296230cb-5838-45d9-b6c7-4420bc4a141a","local_time":"20190707233033","is_ascension_mode":false,"campfire_choices":[{"data":"Bouncing Flask","floor":6,"key":"SMITH"},{"floor":8,"key":"REST"},{"floor":11,"key":"REST"},{"floor":15,"key":"REST"},{"floor":23,"key":"REST"},{"floor":27,"key":"REST"},{"floor":32,"key":"REST"},{"floor":40,"key":"REST"},{"floor":42,"key":"REST"},{"floor":46,"key":"REST"},{"floor":49,"key":"REST"}],"neow_cost":"NONE","seed_source_timestamp":33972514408218,"circlet_count":0,"master_deck":["Strike_G","Strike_G","Strike_G+1","Strike_G+1","Strike_G","Defend_G","Defend_G","Defend_G","Defend_G","Defend_G","Survivor","Neutralize","Outmaneuver","Bouncing Flask+1","Bane","Flying Knee","Poisoned Stab","Noxious Fumes","Dash","After Image","Burst","Bouncing Flask+1","Noxious Fumes","Calculated Gamble","Cloak And Dagger+1","Terror","Distraction+1","Footwork","Leg Sweep+1","Dagger Throw+1","Flechettes+1","Infinite Blades","Bullet Time","Poisoned Stab+1","Quick Slash+1","Dash+1","Dagger Spray+1","Blind","Predator+1","Quick Slash+1","Quick Slash+1","Finisher+1"],"relics":["Ring of the Serpent","Whetstone","Blood Vial","Odd Mushroom","Molten Egg 2","NlothsMask","Boot","Fusion Hammer","Letter Opener","Frozen Egg 2","Du-Vu Doll","Bag of Preparation"],"potions_floor_usage":[10,13,16,24,28,29,45,48,48,50],"damage_taken":[{"damage":0,"enemies":"Cultist","floor":1,"turns":4},{"damage":0,"enemies":"Small Slimes","floor":3,"turns":4},{"damage":0,"enemies":"2 Louse","floor":4,"turns":3},{"damage":13,"enemies":"Large Slime","floor":7,"turns":7},{"damage":19,"enemies":"The Mushroom Lair","floor":10,"turns":4},{"damage":11,"enemies":"Lagavulin","floor":13,"turns":5},{"damage":35,"enemies":"Hexaghost","floor":16,"turns":9},{"damage":15,"enemies":"3 Byrds","floor":18,"turns":6},{"damage":13,"enemies":"Spheric Guardian","floor":21,"turns":6},{"damage":53,"enemies":"Gremlin Leader","floor":24,"turns":8},{"damage":12,"enemies":"Shelled Parasite and Fungi","floor":25,"turns":7},{"damage":10,"enemies":"Centurion and Healer","floor":28,"turns":6},{"damage":15,"enemies":"Cultist and Chosen","floor":29,"turns":8},{"damage":9,"enemies":"Snake Plant","floor":30,"turns":5},{"damage":10,"enemies":"Champ","floor":33,"turns":12},{"damage":7,"enemies":"3 Shapes","floor":35,"turns":6},{"damage":15,"enemies":"Orb Walker","floor":37,"turns":4},{"damage":6,"enemies":"Sphere and 2 Shapes","floor":39,"turns":5},{"damage":37,"enemies":"2 Orb Walkers","floor":44,"turns":7},{"damage":28,"enemies":"Reptomancer","floor":45,"turns":7},{"damage":3,"enemies":"Maw","floor":47,"turns":6},{"damage":0,"enemies":"3 Darklings","floor":48,"turns":3},{"damage":72,"enemies":"Time Eater","floor":50,"turns":10}],"seed_played":"-3091851278339986450","potions_obtained":[{"floor":1,"key":"SkillPotion"},{"floor":7,"key":"SpeedPotion"},{"floor":21,"key":"Energy Potion"},{"floor":25,"key":"SteroidPotion"},{"floor":28,"key":"Dexterity Potion"},{"floor":44,"key":"FearPotion"},{"floor":45,"key":"LiquidBronze"},{"floor":47,"key":"GhostInAJar"},{"floor":48,"key":"Fruit Juice"}],"is_trial":false,"path_per_floor":["M","T","M","M","?","R","M","R","T","?","R","$","E","?","R","B",null,"M","$","?","M","$","R","E","M","T","R","M","M","M","$","R","B",null,"M","$","M","T","M","R","?","R","T","?","E","R","M","M","R","B"],"character_chosen":"THE_SILENT","items_purchased":["Noxious Fumes","Fire Potion","Dash","Noxious Fumes","Calculated Gamble","Terror","Infinite Blades","Quick Slash+1"],"campfire_rested":10,"item_purchase_floors":[12,12,12,19,19,22,31,36],"current_hp_per_floor":[77,77,77,77,77,77,64,77,77,58,77,77,66,66,77,42,77,62,62,62,51,51,74,23,13,13,36,28,15,8,8,31,23,77,70,70,57,57,53,76,76,77,77,40,14,37,36,43,67,0],"gold":245,"neow_bonus":"TEN_PERCENT_HP_BONUS","is_prod":false,"is_daily":false,"chose_seed":false,"campfire_upgraded":1,"win_rate":0.0,"timestamp":1562538633,"path_taken":["M","?","M","M","?","R","M","R","T","?","R","$","E","?","R","BOSS","M","?","?","M","$","R","E","?","T","R","M","M","M","?","R","BOSS","M","$","M","?","M","R","?","R","T","?","E","R","M","M","R","BOSS"],"build_version":"2019-07-05","purchased_purges":0,"victory":false,"max_hp_per_floor":[77,77,77,77,77,77,77,77,77,77,77,77,77,77,77,77,77,77,77,77,77,77,77,77,77,77,77,77,77,77,77,77,77,77,77,77,77,77,77,77,77,77,77,77,77,77,77,82,82,82],"card_choices":[{"not_picked":["Masterful Stab","Blade Dance"],"picked":"Outmaneuver","floor":1},{"not_picked":["Prepared","Escape Plan"],"picked":"Bouncing Flask","floor":3},{"not_picked":["Dagger Throw","Quick Slash"],"picked":"Bane","floor":4},{"not_picked":["Dagger Throw","Acrobatics"],"picked":"Flying Knee","floor":7},{"not_picked":["Deadly Poison","Reflex"],"picked":"Poisoned Stab","floor":10},{"not_picked":["Sucker Punch","Backflip"],"picked":"After Image","floor":13},{"not_picked":["Venomology","Doppelganger"],"picked":"Burst","floor":16},{"not_picked":["Underhanded Strike+1","Prepared"],"picked":"Bouncing Flask","floor":18},{"not_picked":["Backflip","Expertise+1"],"picked":"Cloak And Dagger+1","floor":21},{"not_picked":["Calculated Gamble","Expertise"],"picked":"Distraction+1","floor":24},{"not_picked":["Infinite Blades","Outmaneuver"],"picked":"Footwork","floor":25},{"not_picked":["Reflex","Acrobatics"],"picked":"Leg Sweep+1","floor":28},{"not_picked":["Prepared","Bouncing Flask+1"],"picked":"Dagger Throw+1","floor":29},{"not_picked":["Blade Dance","Prepared"],"picked":"Flechettes+1","floor":30},{"not_picked":["Venomology","Glass Knife+1"],"picked":"Bullet Time","floor":33},{"not_picked":["Dagger Throw+1","Blur"],"picked":"Poisoned Stab+1","floor":35},{"not_picked":["Outmaneuver","Leg Sweep+1"],"picked":"Dash+1","floor":37},{"not_picked":["Quick Slash+1","Backflip+1"],"picked":"Dagger Spray+1","floor":39},{"not_picked":["Finesse","Good Instincts"],"picked":"Blind","floor":41},{"not_picked":["Quick Slash+1","Flying Knee+1"],"picked":"Predator+1","floor":44},{"not_picked":["After Image+1","Terror+1"],"picked":"Quick Slash+1","floor":45},{"not_picked":["Backflip+1","Underhanded Strike+1"],"picked":"Quick Slash+1","floor":47},{"not_picked":["Outmaneuver+1","Underhanded Strike+1"],"picked":"Finisher+1","floor":48}],"player_experience":76802,"relics_obtained":[{"floor":2,"key":"Whetstone"},{"floor":9,"key":"Blood Vial"},{"floor":10,"key":"Odd Mushroom"},{"floor":13,"key":"Molten Egg 2"},{"floor":24,"key":"Boot"},{"floor":38,"key":"Letter Opener"},{"floor":43,"key":"Frozen Egg 2"},{"floor":44,"key":"Du-Vu Doll"},{"floor":45,"key":"Bag of Preparation"}],"event_choices":[{"damage_healed":0,"gold_gain":0,"player_choice":"Ignored","damage_taken":0,"max_hp_gain":0,"max_hp_loss":0,"event_name":"Golden Wing","floor":5,"gold_loss":0},{"damage_healed":0,"gold_gain":0,"player_choice":"Fought Mushrooms","damage_taken":0,"max_hp_gain":0,"max_hp_loss":0,"event_name":"Mushrooms","floor":10,"gold_loss":0},{"damage_healed":0,"gold_gain":0,"player_choice":"Trade","damage_taken":0,"relics_obtained":["NlothsMask"],"max_hp_gain":0,"max_hp_loss":0,"event_name":"FaceTrader","floor":14,"gold_loss":0},{"damage_healed":0,"gold_gain":0,"player_choice":"Upgraded","damage_taken":0,"max_hp_gain":0,"max_hp_loss":0,"event_name":"Upgrade Shrine","floor":20,"gold_loss":0,"cards_upgraded":["Bouncing Flask"]},{"damage_healed":0,"gold_gain":0,"player_choice":"Memory 1","damage_taken":0,"max_hp_gain":0,"max_hp_loss":0,"event_name":"SensoryStone","floor":41,"gold_loss":0},{"damage_healed":0,"gold_gain":0,"player_choice":"Fight","damage_taken":0,"max_hp_gain":0,"max_hp_loss":0,"event_name":"Mysterious Sphere","floor":44,"gold_loss":0}],"is_beta":false,"boss_relics":[{"not_picked":["Empty Cage","Runic Pyramid"],"picked":"Ring of the Serpent"},{"not_picked":["Cursed Key","Velvet Choker"],"picked":"Fusion Hammer"}],"items_purged_floors":[],"is_endless":false,"potions_floor_spawned":[1,7,21,25,28,44,45,47,48],"killed_by":"Time Eater","ascension_level":0}