{"gold_per_floor":[114,114,0,19,19,19,31,56,56,69,83,93,93,126,126,197,247,264,299,49,66,79,79,96,124,136,148,160],"floor_reached":28,"playtime":1333,"items_purged":["Strike_G"],"score":500,"play_id":"6ad72d1c-9eab-4417-82ee-dac9649cd4ad","local_time":"20190707195238","is_ascension_mode":true,"campfire_choices":[{"data":"Skewer","floor":6,"key":"SMITH"},{"floor":13,"key":"REST"},{"data":"1","floor":15,"key":"LIFT"},{"data":"Well Laid Plans","floor":23,"key":"SMITH"},{"floor":27,"key":"REST"}],"neow_cost":"NONE","seed_source_timestamp":1154875823353227,"circlet_count":0,"master_deck":["AscendersBane","Strike_G","Strike_G+1","Strike_G","Strike_G","Defend_G","Defend_G","Defend_G","Defend_G","Defend_G","Survivor","Neutralize","Skewer+1","Dash","Footwork","Leg Sweep","Backstab+1","All Out Attack","Corpse Explosion","PiercingWail","Flying Knee","A Thousand Cuts+1","Escape Plan","Deflect","Well Laid Plans+1","Backflip","Noxious Fumes","Blade Dance+1"],"relics":["Ring of the Snake","NeowsBlessing","Mercury Hourglass","Whetstone","Girya","Tiny House","Red Mask","Lee\u0027s Waffle","MawBank","Gremlin Horn"],"potions_floor_usage":[16,19,25,25,28],"damage_taken":[{"damage":0,"enemies":"Small Slimes","floor":1,"turns":2},{"damage":0,"enemies":"Cultist","floor":4,"turns":1},{"damage":0,"enemies":"2 Louse","floor":7,"turns":1},{"damage":19,"enemies":"3 Sentries","floor":8,"turns":16},{"damage":0,"enemies":"Large Slime","floor":10,"turns":6},{"damage":6,"enemies":"Exordium Wildlife","floor":11,"turns":4},{"damage":5,"enemies":"Exordium Thugs","floor":12,"turns":4},{"damage":10,"enemies":"Lagavulin","floor":14,"turns":9},{"damage":27,"enemies":"Hexaghost","floor":16,"turns":12},{"damage":22,"enemies":"Spheric Guardian","floor":18,"turns":4},{"damage":12,"enemies":"Masked Bandits","floor":19,"turns":2},{"damage":20,"enemies":"Chosen","floor":21,"turns":5},{"damage":0,"enemies":"3 Cultists","floor":22,"turns":3},{"damage":18,"enemies":"Snecko","floor":24,"turns":7},{"damage":15,"enemies":"Gremlin Leader","floor":25,"turns":7},{"damage":52,"enemies":"Book of Stabbing","floor":28,"turns":6}],"seed_played":"3197835470475361864","potions_obtained":[{"floor":1,"key":"Fire Potion"},{"floor":4,"key":"Weak Potion"},{"floor":10,"key":"Fire Potion"},{"floor":17,"key":"Explosive Potion"},{"floor":22,"key":"Poison Potion"},{"floor":24,"key":"SpeedPotion"},{"floor":25,"key":"Dexterity Potion"}],"is_trial":false,"path_per_floor":["M","?","$","M","$","R","M","E","T","M","M","M","R","E","R","B",null,"M","?","$","M","M","R","M","E","T","R","E"],"character_chosen":"THE_SILENT","items_purchased":["Dash","Lee\u0027s Waffle","Well Laid Plans"],"campfire_rested":2,"item_purchase_floors":[3,20,20],"current_hp_per_floor":[59,50,50,50,50,50,50,31,31,31,25,20,39,29,29,2,55,33,21,78,58,58,58,40,25,25,48,0],"gold":160,"neow_bonus":"THREE_ENEMY_KILL","is_prod":false,"is_daily":false,"chose_seed":false,"campfire_upgraded":2,"win_rate":0,"timestamp":1562547158,"path_taken":["M","?","?","?","?","R","M","E","T","M","M","M","R","E","R","BOSS","M","?","$","M","M","R","M","E","T","R","E"],"build_version":"2019-07-03","purchased_purges":1,"victory":false,"max_hp_per_floor":[66,66,66,66,66,66,66,66,66,66,66,66,66,66,66,66,71,71,71,78,78,78,78,78,78,78,78,78],"card_choices":[{"not_picked":["Reflex","Finisher"],"picked":"Skewer","floor":1},{"not_picked":["Blade Dance","Acrobatics"],"picked":"Footwork","floor":4},{"not_picked":["Bane","Skewer"],"picked":"Leg Sweep","floor":7},{"not_picked":["Prepared","Dodge and Roll"],"picked":"Backstab","floor":8},{"not_picked":["Masterful Stab","Outmaneuver"],"picked":"All Out Attack","floor":10},{"not_picked":["Endless Agony","Prepared"],"picked":"Corpse Explosion","floor":11},{"not_picked":["Dagger Throw","Flying Knee"],"picked":"PiercingWail","floor":12},{"not_picked":["Bane","Bullet Time"],"picked":"Flying Knee","floor":14},{"not_picked":["Unload","Doppelganger"],"picked":"A Thousand Cuts","floor":16},{"not_picked":["Flying Knee","Quick Slash"],"picked":"Escape Plan","floor":17},{"not_picked":["Terror","Slice"],"picked":"Deflect","floor":18},{"not_picked":["Outmaneuver","Prepared","Reflex"],"picked":"SKIP","floor":21},{"not_picked":["Dagger Spray","Deflect"],"picked":"Backflip","floor":22},{"not_picked":["Dagger Throw+1","Quick Slash+1"],"picked":"Noxious Fumes","floor":24},{"not_picked":["Deflect","Flying Knee"],"picked":"Blade Dance+1","floor":25}],"player_experience":1659790,"relics_obtained":[{"floor":8,"key":"Mercury Hourglass"},{"floor":9,"key":"Whetstone"},{"floor":14,"key":"Girya"},{"floor":19,"key":"Red Mask"},{"floor":25,"key":"MawBank"},{"floor":26,"key":"Gremlin Horn"}],"event_choices":[{"damage_healed":0,"gold_gain":0,"player_choice":"Damaged","damage_taken":9,"max_hp_gain":0,"max_hp_loss":0,"event_name":"Wheel of Change","floor":2,"gold_loss":0},{"damage_healed":0,"gold_gain":0,"player_choice":"Fought Bandits","damage_taken":0,"max_hp_gain":0,"max_hp_loss":0,"event_name":"Masked Bandits","floor":19,"gold_loss":0}],"is_beta":true,"boss_relics":[{"not_picked":["White Beast Statue","Runic Dome"],"picked":"Tiny House"}],"items_purged_floors":[3],"is_endless":false,"potions_floor_spawned":[1,4,10,11,22,24,25],"killed_by":"Book of Stabbing","ascension_level":20}