{"gold_per_floor":[210,38,38,53,53,83,94,94,176,207,220,220,238,248,248,349,349,364,382,382,382,392,392,408,408,408,408],"floor_reached":27,"playtime":984,"items_purged":["Strike_R"],"score":225,"play_id":"f951acd2-156b-4310-b3e9-12233f6a182d","local_time":"20190710142344","is_ascension_mode":false,"campfire_choices":[{"data":"Armaments","floor":12,"key":"SMITH"},{"data":"Rampage","floor":15,"key":"SMITH"},{"data":"RitualDagger","floor":23,"key":"SMITH"},{"data":"Havoc","floor":25,"key":"SMITH"}],"neow_cost":"NONE","seed_source_timestamp":583638739381156,"circlet_count":0,"master_deck":["Strike_R","Strike_R","Strike_R","Strike_R","Defend_R+1","Defend_R+1","Defend_R+1","Defend_R","Bash+1","Evolve","Perfected Strike","Wild Strike","Rampage+1","Double Tap","Armaments+1","Perfected Strike","Offering","Pommel Strike","Wild Strike","RitualDagger+1","J.A.X.","Armaments+1","Havoc+1"],"relics":["Burning Blood","Potion Belt","Question Card","War Paint","Mark of Pain","Girya"],"potions_floor_usage":[16,16,16,16,22],"damage_taken":[{"damage":4,"enemies":"Jaw Worm","floor":1,"turns":5},{"damage":10,"enemies":"Cultist","floor":4,"turns":4},{"damage":14,"enemies":"Gremlin Nob","floor":6,"turns":3},{"damage":0,"enemies":"Small Slimes","floor":7,"turns":4},{"damage":40,"enemies":"3 Sentries","floor":10,"turns":6},{"damage":8,"enemies":"3 Louse","floor":11,"turns":3},{"damage":19,"enemies":"2 Fungi Beasts","floor":13,"turns":4},{"damage":21,"enemies":"Large Slime","floor":14,"turns":4},{"damage":10,"enemies":"The Guardian","floor":16,"turns":13},{"damage":18,"enemies":"2 Thieves","floor":18,"turns":4},{"damage":16,"enemies":"Shell Parasite","floor":19,"turns":3},{"damage":30,"enemies":"3 Cultists","floor":22,"turns":5},{"damage":21,"enemies":"Snake Plant","floor":24,"turns":4},{"damage":25,"enemies":"Cultist and Chosen","floor":27,"turns":6}],"seed_played":"-8540091121146532648","potions_obtained":[{"floor":6,"key":"Weak Potion"},{"floor":11,"key":"PowerPotion"},{"floor":13,"key":"Energy Potion"},{"floor":14,"key":"Regen Potion"},{"floor":16,"key":"Regen Potion"},{"floor":24,"key":"SteroidPotion"}],"is_trial":false,"path_per_floor":["M","$","?","M","$","E","M","?","T","E","M","R","M","M","R","B",null,"M","M","?","?","M","R","M","R","T","M"],"character_chosen":"IRONCLAD","items_purchased":["Enlightenment"],"campfire_rested":0,"item_purchase_floors":[2],"current_hp_per_floor":[80,80,64,60,60,52,58,80,80,46,44,44,31,16,16,27,80,68,58,52,52,40,40,25,25,25,0],"gold":408,"neow_bonus":"HUNDRED_GOLD","is_prod":false,"is_daily":false,"chose_seed":false,"campfire_upgraded":4,"win_rate":0,"timestamp":1562732624,"path_taken":["M","$","?","M","$","E","M","?","T","E","M","R","?","M","R","BOSS","M","M","?","?","M","R","M","R","T","M"],"build_version":"2019-07-05","purchased_purges":1,"victory":false,"max_hp_per_floor":[80,80,80,80,80,80,80,80,80,80,80,80,80,80,80,80,80,80,80,80,80,80,80,80,80,80,80],"card_choices":[{"not_picked":["Iron Wave","Sword Boomerang"],"picked":"Evolve","floor":1},{"not_picked":["Heavy Blade","Infernal Blade"],"picked":"Perfected Strike","floor":4},{"not_picked":["Clash","Inflame"],"picked":"Wild Strike","floor":6},{"not_picked":["Headbutt","Evolve"],"picked":"Rampage","floor":7},{"not_picked":["Corruption","Metallicize","Inflame"],"picked":"Double Tap","floor":10},{"not_picked":["Blood for Blood","Flex","Rupture"],"picked":"Armaments","floor":11},{"not_picked":["Rupture","Dual Wield","Pummel"],"picked":"Perfected Strike","floor":13},{"not_picked":["Searing Blow","Bludgeon","Clothesline","Thunderclap"],"picked":"SKIP","floor":14},{"not_picked":["Limit Break","Juggernaut","Berserk"],"picked":"Offering","floor":16},{"not_picked":["Heavy Blade","Cleave","Iron Wave"],"picked":"Pommel Strike","floor":18},{"not_picked":["Burning Pact+1","Cleave","Shrug It Off"],"picked":"Wild Strike","floor":19},{"not_picked":["Burning Pact","Rupture+1","Whirlwind"],"picked":"Armaments+1","floor":22},{"not_picked":["Cleave","Pommel Strike","Perfected Strike"],"picked":"Havoc","floor":24}],"player_experience":15396,"relics_obtained":[{"floor":6,"key":"Potion Belt"},{"floor":9,"key":"Question Card"},{"floor":10,"key":"War Paint"},{"floor":26,"key":"Girya"}],"event_choices":[{"damage_healed":0,"gold_gain":0,"player_choice":"Entered Light","damage_taken":16,"max_hp_gain":0,"max_hp_loss":0,"event_name":"Shining Light","floor":3,"gold_loss":0,"cards_upgraded":["Bash","Defend_R"]},{"cards_removed":["Enlightenment"],"damage_healed":22,"gold_gain":0,"player_choice":"Offered Uncommon","damage_taken":0,"max_hp_gain":0,"max_hp_loss":0,"event_name":"Bonfire Elementals","floor":8,"gold_loss":0},{"damage_healed":0,"gold_gain":0,"player_choice":"Joined the Cult","damage_taken":6,"max_hp_gain":0,"max_hp_loss":0,"event_name":"Nest","floor":20,"gold_loss":0,"cards_obtained":["RitualDagger"]},{"damage_healed":0,"gold_gain":0,"player_choice":"Obtain J.A.X.","damage_taken":0,"max_hp_gain":0,"max_hp_loss":0,"event_name":"Drug Dealer","floor":21,"gold_loss":0,"cards_obtained":["J.A.X."]}],"is_beta":false,"boss_relics":[{"not_picked":["Calling Bell","Runic Pyramid"],"picked":"Mark of Pain"}],"items_purged_floors":[2],"is_endless":false,"potions_floor_spawned":[6,11,13,14,16,24],"killed_by":"Cultist and Chosen","ascension_level":0}