{"gold_per_floor":[111,111,129,143,163,197,197,226,226,254,273,292,305,305,305,384,384,403,420,432,138,149,149,177,177,202,202,87,87,121,140,140,214,214,227,19,19,19,0,0,33,84,110,135,135,135,10,20,20,20],"floor_reached":51,"playtime":2212,"items_purged":["Infernal Blade","Rampage+1","Clash"],"score":1783,"play_id":"fb84a33e-107b-4d0a-89ab-fdfdd962f256","local_time":"20190710171502","is_ascension_mode":true,"campfire_choices":[{"data":"Rampage","floor":7.0,"key":"SMITH"},{"data":"Uppercut","floor":15.0,"key":"SMITH"},{"data":"Corruption","floor":23.0,"key":"SMITH"},{"data":"Dropkick","floor":29.0,"key":"SMITH"},{"data":"Feel No Pain","floor":32.0,"key":"SMITH"},{"data":"Body Slam","floor":40.0,"key":"SMITH"},{"floor":49,"key":"REST"}],"neow_cost":"","seed_source_timestamp":0,"circlet_count":0,"master_deck":["AscendersBane","Flame Barrier","Corruption+1","Impervious","Sentinel","Dropkick+1","Disarm","Impervious+1","Uppercut+1","Warcry+1","Offering+1","Sentinel+1","Dual Wield+1","Shrug It Off+1","Second Wind+1","True Grit+1","Feel No Pain+1","Body Slam+1","Battle Trance+1","Shrug It Off+1","Exhume+1"],"special_seed":0,"relics":["Burning Blood","Pandora\u0027s Box","Dodecahedron","Paper Frog","Bottled Tornado","Toxic Egg 2","Empty Cage","Happy Flower","Kunai","Bottled Lightning","Juzu Bracelet","Orichalcum","Black Star","Red Mask","Boot","Blue Candle","Nunchaku","Bag of Marbles","Centennial Puzzle","Singing Bowl"],"potions_floor_usage":[50,50],"damage_taken":[{"damage":0.0,"enemies":"Small Slimes","floor":1.0,"turns":2.0},{"damage":0.0,"enemies":"2 Louse","floor":3.0,"turns":3.0},{"damage":0.0,"enemies":"Cultist","floor":4.0,"turns":3.0},{"damage":0.0,"enemies":"Red Slaver","floor":5.0,"turns":3.0},{"damage":0.0,"enemies":"Lagavulin","floor":6.0,"turns":5.0},{"damage":0.0,"enemies":"Gremlin Nob","floor":8.0,"turns":3.0},{"damage":0.0,"enemies":"Lagavulin","floor":10.0,"turns":5.0},{"damage":12.0,"enemies":"2 Fungi Beasts","floor":11.0,"turns":3.0},{"damage":8.0,"enemies":"Lots of Slimes","floor":12.0,"turns":5.0},{"damage":0.0,"enemies":"3 Louse","floor":13.0,"turns":4.0},{"damage":20.0,"enemies":"The Guardian","floor":16.0,"turns":10.0},{"damage":5.0,"enemies":"Shell Parasite","floor":18.0,"turns":5.0},{"damage":11.0,"enemies":"2 Thieves","floor":19.0,"turns":4.0},{"damage":6.0,"enemies":"Centurion and Healer","floor":20.0,"turns":5.0},{"damage":10.0,"enemies":"Chosen and Byrds","floor":22.0,"turns":6.0},{"damage":9.0,"enemies":"Book of Stabbing","floor":24.0,"turns":4.0},{"damage":6.0,"enemies":"Gremlin Leader","floor":30.0,"turns":4.0},{"damage":6.0,"enemies":"Cultist and Chosen","floor":31.0,"turns":4.0},{"damage":10.0,"enemies":"Collector","floor":33.0,"turns":6.0},{"damage":12.0,"enemies":"3 Shapes","floor":35.0,"turns":7.0},{"damage":6,"enemies":"Reptomancer","floor":41,"turns":5},{"damage":6,"enemies":"2 Orb Walkers","floor":42,"turns":3},{"damage":6,"enemies":"Giant Head","floor":44,"turns":3},{"damage":20,"enemies":"3 Darklings","floor":48,"turns":5},{"damage":12,"enemies":"Donu and Deca","floor":50,"turns":5}],"seed_played":"-7112829633449693545","potions_obtained":[{"floor":1.0,"key":"GamblersBrew"},{"floor":8.0,"key":"Weak Potion"},{"floor":18.0,"key":"Weak Potion"},{"floor":19.0,"key":"Strength Potion"},{"floor":24.0,"key":"AttackPotion"},{"floor":42,"key":"Regen Potion"}],"is_trial":true,"path_per_floor":["M","?","M","M","M","E","R","E","T","E","M","M","M","?","R","B",null,"M","M","M","$","M","R","E","T","T","?","$","R","E","M","R","B",null,"M","$","?","$","?","R","E","?","T","E","?","?","$","M","R","B",null],"character_chosen":"IRONCLAD","items_purchased":["Shrug It Off+1","Second Wind+1","Happy Flower","Feel No Pain","Battle Trance+1","Shrug It Off+1"],"campfire_rested":1,"item_purchase_floors":[21,21,21,28,36,36],"current_hp_per_floor":[74,74,75,75,75,75,75,75,75,75,69,67,73,73,73,59,71,72,67,67,67,63,63,60,60,60,60,60,60,60,60,60,56,70,64,64,64,64,64,64,64,64,64,66,66,66,66,54,77,79],"gold":20,"neow_bonus":"","is_prod":false,"is_daily":false,"chose_seed":false,"campfire_upgraded":6,"win_rate":0,"timestamp":1562746502,"path_taken":["M","?","M","M","M","E","R","E","T","E","M","M","M","?","R","BOSS","M","?","M","$","M","R","E","?","T","?","$","R","E","M","R","BOSS","M","$","?","$","?","R","E","?","T","E","?","?","$","M","R","BOSS"],"build_version":"2019-07-05","purchased_purges":3,"victory":true,"max_hp_per_floor":[75,75,75,75,75,75,75,75,75,75,75,75,75,75,75,75,75,75,75,75,75,75,75,75,75,75,75,75,75,75,75,75,75,75,75,75,75,75,75,75,75,75,75,77,77,77,77,79,79,79],"card_choices":[{"not_picked":["Sword Boomerang","Bloodletting"],"picked":"Rampage","floor":1.0},{"not_picked":["Perfected Strike","Heavy Blade"],"picked":"Pommel Strike","floor":3.0},{"not_picked":["Entrench","Wild Strike"],"picked":"Disarm","floor":4.0},{"not_picked":["Thunderclap","Flame Barrier","Clothesline"],"picked":"SKIP","floor":5.0},{"not_picked":["Pummel","Sword Boomerang","Dropkick"],"picked":"SKIP","floor":6.0},{"not_picked":["Havoc","Clothesline","True Grit"],"picked":"SKIP","floor":8.0},{"not_picked":["Wild Strike","Bloodletting","Disarm"],"picked":"SKIP","floor":10.0},{"not_picked":["Warcry+1","Havoc+1"],"picked":"Impervious+1","floor":11.0},{"not_picked":["Headbutt","Clothesline"],"picked":"Uppercut","floor":12.0},{"not_picked":["Iron Wave","Dropkick"],"picked":"Warcry+1","floor":13.0},{"not_picked":["Reaper","Impervious+1"],"picked":"Offering+1","floor":16.0},{"not_picked":["Headbutt","Sever Soul"],"picked":"Sentinel+1","floor":18.0},{"not_picked":["Havoc+1","Uppercut"],"picked":"Dual Wield+1","floor":19.0},{"not_picked":["Wild Strike","Dual Wield+1","Combust+1"],"picked":"SKIP","floor":20.0},{"not_picked":["Seeing Red+1","Anger","Clothesline"],"picked":"SKIP","floor":22.0},{"not_picked":["Juggernaut","Clothesline"],"picked":"True Grit+1","floor":24.0},{"not_picked":["Whirlwind","Spot Weakness+1","Twin Strike"],"picked":"SKIP","floor":30.0},{"not_picked":["Flex+1","Havoc+1","Twin Strike"],"picked":"SKIP","floor":31.0},{"not_picked":["Sword Boomerang","Blood for Blood"],"picked":"Body Slam","floor":35.0},{"not_picked":["Flame Barrier+1","Headbutt+1","Shrug It Off+1"],"picked":"SKIP","floor":41},{"not_picked":["Wild Strike+1","Heavy Blade+1"],"picked":"Exhume+1","floor":42},{"not_picked":["Warcry+1","Uppercut+1","Rupture"],"picked":"Singing Bowl","floor":44},{"not_picked":["Inflame","Clash+1","Searing Blow"],"picked":"Singing Bowl","floor":48}],"player_experience":194185,"relics_obtained":[{"floor":6.0,"key":"Dodecahedron"},{"floor":8.0,"key":"Paper Frog"},{"floor":9.0,"key":"Bottled Tornado"},{"floor":10.0,"key":"Toxic Egg 2"},{"floor":24.0,"key":"Kunai"},{"floor":25.0,"key":"Bottled Lightning"},{"floor":26.0,"key":"Juzu Bracelet"},{"floor":30.0,"key":"Orichalcum"},{"floor":41,"key":"Boot"},{"floor":41,"key":"Blue Candle"},{"floor":42,"key":"Nunchaku"},{"floor":43,"key":"Bag of Marbles"},{"floor":44,"key":"Centennial Puzzle"},{"floor":44,"key":"Singing Bowl"}],"event_choices":[{"cards_removed":["Reckless Charge"],"damage_healed":0.0,"max_hp_gain":0.0,"max_hp_loss":0.0,"gold_gain":0.0,"event_name":"Living Wall","player_choice":"Forget","floor":2.0,"gold_loss":0.0,"damage_taken":0.0},{"cards_removed":["Rupture"],"damage_healed":0.0,"max_hp_gain":0.0,"max_hp_loss":0.0,"gold_gain":0.0,"event_name":"Purifier","player_choice":"Purged","floor":14.0,"gold_loss":0.0,"damage_taken":0.0},{"damage_healed":0.0,"max_hp_gain":0.0,"max_hp_loss":0.0,"gold_gain":0.0,"event_name":"Vampires","player_choice":"Ignored","floor":27.0,"gold_loss":0.0,"damage_taken":0.0},{"damage_healed":0.0,"max_hp_gain":0.0,"max_hp_loss":0.0,"gold_gain":0.0,"cards_transformed":["Flame Barrier"],"event_name":"Transmorgrifier","player_choice":"Transformed","floor":37.0,"gold_loss":0.0,"damage_taken":0.0,"cards_obtained":["Immolate"]},{"damage_healed":0.0,"max_hp_gain":0.0,"max_hp_loss":0.0,"gold_gain":0.0,"event_name":"Tomb of Lord Red Mask","player_choice":"Paid","floor":39.0,"gold_loss":19.0,"damage_taken":0.0,"relics_obtained":["Red Mask"]},{"damage_healed":0,"gold_gain":0,"player_choice":"Fight","damage_taken":0,"max_hp_gain":0,"max_hp_loss":0,"event_name":"Mysterious Sphere","floor":42,"gold_loss":0},{"damage_healed":0,"gold_gain":0,"cards_transformed":["Immolate"],"player_choice":"Transformed","damage_taken":0,"max_hp_gain":0,"max_hp_loss":0,"event_name":"Transmorgrifier","floor":45,"gold_loss":0,"cards_obtained":["Clash"]},{"damage_healed":0,"gold_gain":0,"player_choice":"Ignored","damage_taken":0,"max_hp_gain":0,"max_hp_loss":0,"event_name":"SecretPortal","floor":46,"gold_loss":0}],"is_beta":false,"boss_relics":[{"not_picked":["Tiny House","Black Blood"],"picked":"Empty Cage"},{"not_picked":["Pandora\u0027s Box","Calling Bell"],"picked":"Black Star"}],"items_purged_floors":[28,36,47],"is_endless":false,"potions_floor_spawned":[1,8,10,12,16,18,19,24,42,48],"ascension_level":16}