{"gold_per_floor":[112,130,32,32,44,56,74,91,91,102,116,116,129,148,148,148],"floor_reached":16,"playtime":1276,"items_purged":[],"score":100,"play_id":"45da777a-cf94-4273-8684-b72a6332dcfa","local_time":"20190630230709","is_ascension_mode":false,"campfire_choices":[{"floor":12,"key":"REST"},{"data":"Double Tap","floor":15,"key":"SMITH"}],"neow_cost":"NONE","seed_source_timestamp":14948720393184,"circlet_count":0,"master_deck":["Strike_R","Strike_R","Strike_R","Strike_R","Strike_R","Defend_R","Defend_R","Defend_R","Defend_R","Bash","Sword Boomerang","Clothesline","Swift Strike","Rampage","Double Tap+1","Thunderclap","Whirlwind","Dual Wield","Shrug It Off","Metallicize","Rage"],"relics":["Burning Blood","Bottled Lightning"],"potions_floor_usage":[7,10,16,16],"damage_taken":[{"damage":5,"enemies":"Small Slimes","floor":1,"turns":3},{"damage":1,"enemies":"Cultist","floor":2,"turns":3},{"damage":0,"enemies":"2 Louse","floor":5,"turns":2},{"damage":6,"enemies":"2 Fungi Beasts","floor":6,"turns":4},{"damage":13,"enemies":"Gremlin Gang","floor":7,"turns":3},{"damage":9,"enemies":"Blue Slaver","floor":8,"turns":3},{"damage":14,"enemies":"2 Fungi Beasts","floor":10,"turns":3},{"damage":23,"enemies":"Large Slime","floor":11,"turns":5},{"damage":9,"enemies":"Blue Slaver","floor":13,"turns":4},{"damage":10,"enemies":"3 Louse","floor":14,"turns":3},{"damage":78,"enemies":"The Guardian","floor":16,"turns":13}],"seed_played":"6587232462233210107","potions_obtained":[{"floor":5,"key":"SpeedPotion"},{"floor":6,"key":"Explosive Potion"},{"floor":10,"key":"Fruit Juice"},{"floor":14,"key":"SpeedPotion"}],"is_trial":false,"path_per_floor":["M","M","$","?","M","M","M","M","T","M","M","R","M","M","R","B"],"character_chosen":"IRONCLAD","items_purchased":["Swift Strike"],"campfire_rested":1,"item_purchase_floors":[3],"current_hp_per_floor":[88,88,88,88,88,88,81,78,78,75,58,85,82,78,78,0],"gold":148,"neow_bonus":"TEN_PERCENT_HP_BONUS","is_prod":false,"is_daily":false,"chose_seed":false,"campfire_upgraded":1,"win_rate":0.0,"timestamp":1561932429,"path_taken":["M","M","$","?","?","M","?","M","T","M","M","R","M","M","R","BOSS"],"build_version":"2019-01-23","purchased_purges":0,"victory":false,"max_hp_per_floor":[88,88,88,88,88,88,88,88,88,93,93,93,93,93,93,93],"card_choices":[{"not_picked":["Body Slam","Clothesline"],"picked":"Sword Boomerang","floor":1},{"not_picked":["Flex","Power Through"],"picked":"Clothesline","floor":2},{"not_picked":["Heavy Blade","Disarm"],"picked":"Rampage","floor":5},{"not_picked":["Entrench","Anger"],"picked":"Double Tap","floor":6},{"not_picked":["Body Slam","Headbutt"],"picked":"Thunderclap","floor":7},{"not_picked":["Entrench","Clothesline"],"picked":"Whirlwind","floor":8},{"not_picked":["Rupture","Rampage"],"picked":"Dual Wield","floor":10},{"not_picked":["Body Slam","Limit Break"],"picked":"Shrug It Off","floor":11},{"not_picked":["Thunderclap","Clash"],"picked":"Metallicize","floor":13},{"not_picked":["Power Through","Body Slam"],"picked":"Rage","floor":14}],"player_experience":16864,"relics_obtained":[{"floor":9,"key":"Bottled Lightning"}],"event_choices":[{"damage_healed":0,"gold_gain":0,"player_choice":"Ignored","damage_taken":0,"max_hp_gain":0,"max_hp_loss":0,"event_name":"Purifier","floor":4,"gold_loss":0}],"is_beta":false,"boss_relics":[],"items_purged_floors":[],"is_endless":false,"potions_floor_spawned":[5,6,10,14],"killed_by":"The Guardian","ascension_level":0}