{"gold_per_floor":[117,117,132,148,148,148,159,177,258,35,35,35,55,65,65,165,165,178,167,82,101,101],"floor_reached":22,"playtime":2307,"items_purged":["Strike_G"],"score":180,"play_id":"46d29caf-8b64-400c-b177-e519cd98960a","local_time":"20190705011008","is_ascension_mode":false,"campfire_choices":[{"data":"Tactician","floor":6,"key":"SMITH"},{"data":"Infinite Blades","floor":12,"key":"SMITH"},{"floor":15,"key":"REST"}],"neow_cost":"NONE","seed_source_timestamp":18418802803386,"circlet_count":0,"master_deck":["Strike_G","Strike_G","Strike_G","Strike_G","Defend_G","Defend_G","Defend_G","Defend_G","Defend_G","Survivor","Neutralize","Tactician+1","Calculated Gamble+1","Infinite Blades+1","All Out Attack","Prepared","Sucker Punch","Blur","Die Die Die","After Image","Outmaneuver","Backstab","Distraction"],"relics":["Ring of the Serpent","NeowsBlessing","Letter Opener","StoneCalendar"],"potions_floor_usage":[7,16,16,16],"damage_taken":[{"damage":0,"enemies":"2 Louse","floor":1,"turns":1},{"damage":0,"enemies":"Small Slimes","floor":3,"turns":1},{"damage":0,"enemies":"Jaw Worm","floor":4,"turns":1},{"damage":19,"enemies":"Gremlin Gang","floor":7,"turns":6},{"damage":0,"enemies":"Looter","floor":8,"turns":4},{"damage":4,"enemies":"Blue Slaver","floor":13,"turns":4},{"damage":3,"enemies":"2 Fungi Beasts","floor":14,"turns":4},{"damage":62,"enemies":"The Guardian","floor":16,"turns":17},{"damage":4,"enemies":"Shell Parasite","floor":18,"turns":11},{"damage":19,"enemies":"2 Thieves","floor":19,"turns":4},{"damage":41,"enemies":"Snecko","floor":21,"turns":7},{"damage":6,"enemies":"Snake Plant","floor":22,"turns":1}],"seed_played":"7804077733858543987","potions_obtained":[{"floor":3,"key":"GamblersBrew"},{"floor":4,"key":"Fire Potion"},{"floor":13,"key":"Weak Potion"},{"floor":14,"key":"EssenceOfSteel"}],"is_trial":false,"path_per_floor":["M","?","M","M","?","R","M","M","T","$","?","R","M","M","R","B",null,"M","M","?","M","M"],"character_chosen":"THE_SILENT","items_purchased":["Prepared","Sucker Punch","Block Potion"],"campfire_rested":1,"item_purchase_floors":[10,10,10],"current_hp_per_floor":[70,70,70,70,70,70,51,51,51,51,70,70,66,63,70,8,70,66,47,47,6,0],"gold":101,"neow_bonus":"THREE_ENEMY_KILL","is_prod":false,"is_daily":false,"chose_seed":false,"campfire_upgraded":2,"win_rate":0.0,"timestamp":1562285408,"path_taken":["M","?","M","M","?","R","M","M","T","$","?","R","M","M","R","BOSS","M","?","?","M","M"],"build_version":"2019-07-01","purchased_purges":1,"victory":false,"max_hp_per_floor":[70,70,70,70,70,70,70,70,70,70,70,70,70,70,70,70,70,70,70,70,70,70],"card_choices":[{"not_picked":["Outmaneuver","Dagger Throw"],"picked":"Reflex","floor":1},{"not_picked":["Poisoned Stab","Dagger Throw"],"picked":"Tactician","floor":3},{"not_picked":["Dash","All Out Attack"],"picked":"Calculated Gamble","floor":4},{"not_picked":["Eviscerate","Blade Dance"],"picked":"Infinite Blades","floor":7},{"not_picked":["Calculated Gamble","Underhanded Strike"],"picked":"All Out Attack","floor":8},{"not_picked":["Poisoned Stab","Footwork"],"picked":"Blur","floor":13},{"not_picked":["Blade Dance","PiercingWail"],"picked":"Die Die Die","floor":14},{"not_picked":["Burst","Bullet Time"],"picked":"After Image","floor":16},{"not_picked":["Dodge and Roll","Deadly Poison"],"picked":"Outmaneuver","floor":18},{"not_picked":["Acrobatics+1","Prepared"],"picked":"Backstab","floor":19},{"not_picked":["Outmaneuver","Reflex"],"picked":"Distraction","floor":21}],"player_experience":54227,"relics_obtained":[{"floor":9,"key":"Letter Opener"}],"event_choices":[{"damage_healed":0,"gold_gain":0,"player_choice":"Ignored","damage_taken":0,"max_hp_gain":0,"max_hp_loss":0,"event_name":"Shining Light","floor":2,"gold_loss":0},{"damage_healed":0,"gold_gain":0,"player_choice":"Grow","damage_taken":0,"max_hp_gain":0,"max_hp_loss":0,"event_name":"Living Wall","floor":5,"gold_loss":0,"cards_upgraded":["Calculated Gamble"]},{"cards_removed":["Reflex"],"damage_healed":19,"gold_gain":0,"player_choice":"Offered Uncommon","damage_taken":0,"max_hp_gain":0,"max_hp_loss":0,"event_name":"Bonfire Elementals","floor":11,"gold_loss":0},{"damage_healed":0,"gold_gain":0,"player_choice":"Obtained Relic","damage_taken":0,"relics_obtained":["StoneCalendar"],"max_hp_gain":0,"max_hp_loss":0,"event_name":"Addict","floor":20,"gold_loss":85}],"is_beta":false,"boss_relics":[{"not_picked":["Cursed Key","Snecko Eye"],"picked":"Ring of the Serpent"}],"items_purged_floors":[10],"is_endless":false,"potions_floor_spawned":[3,4,13,14],"killed_by":"Snake Plant","ascension_level":0}