{"gold_per_floor":[114,128,145,46,46,46,63,33,57,57,7,7,7,22,22,119,119,135,135,60,48,66,93,93,104,104,121,121,21,21,37,37,37],"floor_reached":33,"playtime":4283,"items_purged":["Strike_G","Defend_G"],"score":282,"play_id":"dcf59d44-c844-4db1-be06-7524cb30dcc2","local_time":"20190707165143","is_ascension_mode":false,"campfire_choices":[{"data":"Acrobatics","floor":6.0,"key":"SMITH"},{"data":"Acrobatics","floor":10.0,"key":"SMITH"},{"data":"Backflip","floor":15.0,"key":"SMITH"},{"data":"Storm of Steel","floor":24,"key":"SMITH"},{"data":"Catalyst","floor":32,"key":"SMITH"}],"neow_cost":"NONE","seed_source_timestamp":0,"circlet_count":0,"master_deck":["Defend_G","Defend_G","Defend_G","Defend_G","Survivor","Neutralize","Escape Plan+1","Acrobatics+1","Infinite Blades","Acrobatics+1","Catalyst+1","Prepared","Backflip+1","Storm of Steel+1","Cloak And Dagger","Cloak And Dagger+1","Escape Plan+1","Choke+1","Noxious Fumes","Bite","Bite","Bite","Bite","Bite","Catalyst","Noxious Fumes+1"],"special_seed":0,"relics":["Eternal Feather","Lantern","Letter Opener","Coffee Dripper","NlothsMask","Whetstone"],"potions_floor_usage":[23,25,33],"damage_taken":[{"damage":0.0,"enemies":"2 Louse","floor":1.0,"turns":3.0},{"damage":2.0,"enemies":"Cultist","floor":2.0,"turns":6.0},{"damage":6.0,"enemies":"Jaw Worm","floor":3.0,"turns":6.0},{"damage":24.0,"enemies":"Exordium Wildlife","floor":7.0,"turns":11.0},{"damage":10.0,"enemies":"Looter","floor":8.0,"turns":4.0},{"damage":0.0,"enemies":"Red Slaver","floor":14.0,"turns":4.0},{"damage":6.0,"enemies":"The Guardian","floor":16.0,"turns":14.0},{"damage":0,"enemies":"3 Byrds","floor":18,"turns":4},{"damage":4,"enemies":"2 Thieves","floor":21,"turns":4},{"damage":11,"enemies":"Snecko","floor":22,"turns":6},{"damage":32,"enemies":"Gremlin Leader","floor":23,"turns":10},{"damage":24,"enemies":"Snake Plant","floor":25,"turns":5},{"damage":0,"enemies":"3 Cultists","floor":27,"turns":5},{"damage":15,"enemies":"Shelled Parasite and Fungi","floor":31,"turns":5},{"damage":40,"enemies":"Collector","floor":33,"turns":5}],"seed_played":"-2156693971695639844","potions_obtained":[{"floor":1.0,"key":"Poison Potion"},{"floor":3.0,"key":"Explosive Potion"},{"floor":21,"key":"GhostInAJar"},{"floor":23,"key":"Swift Potion"},{"floor":27,"key":"Energy Potion"}],"is_trial":false,"path_per_floor":["M","M","M","$","?","R","M","M","T","R","?","T","?","M","R","B",null,"M","?","$","M","M","E","R","M","T","M","?","$","?","M","R","B"],"character_chosen":"THE_SILENT","items_purchased":["Infinite Blades","Acrobatics"],"campfire_rested":0,"item_purchase_floors":[4,4],"current_hp_per_floor":[70,68,62,62,62,70,46,36,36,45,45,45,45,45,54,48,70,70,70,70,66,55,23,35,11,11,11,11,11,11,8,23,0],"gold":37,"neow_bonus":"BOSS_RELIC","is_prod":false,"is_daily":false,"chose_seed":false,"campfire_upgraded":5,"win_rate":0,"timestamp":1562532703,"path_taken":["M","M","M","$","?","R","M","?","T","R","?","?","?","M","R","BOSS","M","?","?","M","M","E","R","M","T","?","?","$","?","?","R","BOSS"],"build_version":"2019-07-05","purchased_purges":2,"victory":false,"max_hp_per_floor":[70,70,70,70,70,70,70,70,70,70,70,70,70,70,70,70,70,70,70,70,70,70,70,70,70,70,70,49,49,49,49,49,49],"card_choices":[{"not_picked":["Endless Agony","Underhanded Strike"],"picked":"Escape Plan","floor":1.0},{"not_picked":["Underhanded Strike","Flying Knee","PiercingWail"],"picked":"SKIP","floor":2.0},{"not_picked":["Blade Dance","Bane"],"picked":"Acrobatics","floor":3.0},{"not_picked":["PiercingWail","Underhanded Strike"],"picked":"Catalyst","floor":7.0},{"not_picked":["Flechettes","Bane"],"picked":"Prepared","floor":8.0},{"not_picked":["All Out Attack","Finisher"],"picked":"Backflip","floor":14.0},{"not_picked":["Adrenaline","Wraith Form v2"],"picked":"Storm of Steel","floor":16.0},{"not_picked":["Slice","Dodge and Roll","Underhanded Strike+1"],"picked":"SKIP","floor":18},{"not_picked":["Underhanded Strike","Acrobatics"],"picked":"Cloak And Dagger","floor":21},{"not_picked":["Sucker Punch","Tactician+1"],"picked":"Cloak And Dagger+1","floor":22},{"not_picked":["Poisoned Stab","All Out Attack"],"picked":"Escape Plan+1","floor":23},{"not_picked":["Footwork","Flying Knee+1"],"picked":"Choke+1","floor":25},{"not_picked":["Blade Dance","Sucker Punch+1"],"picked":"Noxious Fumes","floor":27},{"not_picked":["Poisoned Stab","Blade Dance"],"picked":"Noxious Fumes+1","floor":31}],"player_experience":101103,"relics_obtained":[{"floor":9.0,"key":"Lantern"},{"floor":12.0,"key":"Letter Opener"},{"floor":23,"key":"Whetstone"}],"event_choices":[{"damage_healed":0.0,"max_hp_gain":0.0,"max_hp_loss":0.0,"gold_gain":0.0,"event_name":"Accursed Blacksmith","player_choice":"Forge","floor":5.0,"gold_loss":0.0,"damage_taken":0.0,"cards_upgraded":["Escape Plan"]},{"cards_removed":["Strike_G"],"damage_healed":0.0,"max_hp_gain":0.0,"max_hp_loss":0.0,"gold_gain":0.0,"event_name":"The Cleric","player_choice":"Card Removal","floor":11.0,"gold_loss":50.0,"damage_taken":0.0},{"cards_removed":["Strike_G"],"damage_healed":0.0,"max_hp_gain":0.0,"max_hp_loss":0.0,"gold_gain":0.0,"event_name":"Purifier","player_choice":"Purged","floor":13.0,"gold_loss":0.0,"damage_taken":0.0},{"damage_healed":0,"gold_gain":0,"player_choice":"Trade","damage_taken":0,"relics_obtained":["NlothsMask"],"max_hp_gain":0,"max_hp_loss":0,"event_name":"FaceTrader","floor":19,"gold_loss":0},{"damage_healed":0,"gold_gain":0,"player_choice":"Became a vampire","damage_taken":0,"max_hp_gain":0,"max_hp_loss":21,"event_name":"Vampires","floor":28,"gold_loss":0,"cards_obtained":["Bite","Bite","Bite","Bite","Bite"]},{"damage_healed":0,"gold_gain":0,"player_choice":"Copied","damage_taken":0,"max_hp_gain":0,"max_hp_loss":0,"event_name":"Duplicator","floor":30,"gold_loss":0,"cards_obtained":["Catalyst"]}],"is_beta":false,"boss_relics":[{"not_picked":["Black Star","Runic Dome"],"picked":"Coffee Dripper"}],"items_purged_floors":[20,29],"is_endless":false,"potions_floor_spawned":[1,3,21,23,27],"killed_by":"Collector","ascension_level":0}