{"gold_per_floor":[16,16,41,116,116,116,149,172,172,16,16,50,75,100,100,190,190,206,7,32,47,71,109,109,149,174,174,199,199,19,34,34,130,130,153,168,189,207,127,127,147,183,183,214,389,405,405,455,455,455,455,455,455,41,81,81],"floor_reached":57,"playtime":3370,"items_purged":["Strike_B","Chaos","Rebound"],"score":2903,"play_id":"98f840ee-2726-4912-b470-05cd061e3d01","local_time":"20190707183908","is_ascension_mode":true,"campfire_choices":[{"data":"Sweeping Beam","floor":6,"key":"SMITH"},{"data":"Zap","floor":11,"key":"SMITH"},{"floor":15,"key":"REST"},{"data":"Buffer","floor":24,"key":"SMITH"},{"floor":27,"key":"REST"},{"data":"Blizzard","floor":32,"key":"SMITH"},{"data":"Hologram","floor":40,"key":"SMITH"},{"floor":47,"key":"RECALL"},{"data":"Defragment","floor":49,"key":"SMITH"},{"data":"Coolheaded","floor":53,"key":"SMITH"}],"neow_cost":"NO_GOLD","seed_source_timestamp":1148415039118655,"circlet_count":0,"master_deck":["AscendersBane","Dualcast","Sweeping Beam+1","Glacier","Defragment+1","Compile Driver","Doom and Gloom","Hologram+1","Capacitor","Echo Form","Coolheaded+1","Capacitor","Conserve Battery","Barrage+1","Ball Lightning+1","Buffer+1","Doom and Gloom+1","Coolheaded","Blizzard+1","Core Surge","Loop+1","Self Repair+1","Gash","Force Field","Buffer+1","Chill","Coolheaded","Sunder+1","Static Discharge+1","Undo","Self Repair+1","Reinforced Body+1","Darkness","Core Surge","Capacitor+1","White Noise+1"],"relics":["Cracked Core","Golden Idol","PreservedInsect","Mercury Hourglass","The Courier","Snecko Eye","DataDisk","Unceasing Top","Letter Opener","Whetstone","SsserpentHead","Frozen Egg 2","Pandora\u0027s Box","Juzu Bracelet","Bottled Flame","Pocketwatch","ClockworkSouvenir","Bottled Tornado"],"potions_floor_usage":[12,14,23,23,42,56,56],"damage_taken":[{"damage":10,"enemies":"Small Slimes","floor":1,"turns":4},{"damage":0,"enemies":"Jaw Worm","floor":3,"turns":3},{"damage":32,"enemies":"3 Sentries","floor":7,"turns":8},{"damage":2,"enemies":"2 Louse","floor":8,"turns":3},{"damage":14,"enemies":"Lagavulin","floor":12,"turns":6},{"damage":4,"enemies":"Exordium Thugs","floor":13,"turns":3},{"damage":1,"enemies":"Looter","floor":14,"turns":3},{"damage":22,"enemies":"Slime Boss","floor":16,"turns":6},{"damage":0,"enemies":"Shell Parasite","floor":18,"turns":5},{"damage":15,"enemies":"3 Byrds","floor":20,"turns":3},{"damage":0,"enemies":"3 Cultists","floor":21,"turns":4},{"damage":6,"enemies":"Snecko","floor":22,"turns":6},{"damage":29,"enemies":"Slavers","floor":23,"turns":4},{"damage":0,"enemies":"Book of Stabbing","floor":25,"turns":4},{"damage":0,"enemies":"Centurion and Healer","floor":28,"turns":4},{"damage":8,"enemies":"Snake Plant","floor":31,"turns":5},{"damage":14,"enemies":"Champ","floor":33,"turns":11},{"damage":0,"enemies":"3 Darklings","floor":35,"turns":4},{"damage":24,"enemies":"Orb Walker","floor":36,"turns":5},{"damage":0,"enemies":"Writhing Mass","floor":37,"turns":9},{"damage":0,"enemies":"Sphere and 2 Shapes","floor":38,"turns":6},{"damage":0,"enemies":"Maw","floor":41,"turns":8},{"damage":37,"enemies":"Reptomancer","floor":42,"turns":5},{"damage":5,"enemies":"Giant Head","floor":44,"turns":9},{"damage":0,"enemies":"Mind Bloom Boss Battle","floor":45,"turns":4},{"damage":0,"enemies":"Spire Growth","floor":46,"turns":7},{"damage":23,"enemies":"Time Eater","floor":50,"turns":12},{"damage":0,"enemies":"Donu and Deca","floor":51,"turns":9},{"damage":41,"enemies":"Shield and Spear","floor":55,"turns":9},{"damage":71,"enemies":"The Heart","floor":56,"turns":15}],"seed_played":"1942213337005859044","potions_obtained":[{"floor":7,"key":"Block Potion"},{"floor":12,"key":"SpeedPotion"},{"floor":20,"key":"Weak Potion"},{"floor":22,"key":"Regen Potion"},{"floor":33,"key":"Ancient Potion"},{"floor":37,"key":"Weak Potion"},{"floor":42,"key":"FairyPotion"},{"floor":44,"key":"SpeedPotion"}],"is_trial":false,"path_per_floor":["M","?","M","?","?","R","E","M","T","$","R","E","M","M","R","B",null,"M","$","M","M","M","E","R","E","T","R","M","?","$","M","R","B",null,"M","M","M","M","$","R","M","E","T","E","?","M","R","?","R","B","B",null,"R","$","E","B",null],"character_chosen":"DEFECT","items_purchased":["Doom and Gloom","DataDisk","Capacitor","Frozen Egg 2","ClockworkSouvenir","Core Surge","Capacitor+1"],"campfire_rested":2,"item_purchase_floors":[10,19,19,30,54,54,54],"current_hp_per_floor":[68,68,68,57,57,57,25,23,23,23,23,9,5,4,27,5,59,59,59,44,44,38,21,21,21,21,44,44,44,44,36,36,22,63,73,69,77,77,77,77,77,60,60,75,77,77,77,77,77,74,77,77,77,77,76,5],"gold":81,"neow_bonus":"TWENTY_PERCENT_HP_BONUS","is_prod":false,"is_daily":false,"chose_seed":false,"campfire_upgraded":7,"win_rate":0,"timestamp":1562542748,"path_taken":["M","?","M","?","?","R","E","?","T","?","R","E","M","M","R","BOSS","M","$","M","M","M","E","R","E","T","R","M","?","?","M","R","BOSS","M","M","M","M","$","R","M","E","T","E","?","M","R","?","R","BOSS","BOSS","R","$","E","BOSS"],"build_version":"2019-07-03","purchased_purges":3,"victory":true,"max_hp_per_floor":[85,77,77,77,77,77,77,77,77,77,77,77,77,77,77,77,77,77,77,77,77,77,77,77,77,77,77,77,77,77,77,77,77,77,77,77,77,77,77,77,77,77,77,77,77,77,77,77,77,77,77,77,77,77,77,77],"card_choices":[{"not_picked":["Stack","Darkness"],"picked":"Sweeping Beam","floor":1},{"not_picked":["Leap","Cold Snap"],"picked":"Glacier","floor":3},{"not_picked":["BootSequence","Sweeping Beam"],"picked":"Defragment","floor":7},{"not_picked":["Redo","Hologram"],"picked":"Compile Driver","floor":8},{"not_picked":["Go for the Eyes","Leap","Force Field"],"picked":"SKIP","floor":12},{"not_picked":["Streamline","Rebound"],"picked":"Hologram","floor":13},{"not_picked":["Streamline","Coolheaded"],"picked":"Capacitor","floor":14},{"not_picked":["Core Surge","All For One"],"picked":"Echo Form","floor":16},{"not_picked":["Steam Power","Lockon"],"picked":"Coolheaded","floor":18},{"not_picked":["Leap","Hologram"],"picked":"Conserve Battery","floor":20},{"not_picked":["BootSequence","Sweeping Beam"],"picked":"Barrage+1","floor":21},{"not_picked":["Gash","Hologram"],"picked":"Ball Lightning","floor":22},{"not_picked":["Conserve Battery","Glacier"],"picked":"Buffer","floor":23},{"not_picked":["Double Energy+1","Reprogram+1"],"picked":"Doom and Gloom","floor":25},{"not_picked":["Doom and Gloom","Turbo"],"picked":"Coolheaded","floor":28},{"not_picked":["Ball Lightning","Leap"],"picked":"Blizzard","floor":31},{"not_picked":["Fission","Reboot"],"picked":"Core Surge","floor":33},{"not_picked":["Steam+1","Reprogram"],"picked":"Chill","floor":35},{"not_picked":["Beam Cell","Cold Snap"],"picked":"Coolheaded","floor":36},{"not_picked":["Sweeping Beam","Ball Lightning"],"picked":"Sunder+1","floor":37},{"not_picked":["All For One","Coolheaded+1"],"picked":"Static Discharge+1","floor":38},{"not_picked":["Hello World+1","Gash+1"],"picked":"Undo","floor":41},{"not_picked":["Sunder","Ball Lightning","Gash+1"],"picked":"SKIP","floor":42},{"not_picked":["White Noise+1","Lockon+1","Gash"],"picked":"SKIP","floor":44},{"not_picked":["Hologram","Go for the Eyes"],"picked":"Self Repair+1","floor":45},{"not_picked":["Rebound","Cold Snap"],"picked":"Reinforced Body+1","floor":46},{"not_picked":["Doom and Gloom+1","Rebound"],"picked":"White Noise+1","floor":55}],"player_experience":1653388,"relics_obtained":[{"floor":7,"key":"PreservedInsect"},{"floor":9,"key":"Mercury Hourglass"},{"floor":12,"key":"The Courier"},{"floor":23,"key":"Unceasing Top"},{"floor":25,"key":"Letter Opener"},{"floor":26,"key":"Whetstone"},{"floor":42,"key":"Juzu Bracelet"},{"floor":44,"key":"Bottled Flame"},{"floor":45,"key":"Pocketwatch"},{"floor":55,"key":"Bottled Tornado"}],"event_choices":[{"damage_healed":0,"gold_gain":0,"player_choice":"Lose Max HP","damage_taken":0,"relics_obtained":["Golden Idol"],"max_hp_gain":0,"max_hp_loss":8,"event_name":"Golden Idol","floor":2,"gold_loss":0},{"damage_healed":0,"gold_gain":75,"player_choice":"Gather Gold","damage_taken":11,"max_hp_gain":0,"max_hp_loss":0,"event_name":"World of Goop","floor":4,"gold_loss":0},{"damage_healed":0,"gold_gain":0,"player_choice":"Ignored","damage_taken":0,"max_hp_gain":0,"max_hp_loss":0,"event_name":"Liars Game","floor":5,"gold_loss":0},{"damage_healed":0,"gold_gain":0,"player_choice":"Trade","damage_taken":0,"relics_obtained":["SsserpentHead"],"max_hp_gain":0,"max_hp_loss":0,"event_name":"FaceTrader","floor":29,"gold_loss":0},{"damage_healed":0,"gold_gain":0,"player_choice":"Fight","damage_taken":0,"max_hp_gain":0,"max_hp_loss":0,"event_name":"MindBloom","floor":45,"gold_loss":0},{"damage_healed":0,"gold_gain":0,"cards_transformed":["Zap"],"player_choice":"Transformed","damage_taken":0,"max_hp_gain":0,"max_hp_loss":0,"event_name":"Transmorgrifier","floor":48,"gold_loss":0,"cards_obtained":["Darkness"]}],"is_beta":true,"boss_relics":[{"not_picked":["Eternal Feather","Runic Pyramid"],"picked":"Snecko Eye"},{"not_picked":["Lizard Tail","Calling Bell"],"picked":"Pandora\u0027s Box"}],"items_purged_floors":[10,39,54],"is_endless":false,"potions_floor_spawned":[7,12,20,22,33,37,42,44,45],"ascension_level":20}