{"gold_per_floor":[110,110,125,140,65,65,78,78,78,78,108,124,150,166,166,244,244,264,32,49,49,49,49,84,84,84,110,110,125,160,160,160,231,231,251,251,264,264,26,26,61,75,98,117,127,145,95,150,150,150,150],"floor_reached":51,"playtime":2596,"items_purged":["Pain","Strike_R"],"score":1540,"play_id":"c0f1c7f3-43a7-41bf-82d4-c9510ee6ed1e","local_time":"20190601211443","is_ascension_mode":true,"campfire_choices":[{"data":"Immolate","floor":6,"key":"SMITH"},{"data":"Whirlwind","floor":8,"key":"SMITH"},{"floor":15,"key":"REST"},{"floor":23,"key":"REST"},{"floor":25,"key":"REST"},{"floor":28,"key":"REST"},{"floor":32,"key":"RECALL"}],"neow_cost":"NONE","seed_source_timestamp":316762326279300,"circlet_count":0,"master_deck":["AscendersBane","Strike_R","Defend_R","Defend_R","Defend_R","Bash+1","Berserk","Shrug It Off","Twin Strike+1","Whirlwind+1","Immolate+1","True Grit","Battle Trance","Shockwave","Armaments","Feed","Rage","Inflame","Havoc","Reaper","Headbutt","Corruption","Offering","Feel No Pain","Rage+1","Rupture","Disarm","Limit Break","Inflame","Shockwave","Armaments+1","Pommel Strike"],"relics":["Burning Blood","Singing Bowl","WarpedTongs","StoneCalendar","Potion Belt","Fusion Hammer","Centennial Puzzle","Whetstone","Smiling Mask","Mango","Mercury Hourglass","Coffee Dripper","Nunchaku","Bird Faced Urn"],"potions_floor_usage":[16,24,27,27,29,41,42,48,50,50,50,50,51,51],"damage_taken":[{"damage":9,"enemies":"2 Louse","floor":1,"turns":4},{"damage":9,"enemies":"Cultist","floor":3,"turns":4},{"damage":7,"enemies":"Jaw Worm","floor":4,"turns":4},{"damage":5,"enemies":"Red Slaver","floor":7,"turns":3},{"damage":13,"enemies":"3 Sentries","floor":11,"turns":3},{"damage":5,"enemies":"Lots of Slimes","floor":12,"turns":2},{"damage":39,"enemies":"Gremlin Nob","floor":13,"turns":4},{"damage":1,"enemies":"3 Louse","floor":14,"turns":1},{"damage":4,"enemies":"Slime Boss","floor":16,"turns":6},{"damage":26,"enemies":"2 Thieves","floor":18,"turns":3},{"damage":26,"enemies":"Spheric Guardian","floor":20,"turns":7},{"damage":33,"enemies":"Gremlin Leader","floor":24,"turns":7},{"damage":20,"enemies":"Book of Stabbing","floor":27,"turns":4},{"damage":15,"enemies":"Snecko","floor":29,"turns":7},{"damage":3,"enemies":"Gremlin Leader","floor":30,"turns":6},{"damage":102,"enemies":"Automaton","floor":33,"turns":11},{"damage":13,"enemies":"Orb Walker","floor":35,"turns":3},{"damage":21,"enemies":"3 Shapes","floor":37,"turns":5},{"damage":40,"enemies":"Giant Head","floor":41,"turns":7},{"damage":47,"enemies":"Maw","floor":42,"turns":7},{"damage":0,"enemies":"4 Shapes","floor":44,"turns":4},{"damage":10,"enemies":"Sphere and 2 Shapes","floor":45,"turns":4},{"damage":15,"enemies":"Maw","floor":46,"turns":6},{"damage":31,"enemies":"2 Orb Walkers","floor":48,"turns":7},{"damage":84,"enemies":"Time Eater","floor":50,"turns":14},{"damage":63,"enemies":"Awakened One","floor":51,"turns":6}],"seed_played":"-351389632525490964","potions_obtained":[{"floor":2,"key":"Ancient Potion"},{"floor":2,"key":"SkillPotion"},{"floor":14,"key":"SteroidPotion"},{"floor":16,"key":"Strength Potion"},{"floor":24,"key":"AttackPotion"},{"floor":27,"key":"PowerPotion"},{"floor":30,"key":"GamblersBrew"},{"floor":33,"key":"Block Potion"},{"floor":35,"key":"LiquidBronze"},{"floor":41,"key":"Poison Potion"},{"floor":42,"key":"FearPotion"},{"floor":45,"key":"Ancient Potion"},{"floor":48,"key":"EntropicBrew"}],"is_trial":false,"path_per_floor":["M","?","M","M","$","R","M","R","T","?","E","M","E","M","R","B",null,"M","$","M","?","?","R","E","R","T","E","R","M","E","?","R","B",null,"M","?","M","?","$","R","E","M","T","M","M","M","$","?","R","B","B"],"character_chosen":"IRONCLAD","items_purchased":["Immolate","Centennial Puzzle","Disarm","Limit Break","Inflame"],"campfire_rested":4,"item_purchase_floors":[5,19,39,39,39],"current_hp_per_floor":[65,65,62,61,61,61,62,62,62,62,55,56,23,28,50,52,69,54,54,34,34,34,58,37,62,62,66,97,95,102,102,102,17,88,88,88,86,86,86,86,82,73,73,81,90,96,96,83,83,50,0],"gold":150,"neow_bonus":"ONE_RANDOM_RARE_CARD","is_prod":false,"is_daily":false,"chose_seed":false,"campfire_upgraded":2,"win_rate":0,"timestamp":1559441683,"path_taken":["M","?","M","M","$","R","?","R","T","?","E","?","E","M","R","BOSS","M","$","?","?","?","R","E","R","T","E","R","M","E","?","R","BOSS","M","?","M","?","$","R","E","M","T","M","M","?","?","?","R","BOSS","BOSS"],"build_version":"2019-01-23","purchased_purges":2,"victory":false,"max_hp_per_floor":[75,75,75,75,75,75,75,75,75,75,75,75,75,75,75,75,75,80,80,80,80,80,80,86,86,86,104,104,104,108,108,108,112,112,115,115,118,118,118,118,124,126,126,128,131,131,131,131,131,131,134],"card_choices":[{"not_picked":["Armaments","Second Wind"],"picked":"Shrug It Off","floor":1},{"not_picked":["Clash","Sword Boomerang"],"picked":"Twin Strike","floor":3},{"not_picked":["Sword Boomerang","Twin Strike"],"picked":"Whirlwind","floor":4},{"not_picked":["Combust","Clash","Flex"],"picked":"SKIP","floor":7},{"not_picked":["Clash","Iron Wave"],"picked":"True Grit","floor":11},{"not_picked":["Shrug It Off","Clash"],"picked":"Battle Trance","floor":12},{"not_picked":["Heavy Blade","Juggernaut"],"picked":"Shockwave","floor":13},{"not_picked":["Headbutt","Thunderclap"],"picked":"Armaments","floor":14},{"not_picked":["Barricade","Reaper"],"picked":"Feed","floor":16},{"not_picked":["Thunderclap","Rampage","Twin Strike"],"picked":"Singing Bowl","floor":18},{"not_picked":["Heavy Blade","Cleave"],"picked":"Rage","floor":20},{"not_picked":["Body Slam","Cleave","Wild Strike"],"picked":"Singing Bowl","floor":24},{"not_picked":["Shrug It Off","Havoc"],"picked":"Reaper","floor":27},{"not_picked":["Cleave","Searing Blow"],"picked":"Headbutt","floor":29},{"not_picked":["Heavy Blade","Rupture+1"],"picked":"Corruption","floor":30},{"not_picked":["Bludgeon","Double Tap"],"picked":"Offering","floor":33},{"not_picked":["Flex","Perfected Strike"],"picked":"Feel No Pain","floor":35},{"not_picked":["Twin Strike","Pommel Strike"],"picked":"Rage+1","floor":37},{"not_picked":["Perfected Strike","Thunderclap+1","Power Through"],"picked":"Singing Bowl","floor":41},{"not_picked":["Barricade","Sword Boomerang","Clash"],"picked":"Singing Bowl","floor":42},{"not_picked":["Cleave","Sword Boomerang","Perfected Strike+1"],"picked":"Singing Bowl","floor":44},{"not_picked":["Blood for Blood","Power Through+1"],"picked":"Shockwave","floor":45},{"not_picked":["True Grit+1","Warcry"],"picked":"Armaments+1","floor":46},{"not_picked":["True Grit","Havoc"],"picked":"Pommel Strike","floor":48}],"player_experience":1664794,"relics_obtained":[{"floor":9,"key":"Singing Bowl"},{"floor":11,"key":"StoneCalendar"},{"floor":13,"key":"Potion Belt"},{"floor":24,"key":"Whetstone"},{"floor":26,"key":"Smiling Mask"},{"floor":27,"key":"Mango"},{"floor":30,"key":"Mercury Hourglass"},{"floor":41,"key":"Nunchaku"},{"floor":48,"key":"Bird Faced Urn"}],"event_choices":[{"damage_healed":0,"gold_gain":0,"player_choice":"Got Potions","damage_taken":0,"max_hp_gain":0,"max_hp_loss":0,"event_name":"Lab","floor":2,"gold_loss":0},{"damage_healed":0,"gold_gain":0,"player_choice":"Rummage","damage_taken":0,"relics_obtained":["WarpedTongs"],"max_hp_gain":0,"max_hp_loss":0,"event_name":"Accursed Blacksmith","floor":10,"gold_loss":0,"cards_obtained":["Pain"]},{"damage_healed":0,"gold_gain":0,"cards_transformed":["Strike_R","Strike_R"],"player_choice":"Became Test Subject","damage_taken":0,"max_hp_gain":0,"max_hp_loss":0,"event_name":"Drug Dealer","floor":21,"gold_loss":0,"cards_obtained":["Inflame","Havoc"]},{"damage_healed":0,"gold_gain":0,"player_choice":"Ignored","damage_taken":0,"max_hp_gain":0,"max_hp_loss":0,"event_name":"The Mausoleum","floor":22,"gold_loss":0},{"damage_healed":0,"gold_gain":0,"player_choice":"Ignored","damage_taken":0,"max_hp_gain":0,"max_hp_loss":0,"event_name":"Ghosts","floor":31,"gold_loss":0},{"cards_removed":["Defend_R"],"damage_healed":0,"gold_gain":0,"player_choice":"Removed Skill","damage_taken":0,"max_hp_gain":0,"max_hp_loss":0,"event_name":"Falling","floor":36,"gold_loss":0},{"damage_healed":0,"gold_gain":0,"cards_transformed":["Strike_R"],"player_choice":"Transformed","damage_taken":0,"max_hp_gain":0,"max_hp_loss":0,"event_name":"Transmorgrifier","floor":38,"gold_loss":0,"cards_obtained":["Rupture"]},{"damage_healed":0,"gold_gain":0,"player_choice":"Fight","damage_taken":0,"max_hp_gain":0,"max_hp_loss":0,"event_name":"Mysterious Sphere","floor":48,"gold_loss":0}],"is_beta":false,"boss_relics":[{"not_picked":["Tiny House","Philosopher\u0027s Stone"],"picked":"Fusion Hammer"},{"not_picked":["Sozu","Runic Cube"],"picked":"Coffee Dripper"}],"items_purged_floors":[19,47],"is_endless":false,"potions_floor_spawned":[4,11,14,16,24,27,30,33,35,41,42,45,48],"killed_by":"Awakened One","ascension_level":20}