{"gold_per_floor":[110,110,110,127,145,145,174,174,197,197,227,241,252,252,252,325,325,304,318,14,25,25,25,25,25,25,39,49,78,24,53,53,53],"floor_reached":33,"playtime":1269,"items_purged":["Pain"],"score":615,"play_id":"ed3fc65c-a1ac-4504-8963-6089ff625d7c","local_time":"20190712194307","is_ascension_mode":true,"campfire_choices":[{"data":"Uppercut","floor":6,"key":"SMITH"},{"data":"Armaments","floor":8,"key":"SMITH"},{"data":"Sword Boomerang","floor":15,"key":"SMITH"},{"data":"Demon Form","floor":23,"key":"SMITH"},{"data":"Defend_R","floor":25,"key":"SMITH"},{"data":"Exhume","floor":32,"key":"SMITH"}],"neow_cost":"NONE","seed_source_timestamp":1586368991896152,"circlet_count":0,"master_deck":["AscendersBane","Strike_R","Strike_R","Strike_R","Strike_R","Defend_R","Defend_R","Defend_R","Defend_R+1","Bash+1","Iron Wave+1","Uppercut+1","Armaments+1","Sword Boomerang+1","Feed+1","Sword Boomerang+1","Reaper+1","Thunderclap+1","Shockwave+1","Demon Form+1","Impervious+1","Anger+1","Shockwave","Heavy Blade+1","Headbutt+1","Exhume+1"],"relics":["Burning Blood","Juzu Bracelet","Red Skull","Molten Egg 2","WarpedTongs","Coffee Dripper","Darkstone Periapt","Blood Vial","Vajra","Art of War"],"potions_floor_usage":[16,19,31,31],"damage_taken":[{"damage":3,"enemies":"2 Louse","floor":1,"turns":3},{"damage":6,"enemies":"Cultist","floor":4,"turns":4},{"damage":7,"enemies":"Jaw Worm","floor":5,"turns":3},{"damage":23,"enemies":"Gremlin Nob","floor":7,"turns":4},{"damage":22,"enemies":"3 Sentries","floor":11,"turns":8},{"damage":4,"enemies":"Exordium Thugs","floor":12,"turns":4},{"damage":11,"enemies":"Gremlin Gang","floor":13,"turns":5},{"damage":27,"enemies":"Hexaghost","floor":16,"turns":9},{"damage":22,"enemies":"2 Thieves","floor":18,"turns":4},{"damage":9,"enemies":"3 Byrds","floor":19,"turns":5},{"damage":38,"enemies":"Cultist and Chosen","floor":21,"turns":6},{"damage":18,"enemies":"Centurion and Healer","floor":27,"turns":10},{"damage":23,"enemies":"Shelled Parasite and Fungi","floor":28,"turns":6},{"damage":48,"enemies":"Gremlin Leader","floor":29,"turns":10},{"damage":25,"enemies":"Book of Stabbing","floor":31,"turns":5},{"damage":22,"enemies":"Collector","floor":33,"turns":2}],"seed_played":"-7053426391384081231","potions_obtained":[{"floor":5,"key":"LiquidBronze"},{"floor":7,"key":"EssenceOfSteel"},{"floor":13,"key":"LiquidBronze"},{"floor":18,"key":"PowerPotion"},{"floor":21,"key":"AttackPotion"}],"is_trial":false,"path_per_floor":["M","?","?","M","M","R","E","R","T","?","E","M","M","?","R","B",null,"M","M","$","M","?","R","?","R","T","M","M","E","$","E","R","B"],"character_chosen":"IRONCLAD","items_purchased":["Demon Form","Impervious","Dexterity Potion"],"campfire_rested":0,"item_purchase_floors":[20,20,30],"current_hp_per_floor":[71,64,64,64,63,63,46,46,46,51,35,41,40,40,40,19,71,55,60,60,40,40,40,40,40,40,66,67,27,27,14,14,0],"gold":53,"neow_bonus":"UPGRADE_CARD","is_prod":false,"is_daily":false,"chose_seed":false,"campfire_upgraded":6,"win_rate":0,"timestamp":1562978587,"path_taken":["M","?","?","M","M","R","E","R","T","?","E","M","M","?","R","BOSS","M","M","$","M","?","R","?","R","T","M","M","E","?","E","R","BOSS"],"build_version":"2019-07-10","purchased_purges":1,"victory":false,"max_hp_per_floor":[75,75,75,75,75,75,75,75,75,80,80,84,88,88,88,88,88,88,92,92,92,92,92,92,92,92,96,96,96,96,100,100,100],"card_choices":[{"not_picked":["Clash","Havoc"],"picked":"Iron Wave","floor":1},{"not_picked":["Whirlwind","Corruption"],"picked":"Uppercut","floor":4},{"not_picked":["Burning Pact","Perfected Strike"],"picked":"Armaments","floor":5},{"not_picked":["Clothesline","Body Slam"],"picked":"Sword Boomerang","floor":7},{"not_picked":["Headbutt","Corruption"],"picked":"Feed","floor":11},{"not_picked":["Second Wind","Reckless Charge+1","Flex"],"picked":"SKIP","floor":12},{"not_picked":["Cleave+1","Infernal Blade"],"picked":"Sword Boomerang+1","floor":13},{"not_picked":["Double Tap","Demon Form"],"picked":"Reaper+1","floor":16},{"not_picked":["Clothesline+1","Armaments+1"],"picked":"Thunderclap+1","floor":18},{"not_picked":["Anger+1","Cleave+1"],"picked":"Shockwave+1","floor":19},{"not_picked":["Shrug It Off","Cleave+1"],"picked":"Anger+1","floor":21},{"not_picked":["Body Slam+1","Flex"],"picked":"Shockwave","floor":27},{"not_picked":["Dropkick+1","Havoc"],"picked":"Heavy Blade+1","floor":28},{"not_picked":["Feel No Pain","Rupture"],"picked":"Headbutt+1","floor":29},{"not_picked":["Rage","Flex"],"picked":"Exhume","floor":31}],"player_experience":1689836,"relics_obtained":[{"floor":7,"key":"Juzu Bracelet"},{"floor":9,"key":"Red Skull"},{"floor":11,"key":"Molten Egg 2"},{"floor":26,"key":"Blood Vial"},{"floor":29,"key":"Vajra"},{"floor":31,"key":"Art of War"}],"event_choices":[{"cards_removed":["Strike_R"],"damage_healed":0,"gold_gain":0,"player_choice":"Card Removal","damage_taken":7,"max_hp_gain":0,"max_hp_loss":0,"event_name":"Golden Wing","floor":2,"gold_loss":0},{"damage_healed":0,"gold_gain":0,"player_choice":"Upgraded","damage_taken":0,"max_hp_gain":0,"max_hp_loss":0,"event_name":"Upgrade Shrine","floor":3,"gold_loss":0,"cards_upgraded":["Iron Wave"]},{"damage_healed":0,"gold_gain":0,"player_choice":"Donut","damage_taken":0,"max_hp_gain":5,"max_hp_loss":0,"event_name":"Big Fish","floor":10,"gold_loss":0},{"damage_healed":0,"gold_gain":0,"player_choice":"Rummage","damage_taken":0,"relics_obtained":["WarpedTongs"],"max_hp_gain":0,"max_hp_loss":0,"event_name":"Accursed Blacksmith","floor":14,"gold_loss":0,"cards_obtained":["Pain"]},{"damage_healed":0,"gold_gain":0,"player_choice":"Gave Potion","damage_taken":0,"relics_obtained":["Darkstone Periapt"],"max_hp_gain":0,"max_hp_loss":0,"event_name":"WeMeetAgain","floor":22,"gold_loss":0},{"damage_healed":0,"gold_gain":0,"player_choice":"Upgraded","damage_taken":0,"max_hp_gain":0,"max_hp_loss":0,"event_name":"Upgrade Shrine","floor":24,"gold_loss":0,"cards_upgraded":["Impervious"]}],"is_beta":true,"boss_relics":[{"not_picked":["Busted Crown","Orrery"],"picked":"Coffee Dripper"}],"items_purged_floors":[20],"is_endless":false,"potions_floor_spawned":[5,7,11,13,18,21],"killed_by":"Collector","ascension_level":20}