{"gold_per_floor":[115,128,128,53,53,53,65,92,92,123,134,134,148,165,165,266,266,276,47,47,60,37,67,87,12,64,77,77,77,90,110,110,212,212,232,13,23,36,36,71,71,84,84,84,95,95,112,129,129,129],"floor_reached":51,"playtime":7704,"items_purged":["Strike_G","Strike_G","Strike_G"],"score":703,"play_id":"4112caff-ce89-4aa8-bf99-59274631793f","local_time":"20190709225159","is_ascension_mode":false,"campfire_choices":[{"floor":6,"key":"REST"},{"data":"Neutralize","floor":12,"key":"SMITH"},{"floor":15,"key":"REST"},{"floor":28,"key":"REST"},{"floor":32,"key":"REST"},{"floor":41,"key":"REST"},{"floor":44,"key":"REST"},{"floor":46,"key":"REST"},{"floor":49,"key":"REST"}],"neow_cost":"PERCENT_DAMAGE","seed_source_timestamp":1291760159195600,"circlet_count":0,"master_deck":["Defend_G","Defend_G","Defend_G","Defend_G+1","Defend_G","Survivor","Neutralize+1","Sucker Punch","Deflect+1","Backstab","Bouncing Flask+1","Deadly Poison+1","Deflect+1","Flying Knee","Outmaneuver+1","Burst+1","Deadly Poison+1","Backflip+1","Bouncing Flask+1","Outmaneuver+1","Prepared+1","Backstab","PiercingWail+1","Acrobatics+1","Leg Sweep+1","Flying Knee+1","Adrenaline+1","Dodge and Roll+1","Bullet Time+1","Caltrops+1","Deadly Poison+1","Backflip+1","Parasite","Flying Knee+1","Adrenaline+1","Noxious Fumes+1","Well Laid Plans+1","Deflect+1","Bouncing Flask+1","Parasite","Escape Plan+1","Catalyst+1"],"relics":["Ring of the Serpent","Ginger","Bag of Marbles","Dream Catcher","Mercury Hourglass","Toxic Egg 2","Frozen Egg 2","Pen Nib","Fusion Hammer","The Specimen","Paper Crane"],"potions_floor_usage":[16,16,23,27,31,40,50,50],"damage_taken":[{"damage":0,"enemies":"2 Louse","floor":1,"turns":3},{"damage":0,"enemies":"Small Slimes","floor":2,"turns":4},{"damage":0,"enemies":"Jaw Worm","floor":7,"turns":6},{"damage":5,"enemies":"3 Sentries","floor":10,"turns":8},{"damage":0,"enemies":"2 Fungi Beasts","floor":11,"turns":2},{"damage":0,"enemies":"Large Slime","floor":13,"turns":4},{"damage":0,"enemies":"3 Louse","floor":14,"turns":2},{"damage":19,"enemies":"Hexaghost","floor":16,"turns":7},{"damage":0,"enemies":"3 Byrds","floor":18,"turns":4},{"damage":2,"enemies":"Spheric Guardian","floor":21,"turns":3},{"damage":10,"enemies":"Book of Stabbing","floor":23,"turns":4},{"damage":14,"enemies":"Shelled Parasite and Fungi","floor":24,"turns":3},{"damage":10,"enemies":"Snecko","floor":27,"turns":3},{"damage":3,"enemies":"3 Cultists","floor":30,"turns":5},{"damage":0,"enemies":"Chosen and Byrds","floor":31,"turns":4},{"damage":17,"enemies":"Champ","floor":33,"turns":12},{"damage":31,"enemies":"3 Darklings","floor":35,"turns":4},{"damage":0,"enemies":"3 Shapes","floor":37,"turns":3},{"damage":7,"enemies":"Writhing Mass","floor":38,"turns":4},{"damage":34,"enemies":"Nemesis","floor":40,"turns":7},{"damage":3,"enemies":"3 Darklings","floor":42,"turns":3},{"damage":7,"enemies":"Spire Growth","floor":45,"turns":4},{"damage":6,"enemies":"Writhing Mass","floor":47,"turns":4},{"damage":1,"enemies":"3 Darklings","floor":48,"turns":4},{"damage":25,"enemies":"Donu and Deca","floor":50,"turns":5}],"seed_played":"4353787377632895801","potions_obtained":[{"floor":2,"key":"Ancient Potion"},{"floor":11,"key":"AttackPotion"},{"floor":13,"key":"Fruit Juice"},{"floor":18,"key":"Poison Potion"},{"floor":21,"key":"SkillPotion"},{"floor":23,"key":"Swift Potion"},{"floor":30,"key":"FearPotion"},{"floor":38,"key":"SkillPotion"},{"floor":40,"key":"FearPotion"},{"floor":47,"key":"Strength Potion"}],"is_trial":false,"path_per_floor":["M","M","?","$","?","R","M","T","T","E","M","R","M","M","R","B",null,"M","$","?","M","$","E","M","?","T","M","R","?","M","M","R","B",null,"M","$","M","M","?","E","R","M","T","R","M","R","M","M","R","B",null],"character_chosen":"THE_SILENT","items_purchased":["Backflip+1","Bouncing Flask+1","Prepared+1","Caltrops+1","Deadly Poison+1"],"campfire_rested":8,"item_purchase_floors":[19,19,22,36,36],"current_hp_per_floor":[49,49,37,37,23,44,44,44,44,39,39,39,39,39,60,46,75,75,75,75,73,73,63,49,49,49,39,61,47,44,44,68,51,80,49,49,49,42,42,8,32,29,29,53,46,70,64,63,80,55],"gold":129,"neow_bonus":"ONE_RARE_RELIC","is_prod":false,"is_daily":false,"chose_seed":false,"campfire_upgraded":1,"win_rate":0.0,"timestamp":1562727119,"path_taken":["M","M","?","$","?","R","M","?","T","E","M","R","M","M","R","BOSS","M","$","?","M","$","E","M","?","T","M","R","?","M","M","R","BOSS","M","$","M","M","?","E","R","M","T","R","M","R","M","?","R","BOSS"],"build_version":"2019-07-05","purchased_purges":3,"victory":true,"max_hp_per_floor":[70,70,70,70,70,70,70,70,70,70,70,70,70,70,70,75,75,75,75,75,75,75,75,75,75,75,75,75,80,80,80,80,80,80,80,80,80,80,80,80,80,80,80,80,80,80,80,80,80,80],"card_choices":[{"not_picked":["Quick Slash","Choke"],"picked":"Sucker Punch","floor":1},{"not_picked":["Dagger Spray","Predator"],"picked":"Deflect","floor":2},{"not_picked":["Terror","Flying Knee"],"picked":"Backstab","floor":7},{"not_picked":["Predator","Masterful Stab"],"picked":"Bouncing Flask","floor":10},{"not_picked":["Expertise+1","Quick Slash"],"picked":"Deadly Poison+1","floor":11},{"not_picked":["Heel Hook","Caltrops"],"picked":"Deflect+1","floor":13},{"not_picked":["Bouncing Flask+1","Caltrops"],"picked":"Flying Knee","floor":14},{"not_picked":["Dagger Throw","Flying Knee"],"picked":"Outmaneuver+1","floor":15},{"not_picked":["After Image","Die Die Die"],"picked":"Burst+1","floor":16},{"not_picked":["Sucker Punch","Eviscerate+1"],"picked":"Deadly Poison+1","floor":18},{"not_picked":["PiercingWail+1","Bane"],"picked":"Outmaneuver+1","floor":21},{"not_picked":["Sucker Punch","Slice"],"picked":"Backstab","floor":23},{"not_picked":["Crippling Poison+1","Dagger Throw+1"],"picked":"PiercingWail+1","floor":24},{"not_picked":["Terror+1","Blade Dance+1"],"picked":"Acrobatics+1","floor":27},{"not_picked":["PiercingWail+1","Bane"],"picked":"Leg Sweep+1","floor":28},{"not_picked":["Infinite Blades+1","Prepared+1"],"picked":"Flying Knee+1","floor":30},{"not_picked":["Blade Dance+1","Heel Hook+1"],"picked":"Adrenaline+1","floor":31},{"not_picked":["Poisoned Stab+1","Underhanded Strike"],"picked":"Dodge and Roll+1","floor":32},{"not_picked":["Doppelganger+1","Phantasmal Killer+1"],"picked":"Bullet Time+1","floor":33},{"not_picked":["Quick Slash+1","Deflect+1","Acrobatics+1"],"picked":"SKIP","floor":35},{"not_picked":["Leg Sweep+1","Dodge and Roll+1"],"picked":"Backflip+1","floor":37},{"not_picked":["Quick Slash","Bane"],"picked":"Flying Knee+1","floor":38},{"not_picked":["Deadly Poison+1","Poisoned Stab"],"picked":"Adrenaline+1","floor":40},{"not_picked":["Escape Plan+1","Predator"],"picked":"Noxious Fumes+1","floor":41},{"not_picked":["Reflex+1","Masterful Stab"],"picked":"Well Laid Plans+1","floor":42},{"not_picked":["Blade Dance+1","Choke"],"picked":"Deflect+1","floor":45},{"not_picked":["PiercingWail+1","Dagger Spray"],"picked":"Bouncing Flask+1","floor":46},{"not_picked":["Heel Hook+1","Flying Knee+1"],"picked":"Escape Plan+1","floor":47},{"not_picked":["Bane","Dagger Throw+1","Leg Sweep+1"],"picked":"SKIP","floor":48},{"not_picked":["Endless Agony","Dagger Throw+1"],"picked":"Catalyst+1","floor":49}],"player_experience":27766,"relics_obtained":[{"floor":8,"key":"Dream Catcher"},{"floor":9,"key":"Mercury Hourglass"},{"floor":10,"key":"Toxic Egg 2"},{"floor":23,"key":"Frozen Egg 2"},{"floor":26,"key":"Pen Nib"},{"floor":40,"key":"The Specimen"},{"floor":43,"key":"Paper Crane"}],"event_choices":[{"damage_healed":0,"gold_gain":0,"player_choice":"Success","damage_taken":12,"relics_obtained":["Bag of Marbles"],"max_hp_gain":0,"max_hp_loss":0,"event_name":"Scrap Ooze","floor":3,"gold_loss":0},{"damage_healed":0,"gold_gain":0,"player_choice":"Entered Light","damage_taken":14,"max_hp_gain":0,"max_hp_loss":0,"event_name":"Shining Light","floor":5,"gold_loss":0,"cards_upgraded":["Defend_G","Deflect"]},{"cards_removed":["Strike_G"],"damage_healed":0,"gold_gain":0,"player_choice":"Gave Gold","damage_taken":0,"max_hp_gain":0,"max_hp_loss":0,"event_name":"Beggar","floor":25,"gold_loss":75},{"damage_healed":0,"gold_gain":0,"player_choice":"Shed Blood","damage_taken":19,"max_hp_gain":5,"max_hp_loss":0,"event_name":"Forgotten Altar","floor":29,"gold_loss":0},{"cards_removed":["Strike_G"],"damage_healed":0,"gold_gain":0,"player_choice":"Offered Basic","damage_taken":0,"max_hp_gain":0,"max_hp_loss":0,"event_name":"Bonfire Elementals","floor":39,"gold_loss":0}],"is_beta":false,"boss_relics":[{"not_picked":["Tiny House","Lizard Tail"],"picked":"Ring of the Serpent"},{"not_picked":["Orrery","WristBlade"],"picked":"Fusion Hammer"}],"items_purged_floors":[4,19,36],"is_endless":false,"potions_floor_spawned":[2,11,13,18,21,23,30,38,40,47],"ascension_level":0}