{"gold_per_floor":[112,124,134,146,146,173,173,187,212,212,276,276,276,293,293,395,395,411,422,434,449,459,459,459,459,486,486,486,517,549,561,573,689,701,729,755,767,779,791,803,825,837,918,942,954,976,1008,285,285,285],"floor_reached":51,"playtime":5556,"items_purged":["Defend_G"],"score":721,"play_id":"e273fa3d-d10a-416b-a353-61920f4b679b","local_time":"20190704221533","is_ascension_mode":false,"campfire_choices":[{"data":"Deadly Poison","floor":7,"key":"SMITH"},{"data":"PiercingWail","floor":10,"key":"SMITH"},{"data":"Calculated Gamble","floor":15,"key":"SMITH"},{"data":"Backflip","floor":23,"key":"SMITH"},{"data":"Escape Plan","floor":25,"key":"SMITH"},{"data":"Escape Plan","floor":27,"key":"SMITH"},{"data":"Noxious Fumes","floor":32,"key":"SMITH"},{"data":"Corpse Explosion","floor":40,"key":"SMITH"},{"data":"Wraith Form v2","floor":42,"key":"SMITH"},{"data":"Wraith Form v2","floor":45,"key":"SMITH"},{"data":"Night Terror","floor":49,"key":"SMITH"}],"neow_cost":"NONE","seed_source_timestamp":0,"circlet_count":0,"master_deck":["Defend_G","Defend_G","Defend_G","Survivor","Neutralize","PiercingWail+1","Expertise","Acrobatics","Deadly Poison+1","Iron Wave","Backstab","Well Laid Plans","Calculated Gamble+1","Escape Plan+1","Dash","Endless Agony","Night Terror+1","Deadly Poison+1","Backflip+1","Backflip+1","Deflect","Escape Plan+1","Wraith Form v2+1","Noxious Fumes+1","Choke","Corpse Explosion+1","Wraith Form v2+1","Backstab+1","Flechettes","Escape Plan+1","Backflip+1","Crippling Poison+1","Backflip+1"],"special_seed":0,"relics":["Ring of the Snake","NeowsBlessing","Matryoshka","Mercury Hourglass","Vajra","White Beast Statue","Nloth\u0027s Gift","Juzu Bracelet","Lantern","Enchiridion","MawBank","Philosopher\u0027s Stone","Kunai","Bronze Scales","Letter Opener","Sling"],"potions_floor_usage":[16,19,20,29,30,33,33,33,41,46,47,50,50,50],"damage_taken":[{"damage":0.0,"enemies":"2 Louse","floor":1.0,"turns":1.0},{"damage":0.0,"enemies":"Cultist","floor":2.0,"turns":1.0},{"damage":0.0,"enemies":"Jaw Worm","floor":3.0,"turns":1.0},{"damage":9.0,"enemies":"2 Fungi Beasts","floor":4.0,"turns":7.0},{"damage":28,"enemies":"Lagavulin","floor":6,"turns":11},{"damage":10,"enemies":"Large Slime","floor":8,"turns":6},{"damage":10,"enemies":"Gremlin Nob","floor":11,"turns":4},{"damage":0,"enemies":"Lots of Slimes","floor":14,"turns":3},{"damage":0,"enemies":"Hexaghost","floor":16,"turns":8},{"damage":0,"enemies":"Shell Parasite","floor":18,"turns":7},{"damage":0,"enemies":"Spheric Guardian","floor":19,"turns":3},{"damage":0,"enemies":"Snake Plant","floor":20,"turns":3},{"damage":7,"enemies":"Chosen and Byrds","floor":21,"turns":5},{"damage":0,"enemies":"Snecko","floor":22,"turns":5},{"damage":0,"enemies":"Slavers","floor":29,"turns":4},{"damage":4,"enemies":"Centurion and Healer","floor":30,"turns":7},{"damage":6,"enemies":"Automaton","floor":33,"turns":10},{"damage":2,"enemies":"Orb Walker","floor":35,"turns":5},{"damage":3,"enemies":"3 Darklings","floor":36,"turns":2},{"damage":0,"enemies":"4 Shapes","floor":41,"turns":2},{"damage":0,"enemies":"Transient","floor":44,"turns":5},{"damage":1,"enemies":"Maw","floor":46,"turns":7},{"damage":6,"enemies":"4 Shapes","floor":47,"turns":2},{"damage":29,"enemies":"Time Eater","floor":50,"turns":16}],"seed_played":"3942022797221217828","potions_obtained":[{"floor":2.0,"key":"GamblersBrew"},{"floor":3.0,"key":"Energy Potion"},{"floor":6,"key":"SpeedPotion"},{"floor":14,"key":"SkillPotion"},{"floor":18,"key":"GamblersBrew"},{"floor":19,"key":"Strength Potion"},{"floor":20,"key":"GhostInAJar"},{"floor":21,"key":"LiquidBronze"},{"floor":29,"key":"SkillPotion"},{"floor":30,"key":"GamblersBrew"},{"floor":33,"key":"Fire Potion"},{"floor":35,"key":"PowerPotion"},{"floor":36,"key":"Fruit Juice"},{"floor":41,"key":"Dexterity Potion"},{"floor":44,"key":"Dexterity Potion"},{"floor":46,"key":"FearPotion"},{"floor":47,"key":"Weak Potion"}],"is_trial":false,"path_per_floor":["M","M","M","M","?","E","R","M","T","R","?","?","?","M","R","B",null,"M","M","M","M","M","R","?","R","T","R","?","E","M","?","R","B",null,"M","M","?","?","?","R","M","R","T","M","R","M","M","$","R","B",null],"character_chosen":"THE_SILENT","items_purchased":["Bronze Scales","Letter Opener","SkillPotion","Sling"],"campfire_rested":0,"item_purchase_floors":[48,48,48,48],"current_hp_per_floor":[70,70,70,61,61,33,33,23,23,23,13,13,13,13,13,13,70,70,70,70,63,63,63,63,63,63,63,47,47,43,43,43,37,70,68,65,65,65,65,65,65,65,65,65,65,69,63,63,63,34],"gold":285,"neow_bonus":"THREE_ENEMY_KILL","is_prod":false,"is_daily":false,"chose_seed":false,"campfire_upgraded":11,"win_rate":0.0,"timestamp":1562246133,"path_taken":["M","M","M","M","?","E","R","?","T","R","?","?","?","?","R","BOSS","M","M","M","M","M","R","?","R","T","R","?","E","M","?","R","BOSS","M","M","?","?","?","R","M","R","T","M","R","M","M","$","R","BOSS"],"build_version":"2019-07-01","purchased_purges":1,"victory":true,"max_hp_per_floor":[70,70,70,70,70,70,70,70,70,70,70,70,70,70,70,70,70,70,70,70,70,70,70,70,70,70,70,70,70,70,70,70,70,70,70,70,70,70,70,70,70,70,70,70,70,75,75,75,75,75],"card_choices":[{"not_picked":["Quick Slash","Underhanded Strike"],"picked":"PiercingWail","floor":1.0},{"not_picked":["Tactician","Flying Knee"],"picked":"Expertise","floor":2.0},{"not_picked":["Caltrops","Bane"],"picked":"Acrobatics","floor":3.0},{"not_picked":["Expertise","Sucker Punch"],"picked":"Deadly Poison","floor":4},{"not_picked":["Outmaneuver","Choke"],"picked":"Backstab","floor":6},{"not_picked":["Caltrops","Slice"],"picked":"Well Laid Plans","floor":8},{"not_picked":["Deadly Poison","Flying Knee"],"picked":"Calculated Gamble","floor":11},{"not_picked":["Bane","Well Laid Plans"],"picked":"Endless Agony","floor":14},{"not_picked":["Glass Knife","Doppelganger"],"picked":"Night Terror","floor":16},{"not_picked":["Dagger Spray","Expertise"],"picked":"Deadly Poison+1","floor":18},{"not_picked":["Caltrops+1","Calculated Gamble"],"picked":"Backflip","floor":19},{"not_picked":["Sucker Punch","Poisoned Stab+1"],"picked":"Backflip+1","floor":20},{"not_picked":["Heel Hook","PiercingWail"],"picked":"Deflect","floor":21},{"not_picked":["Dagger Throw","Prepared"],"picked":"Escape Plan","floor":22},{"not_picked":["Flying Knee","Predator"],"picked":"Wraith Form v2","floor":29},{"not_picked":["Predator","Eviscerate"],"picked":"Noxious Fumes","floor":30},{"not_picked":["Night Terror","Malaise"],"picked":"Corpse Explosion","floor":33},{"not_picked":["Blade Dance+1","Acrobatics"],"picked":"Wraith Form v2","floor":35},{"not_picked":["Dagger Spray","Dagger Throw"],"picked":"Backstab+1","floor":36},{"not_picked":["Slice","Sucker Punch"],"picked":"Escape Plan+1","floor":41},{"not_picked":["Backstab","Finisher"],"picked":"Backflip+1","floor":44},{"not_picked":["Sucker Punch","Flying Knee"],"picked":"Crippling Poison+1","floor":46},{"not_picked":["Acrobatics+1","Predator"],"picked":"Backflip+1","floor":47}],"player_experience":32622,"relics_obtained":[{"floor":6,"key":"Matryoshka"},{"floor":9,"key":"Mercury Hourglass"},{"floor":9,"key":"Vajra"},{"floor":26,"key":"Juzu Bracelet"},{"floor":26,"key":"Lantern"},{"floor":28,"key":"Enchiridion"},{"floor":29,"key":"MawBank"},{"floor":43,"key":"Kunai"}],"event_choices":[{"cards_removed":["Strike_G"],"damage_healed":0,"gold_gain":0,"player_choice":"Took Card","damage_taken":0,"max_hp_gain":0,"max_hp_loss":0,"event_name":"NoteForYourself","floor":5,"gold_loss":0,"cards_obtained":["Iron Wave"]},{"damage_healed":0,"gold_gain":0,"player_choice":"Searched \u00273\u0027 times","damage_taken":0,"relics_obtained":["Pen Nib"],"max_hp_gain":0,"max_hp_loss":0,"event_name":"Dead Adventurer","floor":11,"gold_loss":0},{"damage_healed":0,"gold_gain":0,"cards_transformed":["Strike_G"],"player_choice":"Change","damage_taken":0,"max_hp_gain":0,"max_hp_loss":0,"event_name":"Living Wall","floor":12,"gold_loss":0,"cards_obtained":["Escape Plan"]},{"damage_healed":0,"gold_gain":0,"cards_transformed":["Strike_G"],"player_choice":"Transformed","damage_taken":0,"max_hp_gain":0,"max_hp_loss":0,"event_name":"Transmorgrifier","floor":13,"gold_loss":0,"cards_obtained":["Dash"]},{"damage_healed":0,"gold_gain":0,"player_choice":"Traded Relic","damage_taken":0,"relics_obtained":["Nloth\u0027s Gift"],"max_hp_gain":0,"max_hp_loss":0,"event_name":"N\u0027loth","floor":24,"relics_lost":["Pen Nib"],"gold_loss":0},{"damage_healed":0,"gold_gain":0,"player_choice":"Obtained Book","damage_taken":16,"max_hp_gain":0,"max_hp_loss":0,"event_name":"Cursed Tome","floor":28,"gold_loss":0},{"damage_healed":0,"gold_gain":0,"cards_transformed":["Strike_G","Strike_G"],"player_choice":"Became Test Subject","damage_taken":0,"max_hp_gain":0,"max_hp_loss":0,"event_name":"Drug Dealer","floor":31,"gold_loss":0,"cards_obtained":["Acrobatics","Choke"]},{"cards_removed":["Defend_G"],"damage_healed":0,"gold_gain":0,"player_choice":"Removed Skill","damage_taken":0,"max_hp_gain":0,"max_hp_loss":0,"event_name":"Falling","floor":37,"gold_loss":0},{"damage_healed":0,"gold_gain":0,"cards_transformed":["Acrobatics"],"player_choice":"Transformed","damage_taken":0,"max_hp_gain":0,"max_hp_loss":0,"event_name":"Transmorgrifier","floor":38,"gold_loss":0,"cards_obtained":["Flechettes"]},{"damage_healed":0,"gold_gain":0,"player_choice":"Ignored","damage_taken":0,"max_hp_gain":0,"max_hp_loss":0,"event_name":"Tomb of Lord Red Mask","floor":39,"gold_loss":0}],"is_beta":false,"boss_relics":[{"not_picked":["Fusion Hammer","WristBlade"],"picked":"White Beast Statue"},{"not_picked":["Orrery","Sozu"],"picked":"Philosopher\u0027s Stone"}],"items_purged_floors":[48],"is_endless":false,"potions_floor_spawned":[2,3,6,14,18,19,20,21,22,29,30,33,35,36,41,44,46,47],"ascension_level":0}