{"gold_per_floor":[119,135,147,147,159,49,61,81,106,106,141,111,111,124,124,225,225,237,262,162,252,26,26,38,38,65,84,109,122,122,122,122,226,226,239,239,250,261,276,4,4,35,35,66,66,83,101,49,49,49,49,49,49,75,75],"floor_reached":55,"playtime":8037,"items_purged":["Strike_B","Defend_B","Defend_B"],"score":824,"play_id":"90bd7282-c18a-4d6c-9553-7c5b1a9c1270","local_time":"20190624172141","is_ascension_mode":false,"campfire_choices":[{"floor":10.0,"key":"REST"},{"data":"Defragment","floor":13.0,"key":"SMITH"},{"data":"Loop","floor":15.0,"key":"SMITH"},{"data":"Consume","floor":23.0,"key":"SMITH"},{"data":"Rainbow","floor":25,"key":"SMITH"},{"floor":30,"key":"REST"},{"data":"Buffer","floor":32,"key":"SMITH"},{"data":"Buffer","floor":41,"key":"SMITH"},{"floor":45,"key":"RECALL"},{"data":"Zap","floor":49,"key":"SMITH"},{"data":"Glacier","floor":52,"key":"SMITH"}],"neow_cost":"PERCENT_DAMAGE","seed_source_timestamp":0,"circlet_count":0,"master_deck":["Strike_B+1","Defend_B","Zap+1","Dualcast+1","Rainbow+1","Steam","Defragment+1","Lockon+1","Steam+1","Loop+1","Glacier+1","Loop+1","Self Repair","Doom and Gloom","Buffer+1","Ball Lightning+1","Consume+1","Rebound","Conserve Battery+1","Leap+1","Force Field","Cold Snap","Buffer+1","Leap+1","Double Energy+1","Cold Snap+1","Compile Driver+1"],"special_seed":0,"relics":["Cracked Core","Sundial","Pen Nib","Whetstone","Inserter","Oddly Smooth Stone","War Paint","Anchor","Strawberry","Busted Crown","PreservedInsect","Gremlin Horn","Orichalcum","DataDisk"],"potions_floor_usage":[27,28,33,37,39,44,55,55,55],"damage_taken":[{"damage":0.0,"enemies":"Small Slimes","floor":1.0,"turns":3.0},{"damage":1.0,"enemies":"Cultist","floor":2.0,"turns":4.0},{"damage":1.0,"enemies":"2 Louse","floor":3.0,"turns":2.0},{"damage":6.0,"enemies":"Red Slaver","floor":5.0,"turns":5.0},{"damage":6.0,"enemies":"Exordium Thugs","floor":7.0,"turns":4.0},{"damage":0.0,"enemies":"Blue Slaver","floor":8.0,"turns":5.0},{"damage":8.0,"enemies":"Gremlin Nob","floor":11.0,"turns":4.0},{"damage":16.0,"enemies":"Gremlin Gang","floor":14.0,"turns":7.0},{"damage":24.0,"enemies":"Slime Boss","floor":16.0,"turns":11.0},{"damage":5.0,"enemies":"Spheric Guardian","floor":18.0,"turns":3.0},{"damage":6.0,"enemies":"Shell Parasite","floor":24.0,"turns":6.0},{"damage":20,"enemies":"3 Cultists","floor":27,"turns":4},{"damage":17,"enemies":"Book of Stabbing","floor":28,"turns":6},{"damage":17,"enemies":"Sentry and Sphere","floor":29,"turns":6},{"damage":0,"enemies":"Automaton","floor":33,"turns":11},{"damage":16,"enemies":"3 Darklings","floor":35,"turns":6},{"damage":7,"enemies":"3 Shapes","floor":37,"turns":4},{"damage":0,"enemies":"Sphere and 2 Shapes","floor":38,"turns":7},{"damage":0,"enemies":"Transient","floor":39,"turns":5},{"damage":0,"enemies":"Giant Head","floor":42,"turns":7},{"damage":0,"enemies":"Reptomancer","floor":44,"turns":6},{"damage":20,"enemies":"3 Darklings","floor":46,"turns":7},{"damage":0,"enemies":"Writhing Mass","floor":47,"turns":5},{"damage":24,"enemies":"Awakened One","floor":50,"turns":12},{"damage":65,"enemies":"Shield and Spear","floor":54,"turns":10},{"damage":28,"enemies":"The Heart","floor":55,"turns":8}],"seed_played":"3576359306957410533","potions_obtained":[{"floor":1.0,"key":"SkillPotion"},{"floor":3.0,"key":"Energy Potion"},{"floor":7.0,"key":"AttackPotion"},{"floor":8.0,"key":"Regen Potion"},{"floor":12.0,"key":"FearPotion"},{"floor":12.0,"key":"SpeedPotion"},{"floor":24,"key":"Fire Potion"},{"floor":27,"key":"Explosive Potion"},{"floor":29,"key":"LiquidBronze"},{"floor":37,"key":"Energy Potion"},{"floor":38,"key":"Ancient Potion"},{"floor":42,"key":"Ancient Potion"}],"is_trial":false,"path_per_floor":["M","M","M","?","M","$","M","M","T","R","E","?","R","M","R","B",null,"M","T","$","?","$","R","M","R","T","M","E","M","R","?","R","B",null,"M","?","M","M","M","$","R","E","T","E","R","M","M","$","R","B",null,"R","$","E","B"],"character_chosen":"DEFECT","items_purchased":["Loop","Consume","War Paint","PreservedInsect","Dexterity Potion"],"campfire_rested":2,"item_purchase_floors":[6,22,22,40,48],"current_hp_per_floor":[54,53,52,52,46,46,40,40,40,62,66,66,66,57,57,33,75,75,75,75,61,61,61,62,62,62,42,39,29,53,53,53,53,82,73,73,73,80,82,82,82,82,82,82,82,69,76,76,76,59,82,82,82,24,0],"gold":75,"neow_bonus":"TRANSFORM_TWO_CARDS","is_prod":false,"is_daily":false,"chose_seed":false,"campfire_upgraded":8,"win_rate":0,"timestamp":1561411301,"path_taken":["M","M","M","?","M","$","M","?","T","R","E","?","R","M","R","BOSS","M","?","?","?","$","R","M","R","T","M","E","?","R","?","R","BOSS","M","?","M","M","M","$","R","E","T","E","R","M","M","?","R","BOSS","R","$","E","BOSS"],"build_version":"2019-01-23","purchased_purges":3,"victory":false,"max_hp_per_floor":[75,75,75,75,75,75,75,75,75,75,75,75,75,75,75,75,75,75,75,75,75,75,75,75,75,75,75,82,82,82,82,82,82,82,82,82,82,82,82,82,82,82,82,82,82,82,82,82,82,82,82,82,82,82,82],"card_choices":[{"not_picked":["Fusion","Heatsinks"],"picked":"Defragment","floor":1.0},{"not_picked":["Sweeping Beam","Turbo"],"picked":"Lockon","floor":2.0},{"not_picked":["Barrage","Go for the Eyes"],"picked":"Capacitor","floor":3.0},{"not_picked":["Turbo","Stack"],"picked":"Steam","floor":5.0},{"not_picked":["Cold Snap","BootSequence"],"picked":"Glacier","floor":7.0},{"not_picked":["Streamline","Redo"],"picked":"Loop","floor":8.0},{"not_picked":["Chill","Gash"],"picked":"Self Repair","floor":11.0},{"not_picked":["Thunder Strike","Ball Lightning"],"picked":"Doom and Gloom","floor":14.0},{"not_picked":["Biased Cognition","All For One"],"picked":"Buffer","floor":16.0},{"not_picked":["Cold Snap","Barrage"],"picked":"Ball Lightning+1","floor":18.0},{"not_picked":["Reprogram","Gash+1"],"picked":"Rebound","floor":24},{"not_picked":["Consume","Steam"],"picked":"Conserve Battery+1","floor":27},{"not_picked":["Ball Lightning","Hologram"],"picked":"Leap+1","floor":28},{"not_picked":["Turbo","Streamline","Hologram+1"],"picked":"SKIP","floor":29},{"not_picked":["Creative AI","Echo Form"],"picked":"Buffer","floor":33},{"not_picked":[],"picked":"Leap+1","floor":35},{"not_picked":[],"picked":"Double Energy+1","floor":37},{"not_picked":["Streamline"],"picked":"SKIP","floor":38},{"not_picked":["Steam"],"picked":"SKIP","floor":39},{"not_picked":[],"picked":"Cold Snap+1","floor":42},{"not_picked":["Steam Power+1"],"picked":"SKIP","floor":44},{"not_picked":["Stack"],"picked":"SKIP","floor":46},{"not_picked":["Stack"],"picked":"SKIP","floor":46},{"not_picked":[],"picked":"Compile Driver+1","floor":47},{"not_picked":["Gash+1"],"picked":"SKIP","floor":54}],"player_experience":228740,"relics_obtained":[{"floor":9.0,"key":"Pen Nib"},{"floor":11.0,"key":"Whetstone"},{"floor":19.0,"key":"Oddly Smooth Stone"},{"floor":26,"key":"Anchor"},{"floor":28,"key":"Strawberry"},{"floor":42,"key":"Gremlin Horn"},{"floor":44,"key":"Orichalcum"},{"floor":54,"key":"DataDisk"}],"event_choices":[{"damage_healed":0.0,"max_hp_gain":0.0,"max_hp_loss":0.0,"gold_gain":0.0,"event_name":"WeMeetAgain","player_choice":"Gave Potion","floor":4.0,"gold_loss":0.0,"damage_taken":0.0,"relics_obtained":["Sundial"]},{"damage_healed":0.0,"max_hp_gain":0.0,"max_hp_loss":0.0,"gold_gain":0.0,"event_name":"The Woman in Blue","player_choice":"Bought 2 Potions","floor":12.0,"gold_loss":0.0,"damage_taken":0.0},{"damage_healed":0.0,"max_hp_gain":0.0,"max_hp_loss":0.0,"gold_gain":90.0,"event_name":"Knowing Skull","player_choice":"GOLD ","floor":21.0,"potions_obtained":[],"gold_loss":0.0,"damage_taken":14.0,"cards_obtained":[]},{"damage_healed":0,"gold_gain":0,"cards_transformed":["Capacitor","Strike_B"],"player_choice":"Became Test Subject","damage_taken":0,"max_hp_gain":0,"max_hp_loss":0,"event_name":"Drug Dealer","floor":31,"gold_loss":0,"cards_obtained":["Force Field","Cold Snap"]},{"damage_healed":0,"gold_gain":0,"player_choice":"Forge","damage_taken":0,"max_hp_gain":0,"max_hp_loss":0,"event_name":"Accursed Blacksmith","floor":36,"gold_loss":0,"cards_upgraded":["Loop"]}],"is_beta":false,"boss_relics":[{"not_picked":["Fusion Hammer","Coffee Dripper"],"picked":"Inserter"},{"not_picked":["Black Star","Orrery"],"picked":"Busted Crown"}],"items_purged_floors":[6,20,40],"is_endless":false,"potions_floor_spawned":[1,3,7,8,24,27,29,37,38,42],"killed_by":"The Heart","ascension_level":0}