{"gold_per_floor":[114,114,43,43,43,43,73,73,73,87,116,116,134,134,134,238,238,254,254,179,179,199,199,229,241,253,138,138,157,57,73,73,175,175,188,188,188,203,121,138,156,156,156,168,168,181,181,5,5,5],"floor_reached":51,"playtime":6839,"items_purged":["Defend_G","Defend_G"],"score":636,"play_id":"c83f80e7-ea78-4fff-b842-4c22eaec51e8","local_time":"20190707013811","is_ascension_mode":false,"campfire_choices":[{"data":"Strike_G","floor":6,"key":"PURGE"},{"data":"Footwork","floor":8,"key":"SMITH"},{"data":"Strike_G","floor":12,"key":"PURGE"},{"floor":15,"key":"REST"},{"data":"Cloak And Dagger","floor":23,"key":"SMITH"},{"data":"Defend_G","floor":25,"key":"PURGE"},{"floor":32,"key":"REST"},{"data":"Night Terror","floor":42,"key":"SMITH"},{"data":"Prepared","floor":45,"key":"SMITH"},{"data":"Cloak And Dagger","floor":47,"key":"SMITH"},{"floor":49,"key":"REST"}],"neow_cost":"NONE","seed_source_timestamp":1728482906340200,"circlet_count":0,"master_deck":["Defend_G+1","Survivor","Neutralize+1","Cloak And Dagger+1","Infinite Blades","Footwork+1","Prepared","After Image","Prepared+1","Bite","Bite","Bite","Bite","Bite","Caltrops","Well Laid Plans","Cloak And Dagger+1","Heel Hook+1","Night Terror+1","Blur+1","Prepared","Backflip","Noxious Fumes","Backflip","Flechettes+1","Terror+1","Backflip+1","Catalyst+1"],"relics":["Ring of the Snake","Peace Pipe","Letter Opener","Matryoshka","Philosopher\u0027s Stone","MawBank","Orichalcum","Nunchaku","Enchiridion","Lizard Tail","Molten Egg 2","Toxic Egg 2"],"potions_floor_usage":[16,24,24,40,46,50,50],"damage_taken":[{"damage":0,"enemies":"Jaw Worm","floor":1,"turns":5},{"damage":0,"enemies":"2 Louse","floor":10,"turns":4},{"damage":2,"enemies":"Lagavulin","floor":11,"turns":11},{"damage":6,"enemies":"Small Slimes","floor":13,"turns":3},{"damage":46,"enemies":"Slime Boss","floor":16,"turns":22},{"damage":0,"enemies":"Shell Parasite","floor":18,"turns":14},{"damage":9,"enemies":"3 Byrds","floor":22,"turns":3},{"damage":29,"enemies":"Gremlin Leader","floor":24,"turns":8},{"damage":27,"enemies":"3 Cultists","floor":29,"turns":6},{"damage":18,"enemies":"Snake Plant","floor":31,"turns":5},{"damage":34,"enemies":"Automaton","floor":33,"turns":14},{"damage":34,"enemies":"3 Shapes","floor":35,"turns":11},{"damage":3,"enemies":"Orb Walker","floor":38,"turns":8},{"damage":4,"enemies":"Spire Growth","floor":40,"turns":7},{"damage":4,"enemies":"Jaw Worm Horde","floor":41,"turns":7},{"damage":1,"enemies":"Maw","floor":44,"turns":9},{"damage":36,"enemies":"3 Darklings","floor":46,"turns":5},{"damage":72,"enemies":"Donu and Deca","floor":50,"turns":13}],"seed_played":"-1366768964630083613","potions_obtained":[{"floor":1,"key":"EssenceOfSteel"},{"floor":10,"key":"Energy Potion"},{"floor":16,"key":"Strength Potion"},{"floor":18,"key":"Explosive Potion"},{"floor":22,"key":"EssenceOfSteel"},{"floor":29,"key":"Ancient Potion"},{"floor":40,"key":"PowerPotion"}],"is_trial":false,"path_per_floor":["M","?","$","?","?","R","?","R","T","M","E","R","M","?","R","B",null,"M","?","?","?","M","R","E","R","T","$","?","M","$","M","R","B",null,"M","?","?","M","$","M","M","R","T","M","R","M","R","$","R","B",null],"character_chosen":"THE_SILENT","items_purchased":["Footwork","Cloak And Dagger","Backflip","Noxious Fumes","Backflip+1","Catalyst+1","Regen Potion"],"campfire_rested":3,"item_purchase_floors":[3,27,39,39,48,48,48],"current_hp_per_floor":[70,56,56,38,61,61,61,61,61,61,59,59,53,46,67,21,70,70,49,49,49,44,44,44,44,44,44,28,21,21,23,37,49,49,15,15,43,43,43,43,43,43,43,43,43,11,11,11,23,15],"gold":5,"neow_bonus":"THREE_CARDS","is_prod":false,"is_daily":false,"chose_seed":false,"campfire_upgraded":5,"win_rate":0,"timestamp":1562477891,"path_taken":["M","?","$","?","?","R","?","R","T","?","E","R","M","?","R","BOSS","M","?","?","?","M","R","E","R","T","$","?","M","$","M","R","BOSS","M","?","?","M","?","M","M","R","T","M","R","?","R","$","R","BOSS"],"build_version":"2019-07-05","purchased_purges":2,"victory":true,"max_hp_per_floor":[70,70,70,70,70,70,70,70,70,70,70,70,70,70,70,70,70,70,49,49,49,49,49,49,49,49,49,49,49,49,49,49,49,49,49,49,43,43,43,43,43,43,43,43,43,43,43,43,43,43],"card_choices":[{"not_picked":["Bane","Underhanded Strike"],"picked":"Cloak And Dagger","floor":0},{"not_picked":["Dagger Throw","Deflect"],"picked":"Infinite Blades","floor":1},{"not_picked":["Footwork","Eviscerate"],"picked":"Prepared","floor":10},{"not_picked":["Outmaneuver","Quick Slash","Cloak And Dagger"],"picked":"SKIP","floor":11},{"not_picked":["Slice","Outmaneuver","Sucker Punch"],"picked":"SKIP","floor":13},{"not_picked":["Storm of Steel","Phantasmal Killer"],"picked":"After Image","floor":16},{"not_picked":["Dagger Spray","Quick Slash"],"picked":"Prepared","floor":18},{"not_picked":["Skewer","Dodge and Roll+1","Deadly Poison+1"],"picked":"SKIP","floor":22},{"not_picked":["After Image","Escape Plan"],"picked":"Well Laid Plans","floor":24},{"not_picked":["Dodge and Roll","Dagger Spray+1"],"picked":"Heel Hook+1","floor":29},{"not_picked":["Blade Dance","Bane+1","Sucker Punch"],"picked":"SKIP","floor":31},{"not_picked":["Venomology","Glass Knife"],"picked":"Night Terror","floor":33},{"not_picked":["Deflect+1","Dodge and Roll"],"picked":"Blur+1","floor":35},{"not_picked":["PiercingWail+1","Bullet Time"],"picked":"Prepared","floor":38},{"not_picked":["Reflex","Flying Knee"],"picked":"Backflip","floor":40},{"not_picked":["Bane+1","Distraction+1","Heel Hook"],"picked":"SKIP","floor":41},{"not_picked":["Poisoned Stab+1","Infinite Blades+1"],"picked":"Flechettes+1","floor":44},{"not_picked":["All Out Attack+1","Cloak And Dagger+1"],"picked":"Terror+1","floor":46}],"player_experience":88499,"relics_obtained":[{"floor":9,"key":"Letter Opener"},{"floor":11,"key":"Matryoshka"},{"floor":24,"key":"MawBank"},{"floor":26,"key":"Orichalcum"},{"floor":26,"key":"Nunchaku"},{"floor":28,"key":"Enchiridion"},{"floor":43,"key":"Molten Egg 2"},{"floor":43,"key":"Toxic Egg 2"}],"event_choices":[{"damage_healed":0,"gold_gain":0,"player_choice":"Entered Light","damage_taken":14,"max_hp_gain":0,"max_hp_loss":0,"event_name":"Shining Light","floor":2,"gold_loss":0,"cards_upgraded":["Neutralize","Defend_G"]},{"damage_healed":0,"gold_gain":0,"player_choice":"Success","damage_taken":18,"relics_obtained":["Peace Pipe"],"max_hp_gain":0,"max_hp_loss":0,"event_name":"Scrap Ooze","floor":4,"gold_loss":0},{"damage_healed":23,"gold_gain":0,"player_choice":"Banana","damage_taken":0,"max_hp_gain":0,"max_hp_loss":0,"event_name":"Big Fish","floor":5,"gold_loss":0},{"damage_healed":0,"gold_gain":30,"player_choice":"Searched \u00272\u0027 times","damage_taken":0,"max_hp_gain":0,"max_hp_loss":0,"event_name":"Dead Adventurer","floor":7,"gold_loss":0},{"cards_removed":["Strike_G"],"damage_healed":0,"gold_gain":0,"player_choice":"Card Removal","damage_taken":7,"max_hp_gain":0,"max_hp_loss":0,"event_name":"Golden Wing","floor":14,"gold_loss":0},{"damage_healed":0,"gold_gain":0,"player_choice":"Became a vampire","damage_taken":0,"max_hp_gain":0,"max_hp_loss":21,"event_name":"Vampires","floor":19,"gold_loss":0,"cards_obtained":["Bite","Bite","Bite","Bite","Bite"]},{"cards_removed":["Defend_G"],"damage_healed":0,"gold_gain":0,"player_choice":"Gave Gold","damage_taken":0,"max_hp_gain":0,"max_hp_loss":0,"event_name":"Beggar","floor":20,"gold_loss":75},{"damage_healed":0,"gold_gain":0,"player_choice":"Read","damage_taken":0,"max_hp_gain":0,"max_hp_loss":0,"event_name":"The Library","floor":21,"gold_loss":0,"cards_obtained":["Caltrops"]},{"damage_healed":0,"gold_gain":0,"player_choice":"Obtained Book","damage_taken":16,"max_hp_gain":0,"max_hp_loss":0,"event_name":"Cursed Tome","floor":28,"gold_loss":0},{"damage_healed":0,"gold_gain":0,"player_choice":"Ignored","damage_taken":0,"max_hp_gain":0,"max_hp_loss":0,"event_name":"Mysterious Sphere","floor":36,"gold_loss":0},{"damage_healed":43,"gold_gain":0,"player_choice":"Heal","damage_taken":0,"max_hp_gain":0,"max_hp_loss":6,"event_name":"The Moai Head","floor":37,"gold_loss":0}],"is_beta":false,"boss_relics":[{"not_picked":["Cursed Key","Calling Bell"],"picked":"Philosopher\u0027s Stone"},{"not_picked":["Snecko Eye","Eternal Feather"],"picked":"Lizard Tail"}],"items_purged_floors":[27,30],"is_endless":false,"potions_floor_spawned":[1,10,16,18,22,29,40],"ascension_level":0}