{"gold_per_floor":[99,99,274,299,0,16,16,16,42,62,62,82,82,98,98,195,195,207,223,234,210,225,258,258,258,331,345,361,49,65,84,84,84],"floor_reached":33,"playtime":1963,"items_purged":["Doubt"],"score":261,"play_id":"3ba074a8-ad66-4069-af6d-1f4145a08025","local_time":"20190704175702","is_ascension_mode":false,"campfire_choices":[{"floor":11,"key":"REST"},{"floor":13,"key":"REST"},{"floor":15,"key":"REST"},{"floor":24,"key":"REST"},{"floor":32,"key":"REST"}],"neow_cost":"NONE","seed_source_timestamp":848752548132518,"circlet_count":0,"master_deck":["Strike_R","Strike_R","Strike_R","Strike_R","Defend_R","Defend_R","Defend_R","Defend_R","Bash","Dual Wield","Heavy Blade","Whirlwind","Bash","Cleave","Anger","Entrench","Bludgeon","Headbutt","Spot Weakness","Whirlwind+1","Armaments","Seeing Red+1","Injury","Normality","Headbutt+1","Fire Breathing+1","Dropkick+1","Barricade"],"relics":["Fusion Hammer","Vajra","Anchor","Bronze Scales","Cursed Key","Oddly Smooth Stone","Blood Vial","Molten Egg 2","Pantograph"],"potions_floor_usage":[16,28],"damage_taken":[{"damage":1,"enemies":"Jaw Worm","floor":1,"turns":3},{"damage":7,"enemies":"2 Louse","floor":6,"turns":3},{"damage":0,"enemies":"Small Slimes","floor":10,"turns":2},{"damage":0,"enemies":"Red Slaver","floor":12,"turns":2},{"damage":6,"enemies":"Gremlin Gang","floor":14,"turns":3},{"damage":36,"enemies":"Slime Boss","floor":16,"turns":8},{"damage":0,"enemies":"Chosen","floor":18,"turns":2},{"damage":0,"enemies":"Shell Parasite","floor":19,"turns":2},{"damage":16,"enemies":"Cultist and Chosen","floor":20,"turns":4},{"damage":12,"enemies":"3 Cultists","floor":22,"turns":3},{"damage":19,"enemies":"Slavers","floor":23,"turns":3},{"damage":16,"enemies":"Centurion and Healer","floor":27,"turns":3},{"damage":12,"enemies":"Shelled Parasite and Fungi","floor":28,"turns":3},{"damage":5,"enemies":"Snake Plant","floor":30,"turns":2},{"damage":14,"enemies":"Centurion and Healer","floor":31,"turns":3},{"damage":83,"enemies":"Automaton","floor":33,"turns":6}],"seed_played":"-959278612278969946","potions_obtained":[{"floor":6,"key":"Dexterity Potion"},{"floor":10,"key":"SkillPotion"},{"floor":16,"key":"Swift Potion"},{"floor":22,"key":"SteroidPotion"}],"is_trial":false,"path_per_floor":["M","?","?","T","$","M","?","?","T","M","R","M","R","M","R","B",null,"M","M","M","$","M","E","R","T","T","M","M","$","M","M","R","B"],"character_chosen":"IRONCLAD","items_purchased":["Anchor","EssenceOfSteel","Armaments","Pantograph","SpeedPotion"],"campfire_rested":5,"item_purchase_floors":[5,5,21,29,29],"current_hp_per_floor":[79,79,79,79,79,72,72,72,72,72,80,80,80,74,80,44,80,80,80,64,64,52,33,57,57,57,43,33,33,30,18,42,0],"gold":84,"neow_bonus":"BOSS_RELIC","is_prod":false,"is_daily":false,"chose_seed":false,"campfire_upgraded":0,"win_rate":0.0,"timestamp":1562277422,"path_taken":["M","?","?","?","$","M","?","?","T","M","R","M","R","M","R","BOSS","M","M","M","$","M","E","R","?","T","M","M","$","M","M","R","BOSS"],"build_version":"2019-07-01","purchased_purges":1,"victory":false,"max_hp_per_floor":[80,80,80,80,80,80,80,80,80,80,80,80,80,80,80,80,80,80,80,80,80,80,80,80,80,80,80,80,80,80,80,80,80],"card_choices":[{"not_picked":["Clothesline","Seeing Red"],"picked":"Dual Wield","floor":1},{"not_picked":["Iron Wave","Seeing Red"],"picked":"Heavy Blade","floor":6},{"not_picked":["Reckless Charge","Headbutt"],"picked":"Cleave","floor":10},{"not_picked":["Twin Strike","Sword Boomerang"],"picked":"Anger","floor":12},{"not_picked":["Sword Boomerang","Clash"],"picked":"Entrench","floor":14},{"not_picked":["Berserk","Fiend Fire"],"picked":"Bludgeon","floor":16},{"not_picked":["Sword Boomerang","Sever Soul"],"picked":"Headbutt","floor":18},{"not_picked":["Power Through+1","Thunderclap"],"picked":"Spot Weakness","floor":19},{"not_picked":["Clothesline","Pommel Strike"],"picked":"Whirlwind+1","floor":20},{"not_picked":["Clash","True Grit","Perfected Strike"],"picked":"SKIP","floor":22},{"not_picked":["Heavy Blade","Headbutt+1"],"picked":"Seeing Red+1","floor":23},{"not_picked":["Spot Weakness","Rampage+1"],"picked":"Headbutt+1","floor":27},{"not_picked":["Cleave+1","Heavy Blade+1"],"picked":"Fire Breathing+1","floor":28},{"not_picked":["Infernal Blade","Thunderclap+1"],"picked":"Dropkick+1","floor":30},{"not_picked":["Thunderclap+1","Twin Strike+1"],"picked":"Barricade","floor":31}],"player_experience":7862,"relics_obtained":[{"floor":4,"key":"Vajra"},{"floor":9,"key":"Bronze Scales"},{"floor":23,"key":"Oddly Smooth Stone"},{"floor":25,"key":"Blood Vial"},{"floor":26,"key":"Molten Egg 2"}],"event_choices":[{"damage_healed":0,"gold_gain":0,"player_choice":"Leave","damage_taken":0,"max_hp_gain":0,"max_hp_loss":0,"event_name":"The Cleric","floor":2,"gold_loss":0},{"damage_healed":0,"gold_gain":175,"player_choice":"AGREE","damage_taken":0,"max_hp_gain":0,"max_hp_loss":0,"event_name":"Liars Game","floor":3,"gold_loss":0,"cards_obtained":["Doubt"]},{"damage_healed":0,"gold_gain":0,"cards_transformed":["Strike_R"],"player_choice":"Change","damage_taken":0,"max_hp_gain":0,"max_hp_loss":0,"event_name":"Living Wall","floor":7,"gold_loss":0,"cards_obtained":["Whirlwind"]},{"damage_healed":0,"gold_gain":0,"player_choice":"1 cards matched","damage_taken":0,"max_hp_gain":0,"max_hp_loss":0,"event_name":"Match and Keep!","floor":8,"gold_loss":0,"cards_obtained":["Bash"]}],"is_beta":false,"boss_relics":[{"not_picked":["Sozu","Black Star"],"picked":"Cursed Key"}],"items_purged_floors":[5],"is_endless":false,"potions_floor_spawned":[6,10,16,18,22,30],"killed_by":"Automaton","ascension_level":0}