{"gold_per_floor":[116,136,148,73,85,415,415,90,169,198,209,243,243,253,253,352,352,362,237,237,255,12,41,41,67,117,127,127,143,155,155,155,257,257,274,124,143,157,157,192,192,204,204,214,228,257,82,96,96,96],"floor_reached":51,"playtime":2114,"items_purged":["Defend_R","Strike_R","Clash","Twin Strike+1","Defend_R"],"score":1044,"play_id":"58edbc4a-2cfc-440b-ac83-8f87933c0c5d","local_time":"20190630173101","is_ascension_mode":true,"campfire_choices":[{"data":"Blood for Blood","floor":7.0,"key":"SMITH"},{"data":"Bloodletting","floor":15.0,"key":"SMITH"},{"data":"Offering","floor":24.0,"key":"SMITH"},{"data":"Body Slam","floor":32,"key":"SMITH"},{"data":"Feel No Pain","floor":41,"key":"SMITH"},{"data":"Dual Wield","floor":49,"key":"SMITH"}],"neow_cost":"","seed_source_timestamp":0,"circlet_count":0,"master_deck":["Bash","Defend_R+1","Defend_R","Blood for Blood+1","Offering+1","Dual Wield+1","Body Slam+1","Bloodletting+1","Disarm+1","Impervious","Immolate","Shockwave","Headbutt","Disarm","Impervious","Clothesline+1","Feed+1","Power Through","Second Wind","Body Slam+1","Battle Trance","Exhume","Feel No Pain+1","Blood for Blood+1"],"special_seed":0,"relics":["Burning Blood","Runic Cube","Old Coin","Bag of Marbles","Mummified Hand","War Paint","Strawberry","Astrolabe","Meat on the Bone","Molten Egg 2","Boot","Oddly Smooth Stone","Coffee Dripper","Shuriken","Bottled Lightning","Ancient Tea Set"],"potions_floor_usage":[33,50,50],"damage_taken":[{"damage":16.0,"enemies":"Jaw Worm","floor":1.0,"turns":3.0},{"damage":9.0,"enemies":"Cultist","floor":2.0,"turns":3.0},{"damage":0.0,"enemies":"2 Louse","floor":3.0,"turns":3.0},{"damage":9.0,"enemies":"Large Slime","floor":5.0,"turns":5.0},{"damage":6.0,"enemies":"Gremlin Nob","floor":6.0,"turns":2.0},{"damage":22.0,"enemies":"3 Sentries","floor":10.0,"turns":5.0},{"damage":0.0,"enemies":"Lots of Slimes","floor":11.0,"turns":1.0},{"damage":25.0,"enemies":"Lagavulin","floor":12.0,"turns":3.0},{"damage":8.0,"enemies":"Looter","floor":14.0,"turns":2.0},{"damage":19.0,"enemies":"Hexaghost","floor":16.0,"turns":9.0},{"damage":21.0,"enemies":"2 Thieves","floor":18.0,"turns":3.0},{"damage":19.0,"enemies":"Chosen","floor":21.0,"turns":3.0},{"damage":14.0,"enemies":"Gremlin Leader","floor":23.0,"turns":3.0},{"damage":20.0,"enemies":"Book of Stabbing","floor":25.0,"turns":4.0},{"damage":6.0,"enemies":"Snecko","floor":27.0,"turns":2.0},{"damage":3.0,"enemies":"3 Cultists","floor":29.0,"turns":2.0},{"damage":19.0,"enemies":"Sentry and Sphere","floor":30.0,"turns":7.0},{"damage":45,"enemies":"Automaton","floor":33,"turns":9},{"damage":6,"enemies":"Orb Walker","floor":35,"turns":3},{"damage":32,"enemies":"3 Darklings","floor":37,"turns":3},{"damage":14,"enemies":"Jaw Worm Horde","floor":38,"turns":4},{"damage":20,"enemies":"Giant Head","floor":40,"turns":5},{"damage":12,"enemies":"Maw","floor":42,"turns":6},{"damage":9,"enemies":"Writhing Mass","floor":44,"turns":4},{"damage":6,"enemies":"Sphere and 2 Shapes","floor":45,"turns":1},{"damage":9,"enemies":"Reptomancer","floor":46,"turns":4},{"damage":19,"enemies":"3 Darklings","floor":48,"turns":4},{"damage":33,"enemies":"Awakened One","floor":50,"turns":10}],"seed_played":"-6697829613073369649","potions_obtained":[{"floor":3.0,"key":"BloodPotion"},{"floor":6.0,"key":"PowerPotion"},{"floor":10.0,"key":"SkillPotion"},{"floor":13.0,"key":"Fruit Juice"},{"floor":13.0,"key":"Explosive Potion"},{"floor":14.0,"key":"Dexterity Potion"},{"floor":16.0,"key":"Ancient Potion"},{"floor":23.0,"key":"Explosive Potion"},{"floor":27.0,"key":"Strength Potion"},{"floor":35,"key":"Dexterity Potion"}],"is_trial":true,"path_per_floor":["M","M","M","$","M","E","R","$","T","E","M","E","?","M","R","B",null,"M","$","?","M","$","E","R","E","T","M","?","M","M","?","R","B",null,"M","$","M","M","?","E","R","M","T","M","M","E","$","M","R","B",null],"character_chosen":"IRONCLAD","items_purchased":["Impervious","Bag of Marbles","Meat on the Bone"],"campfire_rested":0,"item_purchase_floors":[8,8,22],"current_hp_per_floor":[70,67,73,73,70,70,70,70,70,54,60,48,53,51,51,38,92,81,81,81,68,68,60,60,58,58,58,58,61,64,64,64,37,100,100,100,78,70,70,68,68,62,62,59,59,72,72,71,71,56],"gold":96,"neow_bonus":"","is_prod":false,"is_daily":false,"chose_seed":false,"campfire_upgraded":6,"win_rate":0,"timestamp":1561883461,"path_taken":["M","M","M","$","M","E","R","$","T","E","M","E","?","M","R","BOSS","M","$","?","M","$","E","R","E","T","?","?","M","M","?","R","BOSS","M","$","M","?","?","E","R","M","T","M","M","E","$","M","R","BOSS"],"build_version":"2019-01-23","purchased_purges":5,"victory":true,"max_hp_per_floor":[80,80,80,80,80,80,80,80,80,80,80,87,92,92,92,92,92,96,96,96,96,96,96,96,96,96,96,96,96,100,100,100,100,100,100,100,104,104,104,104,104,104,104,104,104,108,108,108,108,108],"card_choices":[{"not_picked":["Twin Strike","Wild Strike"],"picked":"Clash","floor":1.0},{"not_picked":["Sword Boomerang","Burning Pact"],"picked":"Body Slam","floor":2.0},{"not_picked":["Rupture","Anger"],"picked":"Bloodletting","floor":3.0},{"not_picked":["Intimidate","Fire Breathing","Juggernaut"],"picked":"SKIP","floor":5.0},{"not_picked":["Pommel Strike","Spot Weakness"],"picked":"Disarm","floor":6.0},{"not_picked":["Pummel","Shrug It Off"],"picked":"Immolate","floor":10.0},{"not_picked":["Havoc","Cleave"],"picked":"Shockwave","floor":11.0},{"not_picked":["Iron Wave","Pommel Strike"],"picked":"Headbutt","floor":12.0},{"not_picked":["Heavy Blade","Dual Wield"],"picked":"Disarm","floor":14.0},{"not_picked":["Juggernaut","Limit Break"],"picked":"Impervious","floor":16.0},{"not_picked":["Reckless Charge","Feel No Pain"],"picked":"Power Through","floor":18.0},{"not_picked":["Wild Strike+1","Flex","Sword Boomerang"],"picked":"SKIP","floor":21.0},{"not_picked":["Headbutt","Uppercut+1"],"picked":"Second Wind","floor":23.0},{"not_picked":["Searing Blow+1","Rampage+1","Iron Wave+1"],"picked":"SKIP","floor":25.0},{"not_picked":["Reckless Charge+1","Heavy Blade+1"],"picked":"Body Slam+1","floor":27.0},{"not_picked":["Fire Breathing+1","Flex+1","Disarm"],"picked":"SKIP","floor":29.0},{"not_picked":["Inflame","Twin Strike+1","Clash+1"],"picked":"SKIP","floor":30.0},{"not_picked":["Barricade","Berserk"],"picked":"Exhume","floor":33},{"not_picked":["Havoc","Thunderclap+1","Seeing Red+1"],"picked":"SKIP","floor":35},{"not_picked":["Cleave+1","Carnage+1"],"picked":"Feel No Pain","floor":37},{"not_picked":["Heavy Blade+1","Pommel Strike+1","Juggernaut"],"picked":"SKIP","floor":38},{"not_picked":["Flex+1","Armaments","Blood for Blood+1"],"picked":"SKIP","floor":40},{"not_picked":["Feel No Pain+1","Wild Strike+1","Clothesline+1"],"picked":"SKIP","floor":42},{"not_picked":["Hemokinesis+1","Juggernaut","Sword Boomerang+1"],"picked":"SKIP","floor":44},{"not_picked":["Armaments","Iron Wave+1","Perfected Strike+1"],"picked":"SKIP","floor":45},{"not_picked":["Infernal Blade+1","Reaper+1","Flame Barrier"],"picked":"SKIP","floor":46},{"not_picked":["Sentinel","Thunderclap+1"],"picked":"Blood for Blood+1","floor":48}],"player_experience":163578,"relics_obtained":[{"floor":6.0,"key":"Old Coin"},{"floor":9.0,"key":"Mummified Hand"},{"floor":10.0,"key":"War Paint"},{"floor":12.0,"key":"Strawberry"},{"floor":23.0,"key":"Molten Egg 2"},{"floor":25.0,"key":"Boot"},{"floor":26.0,"key":"Oddly Smooth Stone"},{"floor":40,"key":"Shuriken"},{"floor":43,"key":"Bottled Lightning"},{"floor":46,"key":"Ancient Tea Set"}],"event_choices":[{"damage_healed":0.0,"max_hp_gain":0.0,"max_hp_loss":0.0,"gold_gain":0.0,"event_name":"Lab","player_choice":"Got Potions","floor":13.0,"gold_loss":0.0,"damage_taken":0.0},{"damage_healed":0.0,"max_hp_gain":0.0,"max_hp_loss":0.0,"gold_gain":0.0,"event_name":"Match and Keep!","player_choice":"0 cards matched","floor":20.0,"gold_loss":0.0,"damage_taken":0.0,"cards_obtained":[]},{"damage_healed":0.0,"max_hp_gain":0.0,"max_hp_loss":0.0,"gold_gain":0.0,"event_name":"The Library","player_choice":"Read","floor":28.0,"gold_loss":0.0,"damage_taken":0.0,"cards_obtained":["Battle Trance"]},{"damage_healed":0,"gold_gain":0,"player_choice":"Bought 0 Potions","damage_taken":0,"max_hp_gain":0,"max_hp_loss":0,"event_name":"The Woman in Blue","floor":31,"gold_loss":0},{"cards_removed":["Hemokinesis"],"damage_healed":0,"gold_gain":0,"player_choice":"Removed Attack","damage_taken":0,"max_hp_gain":0,"max_hp_loss":0,"event_name":"Falling","floor":39,"gold_loss":0}],"is_beta":false,"boss_relics":[{"not_picked":["Fusion Hammer","Lizard Tail"],"picked":"Astrolabe"},{"not_picked":["Sozu","Black Star"],"picked":"Coffee Dripper"}],"items_purged_floors":[4,8,19,36,47],"is_endless":false,"potions_floor_spawned":[3,6,10,11,14,16,21,23,27,35,40,44,46,48],"ascension_level":3}