{"gold_per_floor":[113,34,34,44,7,35,53,64,89,89,99,99,119,131,131,234,234,245,245,315,365,330,357,357,391,416,391,30,80,110,122,122,221,221,233,330,380,530,597,597,612,672,695,695,212,212,245,261,261,261],"floor_reached":51,"playtime":2374,"items_purged":[],"score":810,"play_id":"cc66add3-e69d-4cfe-bda4-c9b142019383","local_time":"20190711190515","is_ascension_mode":false,"campfire_choices":[{"floor":12,"key":"REST"},{"data":"Storm","floor":15,"key":"SMITH"},{"floor":24,"key":"REST"},{"floor":32,"key":"REST"},{"floor":40,"key":"DIG"},{"floor":44,"key":"REST"},{"floor":46,"key":"DIG"},{"floor":49,"key":"REST"}],"neow_cost":"NONE","seed_source_timestamp":67994479665800,"circlet_count":0,"master_deck":["Strike_B+1","Strike_B+1","Defend_B","Defend_B","Defend_B","Zap","Dualcast","Defragment","Loop","Compile Driver","Storm+1","Turbo","Conserve Battery","Doom and Gloom","Fusion","Ball Lightning","Loop","Thunder Strike","Chaos+1","Tempest","FTL+1","Sunder","Core Surge","Glacier","Creative AI","Darkness+1","Defragment","Madness","Madness","Recycle+1","Stack+1","Ball Lightning+1","Glacier","Biased Cognition","Multi-Cast+1","Static Discharge+1"],"relics":["Cracked Core","NeowsBlessing","Whetstone","Regal Pillow","Anchor","Lizard Tail","SsserpentHead","Kunai","Happy Flower","Meat on the Bone","Strawberry","Thread and Needle","Ornamental Fan","Mummified Hand","Nuclear Battery","Du-Vu Doll","Shovel","Gremlin Horn","Centennial Puzzle","Calipers","Toxic Egg 2","Torii"],"potions_floor_usage":[16,16,16,23,23,30,35,42,47,48,50],"damage_taken":[{"damage":0,"enemies":"Small Slimes","floor":1,"turns":1},{"damage":0,"enemies":"Cultist","floor":4,"turns":1},{"damage":0,"enemies":"3 Sentries","floor":6,"turns":1},{"damage":7,"enemies":"2 Louse","floor":7,"turns":2},{"damage":14,"enemies":"2 Fungi Beasts","floor":8,"turns":3},{"damage":4,"enemies":"Blue Slaver","floor":11,"turns":3},{"damage":4,"enemies":"Red Slaver","floor":13,"turns":3},{"damage":9,"enemies":"3 Louse","floor":14,"turns":2},{"damage":20,"enemies":"Hexaghost","floor":16,"turns":7},{"damage":0,"enemies":"Chosen","floor":18,"turns":4},{"damage":5,"enemies":"Spheric Guardian","floor":20,"turns":3},{"damage":27,"enemies":"Book of Stabbing","floor":23,"turns":5},{"damage":67,"enemies":"Slavers","floor":25,"turns":6},{"damage":34,"enemies":"Gremlin Leader","floor":30,"turns":5},{"damage":6,"enemies":"Snecko","floor":31,"turns":4},{"damage":28,"enemies":"Champ","floor":33,"turns":9},{"damage":37,"enemies":"3 Darklings","floor":35,"turns":5},{"damage":4,"enemies":"2 Orb Walkers","floor":36,"turns":2},{"damage":0,"enemies":"Mind Bloom Boss Battle","floor":38,"turns":4},{"damage":0,"enemies":"Orb Walker","floor":39,"turns":2},{"damage":12,"enemies":"Maw","floor":41,"turns":5},{"damage":38,"enemies":"3 Darklings","floor":42,"turns":5},{"damage":13,"enemies":"Giant Head","floor":47,"turns":8},{"damage":14,"enemies":"Spire Growth","floor":48,"turns":4},{"damage":63,"enemies":"Awakened One","floor":50,"turns":8}],"seed_played":"-2230378494156356998","potions_obtained":[{"floor":1,"key":"Strength Potion"},{"floor":7,"key":"FocusPotion"},{"floor":11,"key":"Block Potion"},{"floor":16,"key":"AttackPotion"},{"floor":18,"key":"Energy Potion"},{"floor":31,"key":"Swift Potion"},{"floor":36,"key":"EssenceOfSteel"},{"floor":41,"key":"Ancient Potion"},{"floor":42,"key":"Explosive Potion"}],"is_trial":false,"path_per_floor":["M","$","?","M","$","E","M","M","T","?","M","R","M","M","R","B",null,"M","?","M","?","?","E","R","E","T","?","$","T","E","M","R","B",null,"M","?","?","?","M","R","M","M","T","R","$","R","E","M","R","B",null],"character_chosen":"DEFECT","items_purchased":["Loop","Storm","Thread and Needle","LiquidBronze","Calipers","Ancient Potion","Biased Cognition"],"campfire_rested":5,"item_purchase_floors":[2,5,28,28,45,45,45],"current_hp_per_floor":[75,75,68,68,68,68,61,47,47,40,36,73,69,60,60,40,75,75,75,70,70,70,43,75,8,15,15,15,15,35,41,80,52,82,45,53,43,43,43,43,43,17,17,56,56,56,43,41,80,29],"gold":261,"neow_bonus":"THREE_ENEMY_KILL","is_prod":false,"is_daily":false,"chose_seed":false,"campfire_upgraded":1,"win_rate":0.0,"timestamp":1562886315,"path_taken":["M","$","?","M","$","E","M","M","T","?","M","R","M","M","R","BOSS","M","?","?","?","?","E","R","E","T","?","$","?","E","M","R","BOSS","M","?","?","?","?","R","M","?","T","R","?","R","E","M","R","BOSS"],"build_version":"2019-07-05","purchased_purges":0,"victory":true,"max_hp_per_floor":[75,75,75,75,75,75,75,75,75,75,75,75,75,75,75,75,75,75,75,75,75,75,75,75,75,82,82,82,82,82,82,82,82,82,82,82,82,82,82,82,82,82,82,82,82,82,82,82,82,82],"card_choices":[{"not_picked":["Auto Shields","Cold Snap"],"picked":"Defragment","floor":1},{"not_picked":["Redo","Rebound"],"picked":"Compile Driver","floor":4},{"not_picked":["Coolheaded","Compile Driver"],"picked":"Turbo","floor":6},{"not_picked":["Rebound","Beam Cell"],"picked":"Conserve Battery","floor":7},{"not_picked":["Redo","Sweeping Beam"],"picked":"Doom and Gloom","floor":8},{"not_picked":["Reprogram","Go for the Eyes"],"picked":"Fusion","floor":11},{"not_picked":["Go for the Eyes","Rip and Tear"],"picked":"Ball Lightning","floor":13},{"not_picked":["Redo","Recycle"],"picked":"Loop","floor":14},{"not_picked":["Seek","All For One"],"picked":"Thunder Strike","floor":16},{"not_picked":["Turbo","Stack"],"picked":"Chaos+1","floor":18},{"not_picked":["Defragment","Redo+1"],"picked":"Tempest","floor":20},{"not_picked":["Lockon","Chaos"],"picked":"FTL+1","floor":23},{"not_picked":["Conserve Battery","Genetic Algorithm"],"picked":"Sunder","floor":25},{"not_picked":["Redo","Streamline"],"picked":"Core Surge","floor":30},{"not_picked":["Darkness","White Noise+1"],"picked":"Glacier","floor":31},{"not_picked":["Buffer","Amplify"],"picked":"Creative AI","floor":33},{"not_picked":["Redo","Compile Driver+1"],"picked":"Darkness+1","floor":35},{"not_picked":["Ball Lightning","Coolheaded"],"picked":"Defragment","floor":36},{"not_picked":["Barrage","Auto Shields"],"picked":"Recycle+1","floor":38},{"not_picked":["Steam Power+1","Turbo"],"picked":"Stack+1","floor":39},{"not_picked":["Leap","Cold Snap"],"picked":"Ball Lightning+1","floor":41},{"not_picked":["Leap+1","White Noise+1"],"picked":"Glacier","floor":42},{"not_picked":["Fusion+1","Static Discharge"],"picked":"Multi-Cast+1","floor":47},{"not_picked":["Scrape+1","Gash+1"],"picked":"Static Discharge+1","floor":48}],"player_experience":153489,"relics_obtained":[{"floor":6,"key":"Whetstone"},{"floor":9,"key":"Regal Pillow"},{"floor":23,"key":"Happy Flower"},{"floor":25,"key":"Meat on the Bone"},{"floor":26,"key":"Strawberry"},{"floor":29,"key":"Ornamental Fan"},{"floor":30,"key":"Mummified Hand"},{"floor":36,"key":"Du-Vu Doll"},{"floor":38,"key":"Shovel"},{"floor":40,"key":"Gremlin Horn"},{"floor":43,"key":"Centennial Puzzle"},{"floor":46,"key":"Toxic Egg 2"},{"floor":47,"key":"Torii"}],"event_choices":[{"cards_removed":["Strike_B"],"damage_healed":0,"gold_gain":0,"player_choice":"Card Removal","damage_taken":7,"max_hp_gain":0,"max_hp_loss":0,"event_name":"Golden Wing","floor":3,"gold_loss":0},{"damage_healed":0,"gold_gain":0,"player_choice":"Success","damage_taken":7,"relics_obtained":["Anchor"],"max_hp_gain":0,"max_hp_loss":0,"event_name":"Scrap Ooze","floor":10,"gold_loss":0},{"damage_healed":0,"gold_gain":0,"player_choice":"Trade","damage_taken":0,"relics_obtained":["SsserpentHead"],"max_hp_gain":0,"max_hp_loss":0,"event_name":"FaceTrader","floor":19,"gold_loss":0},{"cards_removed":["Strike_B"],"damage_healed":0,"gold_gain":0,"player_choice":"Elegance","damage_taken":0,"max_hp_gain":0,"max_hp_loss":0,"event_name":"Back to Basics","floor":21,"gold_loss":0},{"damage_healed":0,"gold_gain":0,"player_choice":"Obtained Relic","damage_taken":0,"relics_obtained":["Kunai"],"max_hp_gain":0,"max_hp_loss":0,"event_name":"Addict","floor":22,"gold_loss":85},{"cards_removed":["Defend_B"],"damage_healed":0,"gold_gain":0,"player_choice":"Gave Gold","damage_taken":0,"max_hp_gain":0,"max_hp_loss":0,"event_name":"Beggar","floor":27,"gold_loss":75},{"damage_healed":0,"gold_gain":0,"player_choice":"Fight","damage_taken":0,"max_hp_gain":0,"max_hp_loss":0,"event_name":"Mysterious Sphere","floor":36,"gold_loss":0},{"damage_healed":0,"gold_gain":0,"player_choice":"Embrace Madness","damage_taken":10,"max_hp_gain":0,"max_hp_loss":0,"event_name":"Winding Halls","floor":37,"gold_loss":0,"cards_obtained":["Madness","Madness"]},{"damage_healed":0,"gold_gain":0,"player_choice":"Fight","damage_taken":0,"max_hp_gain":0,"max_hp_loss":0,"event_name":"MindBloom","floor":38,"gold_loss":0}],"is_beta":false,"boss_relics":[{"not_picked":["Coffee Dripper","Calling Bell"],"picked":"Lizard Tail"},{"not_picked":["Velvet Choker","Sozu"],"picked":"Nuclear Battery"}],"items_purged_floors":[],"is_endless":false,"potions_floor_spawned":[1,7,11,16,18,31,36,41,42],"ascension_level":0}