{"gold_per_floor":[17,35,47,61,61,95,107,107,407,426,439,124,159,172,172,270,320,333,347,66,76,90,124,141,0,27,27,46,46,72,272,272,369,369,379,158,172,183,183,183,218,232,283,283,283,283,283],"floor_reached":47,"playtime":3287,"items_purged":[],"score":566,"play_id":"3a5b24ea-62c9-4f9b-91e8-a0377d707ef0","local_time":"20190704185222","is_ascension_mode":false,"campfire_choices":[{"floor":8,"key":"REST"},{"floor":15,"key":"REST"},{"floor":27,"key":"REST"},{"floor":29,"key":"REST"},{"floor":32,"key":"REST"},{"floor":40,"key":"REST"},{"data":"Shockwave","floor":46,"key":"SMITH"}],"neow_cost":"NO_GOLD","seed_source_timestamp":850748965777596,"circlet_count":0,"master_deck":["Strike_R","Strike_R","Strike_R+1","Strike_R","Strike_R+1","Defend_R","Defend_R","Defend_R","Defend_R","Bash","Anger","Twin Strike","Rage","Pommel Strike+1","Anger+1","Pommel Strike+1","Spot Weakness","Limit Break","Trip","Disarm+1","Blood for Blood+1","Impervious","Blood for Blood+1","Pommel Strike+1","Body Slam+1","Perfected Strike+1","Anger+1","Flame Barrier","Anger+1","Sword Boomerang+1","Iron Wave+1","Bludgeon+1","Armaments+1","Carnage+1","Warcry","Anger+1","Madness","Madness","Shockwave+1","Whirlwind+1","Doubt"],"relics":["Burning Blood","Ginger","Molten Egg 2","Old Coin","Lantern","Question Card","Tiny House","Mummified Hand","Bird Faced Urn","Strawberry","Bag of Preparation","Velvet Choker","Blood Vial","Bronze Scales","Dream Catcher"],"potions_floor_usage":[24,24,24],"damage_taken":[{"damage":6,"enemies":"2 Louse","floor":1,"turns":3},{"damage":1,"enemies":"Small Slimes","floor":2,"turns":4},{"damage":3,"enemies":"Jaw Worm","floor":3,"turns":3},{"damage":11,"enemies":"3 Louse","floor":4,"turns":3},{"damage":32,"enemies":"3 Sentries","floor":6,"turns":7},{"damage":29,"enemies":"Gremlin Gang","floor":7,"turns":4},{"damage":10,"enemies":"Looter","floor":10,"turns":3},{"damage":4,"enemies":"2 Fungi Beasts","floor":11,"turns":3},{"damage":10,"enemies":"Gremlin Nob","floor":13,"turns":3},{"damage":0,"enemies":"3 Louse","floor":14,"turns":2},{"damage":39,"enemies":"The Guardian","floor":16,"turns":8},{"damage":20,"enemies":"Shell Parasite","floor":18,"turns":6},{"damage":19,"enemies":"2 Thieves","floor":19,"turns":3},{"damage":15,"enemies":"3 Cultists","floor":21,"turns":4},{"damage":26,"enemies":"Snake Plant","floor":22,"turns":3},{"damage":26,"enemies":"Slavers","floor":23,"turns":4},{"damage":14,"enemies":"Shelled Parasite and Fungi","floor":24,"turns":4},{"damage":15,"enemies":"Snecko","floor":28,"turns":3},{"damage":76,"enemies":"Collector","floor":33,"turns":9},{"damage":0,"enemies":"Orb Walker","floor":35,"turns":2},{"damage":15,"enemies":"3 Shapes","floor":37,"turns":3},{"damage":42,"enemies":"Spire Growth","floor":38,"turns":4},{"damage":32,"enemies":"Nemesis","floor":41,"turns":7},{"damage":37,"enemies":"Transient","floor":42,"turns":5},{"damage":97,"enemies":"2 Orb Walkers","floor":47,"turns":4}],"seed_played":"-7327434584968220276","potions_obtained":[{"floor":2,"key":"SpeedPotion"},{"floor":7,"key":"Ancient Potion"},{"floor":11,"key":"Regen Potion"},{"floor":14,"key":"SteroidPotion"},{"floor":17,"key":"Poison Potion"},{"floor":24,"key":"Ancient Potion"},{"floor":33,"key":"FearPotion"},{"floor":35,"key":"Poison Potion"}],"is_trial":false,"path_per_floor":["M","M","M","M","?","E","M","R","T","M","M","$","E","M","R","B",null,"M","M","$","M","M","E","M","?","T","R","M","R","T","?","R","B",null,"M","$","M","M","?","R","E","M","T","?","?","R","?"],"character_chosen":"IRONCLAD","items_purchased":["Lantern","Limit Break","Trip","Mummified Hand","Perfected Strike+1","Blood Vial","Carnage+1"],"campfire_rested":6,"item_purchase_floors":[12,12,12,20,20,36,36],"current_hp_per_floor":[80,80,80,75,59,33,10,34,34,30,32,32,28,34,58,25,85,71,58,58,49,29,9,10,10,17,44,35,62,62,62,89,19,92,92,92,83,49,37,64,40,11,11,11,92,92,0],"gold":283,"neow_bonus":"ONE_RARE_RELIC","is_prod":false,"is_daily":false,"chose_seed":false,"campfire_upgraded":1,"win_rate":0.0,"timestamp":1562280742,"path_taken":["M","M","M","M","?","E","M","R","T","M","M","$","E","M","R","BOSS","M","M","$","M","M","E","M","?","T","R","M","R","?","?","R","BOSS","M","$","?","M","?","R","E","M","T","?","?","R","?"],"build_version":"2019-07-01","purchased_purges":0,"victory":false,"max_hp_per_floor":[80,80,80,80,80,80,80,80,80,80,80,80,80,80,80,80,85,85,85,85,85,85,85,85,85,92,92,92,92,92,92,92,92,92,92,92,92,92,92,92,92,92,92,92,92,92,92],"card_choices":[{"not_picked":["Armaments","Pommel Strike"],"picked":"Cleave","floor":1},{"not_picked":["Thunderclap","Iron Wave"],"picked":"Anger","floor":2},{"not_picked":["Spot Weakness","Dropkick"],"picked":"Twin Strike","floor":3},{"not_picked":["Thunderclap","Rupture"],"picked":"Rage","floor":4},{"not_picked":["Double Tap","Hemokinesis"],"picked":"Pommel Strike","floor":6},{"not_picked":["Disarm","Sword Boomerang+1"],"picked":"Anger+1","floor":7},{"not_picked":["Heavy Blade+1","Clash+1"],"picked":"Pommel Strike+1","floor":10},{"not_picked":["Shrug It Off","Seeing Red"],"picked":"Spot Weakness","floor":11},{"not_picked":["Dark Embrace","Combust"],"picked":"Disarm","floor":13},{"not_picked":["Whirlwind+1","Searing Blow+1","Iron Wave+1"],"picked":"Blood for Blood+1","floor":14},{"not_picked":["Barricade","Limit Break","Feed+1"],"picked":"Impervious","floor":16},{"not_picked":["Hemokinesis+1","Heavy Blade+1","Thunderclap+1"],"picked":"Blood for Blood+1","floor":17},{"not_picked":["Intimidate","Cleave+1","Shrug It Off"],"picked":"Pommel Strike+1","floor":18},{"not_picked":["Whirlwind+1","Shrug It Off","Sword Boomerang+1"],"picked":"Body Slam+1","floor":19},{"not_picked":["Heavy Blade+1","Twin Strike+1","Shockwave"],"picked":"Anger+1","floor":21},{"not_picked":["Infernal Blade","Feel No Pain","Clash+1"],"picked":"Flame Barrier","floor":22},{"not_picked":["Pommel Strike+1","Heavy Blade+1","Perfected Strike+1"],"picked":"Anger+1","floor":23},{"not_picked":["Heavy Blade+1","Dark Embrace","True Grit"],"picked":"Sword Boomerang+1","floor":24},{"not_picked":["True Grit+1","Flex","Headbutt+1"],"picked":"Iron Wave+1","floor":28},{"not_picked":["Limit Break","Demon Form","Brutality"],"picked":"Bludgeon+1","floor":33},{"not_picked":["Uppercut+1","Thunderclap+1","Clothesline+1"],"picked":"Armaments+1","floor":35},{"not_picked":["Brutality","True Grit+1","Perfected Strike+1"],"picked":"Warcry","floor":37},{"not_picked":["Thunderclap+1","Rampage+1","Feel No Pain+1"],"picked":"Anger+1","floor":38},{"not_picked":["Armaments+1","Blood for Blood+1","Demon Form"],"picked":"Shockwave","floor":41},{"not_picked":["Fire Breathing","Headbutt+1","Twin Strike+1"],"picked":"Whirlwind+1","floor":42}],"player_experience":9825,"relics_obtained":[{"floor":6,"key":"Molten Egg 2"},{"floor":9,"key":"Old Coin"},{"floor":13,"key":"Question Card"},{"floor":23,"key":"Bird Faced Urn"},{"floor":26,"key":"Strawberry"},{"floor":30,"key":"Bag of Preparation"},{"floor":41,"key":"Bronze Scales"},{"floor":43,"key":"Dream Catcher"}],"event_choices":[{"damage_healed":0,"gold_gain":0,"player_choice":"Entered Light","damage_taken":16,"max_hp_gain":0,"max_hp_loss":0,"event_name":"Shining Light","floor":5,"gold_loss":0,"cards_upgraded":["Strike_R","Strike_R"]},{"damage_healed":0,"gold_gain":0,"player_choice":"Paid Fearfully","damage_taken":0,"max_hp_gain":0,"max_hp_loss":0,"event_name":"Masked Bandits","floor":25,"gold_loss":141},{"damage_healed":0,"gold_gain":250,"player_choice":"Bet on Owner","damage_taken":0,"max_hp_gain":0,"max_hp_loss":0,"event_name":"The Joust","floor":31,"gold_loss":50},{"damage_healed":0,"gold_gain":0,"player_choice":"Embrace Madness","damage_taken":12,"max_hp_gain":0,"max_hp_loss":0,"event_name":"Winding Halls","floor":39,"gold_loss":0,"cards_obtained":["Madness","Madness"]},{"cards_removed":["Cleave"],"damage_healed":0,"gold_gain":0,"player_choice":"Removed Attack","damage_taken":0,"max_hp_gain":0,"max_hp_loss":0,"event_name":"Falling","floor":44,"gold_loss":0},{"damage_healed":81,"gold_gain":0,"player_choice":"Heal","damage_taken":0,"max_hp_gain":0,"max_hp_loss":0,"event_name":"MindBloom","floor":45,"gold_loss":0,"cards_obtained":["Doubt"]},{"damage_healed":0,"gold_gain":0,"player_choice":"Fight","damage_taken":0,"max_hp_gain":0,"max_hp_loss":0,"event_name":"Mysterious Sphere","floor":47,"gold_loss":0}],"is_beta":false,"boss_relics":[{"not_picked":["Eternal Feather","White Beast Statue"],"picked":"Tiny House"},{"not_picked":["Coffee Dripper","Black Blood"],"picked":"Velvet Choker"}],"items_purged_floors":[],"is_endless":false,"potions_floor_spawned":[2,7,11,14,16,23,24,33,35,38],"killed_by":"2 Orb Walkers","ascension_level":0}