{"gold_per_floor":[118,43,43,43,43,43,78,78,78,109,132,148,182,201,201,275,275,287,302,302,302,313,313,329,359,382,2,37,47,62,82,82,160,160,174,244,35,49,149,177,5,34,123,148,160,202,214,237,249,261,273,285,297,28,53,53],"floor_reached":57,"playtime":3168,"items_purged":[],"score":2996,"play_id":"29a33e26-d4ec-4009-8c56-f2097aa2f0e6","local_time":"20190712184256","is_ascension_mode":true,"campfire_choices":[{"data":"Bash","floor":6,"key":"SMITH"},{"data":"Feed","floor":8,"key":"SMITH"},{"data":"Anger","floor":15,"key":"SMITH"},{"data":"Whirlwind","floor":23,"key":"SMITH"},{"floor":32,"key":"REST"},{"floor":45,"key":"RECALL"},{"data":"Demon Form","floor":47,"key":"SMITH"},{"data":"Heavy Blade","floor":49,"key":"SMITH"},{"data":"Disarm","floor":53,"key":"SMITH"}],"neow_cost":"NONE","seed_source_timestamp":1580845679013972,"circlet_count":0,"master_deck":["AscendersBane","Strike_R","Defend_R","Defend_R","Defend_R","Defend_R","Bash+1","True Grit","Feed+1","Disarm+1","Feel No Pain","Dark Embrace","Demon Form+1","Whirlwind+1","Flame Barrier","Pommel Strike+1","Offering","Heavy Blade+1","Spot Weakness+1","Headbutt","Clothesline+1","Exhume","Juggernaut+1","Cleave+1","Entrench+1","Reaper","Feel No Pain","Limit Break","Feel No Pain+1","Impervious","True Grit+1"],"relics":["Burning Blood","NeowsBlessing","Art of War","Strawberry","Question Card","Anchor","Red Skull","Regal Pillow","Snecko Eye","CultistMask","Dead Branch","Pen Nib","ClockworkSouvenir","Bag of Preparation","Vajra","Astrolabe","Shuriken","Prayer Wheel","Mercury Hourglass","Bag of Marbles","MawBank","Happy Flower","Bottled Tornado","Oddly Smooth Stone"],"potions_floor_usage":[16,16,22,25,31,56,56],"damage_taken":[{"damage":0,"enemies":"Small Slimes","floor":1,"turns":1},{"damage":0,"enemies":"Lagavulin","floor":7,"turns":1},{"damage":0,"enemies":"3 Sentries","floor":10,"turns":2},{"damage":10,"enemies":"Jaw Worm","floor":12,"turns":5},{"damage":53,"enemies":"Gremlin Nob","floor":13,"turns":6},{"damage":0,"enemies":"2 Louse","floor":14,"turns":3},{"damage":36,"enemies":"Slime Boss","floor":16,"turns":10},{"damage":25,"enemies":"2 Thieves","floor":18,"turns":4},{"damage":15,"enemies":"3 Byrds","floor":19,"turns":5},{"damage":10,"enemies":"Cultist and Chosen","floor":22,"turns":7},{"damage":15,"enemies":"Snecko","floor":24,"turns":6},{"damage":11,"enemies":"Gremlin Leader","floor":25,"turns":4},{"damage":6,"enemies":"Book of Stabbing","floor":28,"turns":3},{"damage":30,"enemies":"Snake Plant","floor":29,"turns":3},{"damage":6,"enemies":"Centurion and Healer","floor":30,"turns":5},{"damage":0,"enemies":"Shelled Parasite and Fungi","floor":31,"turns":2},{"damage":27,"enemies":"Champ","floor":33,"turns":6},{"damage":9,"enemies":"3 Darklings","floor":35,"turns":3},{"damage":6,"enemies":"3 Shapes","floor":38,"turns":3},{"damage":8,"enemies":"Mind Bloom Boss Battle","floor":39,"turns":6},{"damage":59,"enemies":"Reptomancer","floor":40,"turns":5},{"damage":49,"enemies":"Nemesis","floor":42,"turns":6},{"damage":9,"enemies":"Transient","floor":44,"turns":6},{"damage":75,"enemies":"Reptomancer","floor":46,"turns":6},{"damage":29,"enemies":"Writhing Mass","floor":48,"turns":5},{"damage":100,"enemies":"Awakened One","floor":50,"turns":10},{"damage":100,"enemies":"Donu and Deca","floor":51,"turns":6},{"damage":85,"enemies":"Shield and Spear","floor":55,"turns":6},{"damage":37,"enemies":"The Heart","floor":56,"turns":8}],"seed_played":"-2824975923023744557","potions_obtained":[{"floor":1,"key":"LiquidBronze"},{"floor":7,"key":"Energy Potion"},{"floor":12,"key":"Energy Potion"},{"floor":14,"key":"EssenceOfSteel"},{"floor":19,"key":"Block Potion"},{"floor":22,"key":"AttackPotion"},{"floor":24,"key":"SkillPotion"},{"floor":30,"key":"Explosive Potion"},{"floor":33,"key":"Explosive Potion"},{"floor":35,"key":"SpeedPotion"},{"floor":46,"key":"Strength Potion"},{"floor":48,"key":"LiquidBronze"}],"is_trial":false,"path_per_floor":["M","?","?","$","?","R","E","R","T","E","T","M","E","M","R","B",null,"M","M","?","?","M","R","M","E","T","$","E","M","M","M","R","B",null,"M","T","$","M","?","E","$","E","T","M","R","E","R","M","R","B","B",null,"R","$","E","B",null],"character_chosen":"IRONCLAD","items_purchased":["ClockworkSouvenir","Bag of Preparation","Reaper","Feel No Pain","Bag of Marbles","Bottled Tornado"],"campfire_rested":1,"item_purchase_floors":[27,27,37,37,41,54],"current_hp_per_floor":[74,74,63,63,56,56,69,69,69,79,79,79,36,46,46,16,78,63,54,54,54,54,54,49,48,48,48,48,24,28,38,89,72,113,114,114,114,114,120,90,90,74,74,142,142,109,109,135,135,90,148,153,153,153,126,154],"gold":53,"neow_bonus":"THREE_ENEMY_KILL","is_prod":false,"is_daily":false,"chose_seed":false,"campfire_upgraded":7,"win_rate":0,"timestamp":1562974976,"path_taken":["M","?","?","$","?","R","E","R","T","E","?","M","E","M","R","BOSS","M","M","?","?","M","R","M","E","T","$","E","?","M","M","R","BOSS","M","?","$","M","?","E","?","E","T","M","R","E","R","?","R","BOSS","BOSS","R","$","E","BOSS"],"build_version":"2019-07-10","purchased_purges":0,"victory":true,"max_hp_per_floor":[75,75,75,75,75,75,82,82,82,86,86,90,94,98,98,98,98,102,102,102,102,106,106,110,114,114,114,114,114,118,122,122,126,126,130,130,130,130,138,138,138,138,138,142,142,146,146,146,146,150,154,154,154,154,154,154],"card_choices":[{"not_picked":["Bloodletting","Warcry"],"picked":"True Grit","floor":1},{"not_picked":["Disarm","Rage"],"picked":"Feed","floor":7},{"not_picked":["Perfected Strike","Reckless Charge","True Grit"],"picked":"Disarm","floor":10},{"not_picked":["Fire Breathing","Burning Pact","Pommel Strike"],"picked":"Feel No Pain","floor":12},{"not_picked":["Warcry","Berserk","Clash"],"picked":"Dark Embrace","floor":13},{"not_picked":["Battle Trance","Havoc","Fire Breathing"],"picked":"Anger","floor":14},{"not_picked":["Dark Embrace","Barricade","Bludgeon"],"picked":"Demon Form","floor":16},{"not_picked":["Anger","Clothesline","Havoc"],"picked":"Whirlwind","floor":18},{"not_picked":["Burning Pact","Body Slam+1","Battle Trance"],"picked":"Flame Barrier","floor":19},{"not_picked":["Blood for Blood","Anger","Ghostly Armor"],"picked":"Pommel Strike+1","floor":22},{"not_picked":["Reckless Charge","Metallicize+1","Shrug It Off+1"],"picked":"Offering","floor":24},{"not_picked":["Perfected Strike+1","Metallicize+1","Searing Blow","Anger+1"],"picked":"SKIP","floor":25},{"not_picked":["Clothesline","Feed","Wild Strike"],"picked":"Heavy Blade","floor":28},{"not_picked":["Combust","Ghostly Armor","Warcry+1"],"picked":"Spot Weakness+1","floor":29},{"not_picked":["Flex","Iron Wave","Pommel Strike"],"picked":"Headbutt","floor":30},{"not_picked":["Pommel Strike","Rage","Sword Boomerang"],"picked":"Clothesline+1","floor":31},{"not_picked":["Brutality","Dark Embrace","Limit Break"],"picked":"Exhume","floor":33},{"not_picked":["Twin Strike+1","Headbutt","Cleave","Dropkick"],"picked":"SKIP","floor":35},{"not_picked":["Entrench","True Grit+1","Flex"],"picked":"Limit Break","floor":38},{"not_picked":["Dropkick","Flex","Clash","Metallicize+1"],"picked":"SKIP","floor":40},{"not_picked":["Shrug It Off","Wild Strike","Clothesline+1"],"picked":"Feel No Pain+1","floor":42},{"not_picked":["Inflame","Carnage","Dual Wield","Flex"],"picked":"SKIP","floor":44},{"not_picked":["Power Through","Twin Strike","Sword Boomerang","Flex"],"picked":"SKIP","floor":44},{"not_picked":["Intimidate","Headbutt","Blood for Blood"],"picked":"Impervious","floor":46},{"not_picked":["Armaments","Body Slam+1","Carnage"],"picked":"True Grit+1","floor":48},{"not_picked":["Pommel Strike","Anger+1","Wild Strike","Body Slam"],"picked":"SKIP","floor":48},{"not_picked":["Inflame","Flex","Twin Strike","Headbutt+1"],"picked":"SKIP","floor":55}],"player_experience":1684517,"relics_obtained":[{"floor":7,"key":"Strawberry"},{"floor":9,"key":"Question Card"},{"floor":10,"key":"Anchor"},{"floor":11,"key":"Red Skull"},{"floor":13,"key":"Regal Pillow"},{"floor":25,"key":"Dead Branch"},{"floor":26,"key":"Pen Nib"},{"floor":28,"key":"Vajra"},{"floor":36,"key":"Shuriken"},{"floor":39,"key":"Prayer Wheel"},{"floor":40,"key":"Mercury Hourglass"},{"floor":42,"key":"MawBank"},{"floor":46,"key":"Happy Flower"},{"floor":55,"key":"Oddly Smooth Stone"}],"event_choices":[{"cards_removed":["Strike_R"],"damage_healed":0,"gold_gain":0,"player_choice":"Card Removal","damage_taken":0,"max_hp_gain":0,"max_hp_loss":0,"event_name":"The Cleric","floor":2,"gold_loss":75},{"damage_healed":0,"gold_gain":0,"player_choice":"Success","damage_taken":11,"relics_obtained":["Art of War"],"max_hp_gain":0,"max_hp_loss":0,"event_name":"Scrap Ooze","floor":3,"gold_loss":0},{"cards_removed":["Strike_R"],"damage_healed":0,"gold_gain":0,"player_choice":"Card Removal","damage_taken":7,"max_hp_gain":0,"max_hp_loss":0,"event_name":"Golden Wing","floor":5,"gold_loss":0},{"damage_healed":0,"gold_gain":0,"player_choice":"Ignored","damage_taken":0,"max_hp_gain":0,"max_hp_loss":0,"event_name":"The Mausoleum","floor":20,"gold_loss":0},{"damage_healed":0,"gold_gain":0,"player_choice":"Trade","damage_taken":0,"relics_obtained":["CultistMask"],"max_hp_gain":0,"max_hp_loss":0,"event_name":"FaceTrader","floor":21,"gold_loss":0},{"damage_healed":0,"gold_gain":0,"player_choice":"Fight","damage_taken":0,"max_hp_gain":0,"max_hp_loss":0,"event_name":"MindBloom","floor":39,"gold_loss":0}],"is_beta":true,"boss_relics":[{"not_picked":["Runic Dome","White Beast Statue"],"picked":"Snecko Eye"},{"not_picked":["Tiny House","Velvet Choker"],"picked":"Astrolabe"}],"items_purged_floors":[],"is_endless":false,"potions_floor_spawned":[1,7,12,14,19,22,24,30,33,35,46,48],"ascension_level":20}