{"gold_per_floor":[114,114,39,39,39,39,54,68,68,68,68,99,99,99,99,195,195,218,218],"floor_reached":19,"playtime":437,"items_purged":["Strike_B"],"score":318,"play_id":"581117dd-5774-4c5a-8cbd-15c22c378d5e","local_time":"20190630155045","is_ascension_mode":true,"campfire_choices":[{"data":"Ball Lightning","floor":6,"key":"SMITH"},{"data":"Biased Cognition","floor":11,"key":"SMITH"},{"data":"Capacitor","floor":13,"key":"SMITH"},{"data":"Conserve Battery","floor":15,"key":"SMITH"}],"neow_cost":"NONE","seed_source_timestamp":536459410184335,"circlet_count":0,"master_deck":["AscendersBane","Strike_B","Defend_B","Defend_B","Defend_B","Defend_B","Zap+1","Dualcast","Ball Lightning+1","Capacitor+1","Biased Cognition+1","Conserve Battery+1","Core Surge","Self Repair"],"relics":["Cracked Core","Golden Idol","Ornamental Fan","Bag of Marbles","Happy Flower","Matryoshka","Philosopher\u0027s Stone"],"potions_floor_usage":[16,16],"damage_taken":[{"damage":3,"enemies":"Small Slimes","floor":1,"turns":3},{"damage":0,"enemies":"Jaw Worm","floor":7,"turns":3},{"damage":0,"enemies":"Cultist","floor":8,"turns":3},{"damage":25,"enemies":"Lagavulin","floor":12,"turns":4},{"damage":6,"enemies":"Hexaghost","floor":16,"turns":7},{"damage":18,"enemies":"Chosen","floor":18,"turns":4},{"damage":43,"enemies":"3 Byrds","floor":19,"turns":2}],"seed_played":"127030580827456783","potions_obtained":[{"floor":8,"key":"Fire Potion"},{"floor":12,"key":"FocusPotion"}],"is_trial":false,"path_per_floor":["M","?","$","?","?","R","M","M","T","?","R","E","R","?","R","B",null,"M","M"],"character_chosen":"DEFECT","items_purchased":[],"campfire_rested":0,"item_purchase_floors":[],"current_hp_per_floor":[61,61,61,54,54,54,54,54,54,49,49,24,24,24,24,18,53,35,0],"gold":218,"neow_bonus":"UPGRADE_CARD","is_prod":false,"is_daily":false,"chose_seed":false,"campfire_upgraded":4,"win_rate":0,"timestamp":1561927845,"path_taken":["M","?","$","?","?","R","M","M","T","?","R","E","R","?","R","BOSS","M","M"],"build_version":"2019-06-29","purchased_purges":1,"victory":false,"max_hp_per_floor":[71,71,71,71,64,64,64,64,64,64,64,64,64,64,64,64,64,64,64],"card_choices":[{"not_picked":["Leap","Stack"],"picked":"Ball Lightning","floor":1},{"not_picked":["Compile Driver","Hologram"],"picked":"Capacitor","floor":7},{"not_picked":["Compile Driver","Skim"],"picked":"Biased Cognition","floor":8},{"not_picked":["Streamline","Turbo"],"picked":"Conserve Battery","floor":12},{"not_picked":["Seek","Rainbow"],"picked":"Core Surge","floor":16},{"not_picked":["Rebound","Go for the Eyes"],"picked":"Self Repair","floor":18}],"player_experience":1594811,"relics_obtained":[{"floor":9,"key":"Ornamental Fan"},{"floor":12,"key":"Happy Flower"}],"event_choices":[{"cards_removed":["Strike_B"],"damage_healed":0,"gold_gain":0,"player_choice":"Forget","damage_taken":0,"max_hp_gain":0,"max_hp_loss":0,"event_name":"Living Wall","floor":2,"gold_loss":0},{"cards_removed":["Strike_B"],"damage_healed":0,"gold_gain":0,"player_choice":"Card Removal","damage_taken":7,"max_hp_gain":0,"max_hp_loss":0,"event_name":"Golden Wing","floor":4,"gold_loss":0},{"damage_healed":0,"gold_gain":0,"player_choice":"Lose Max HP","damage_taken":0,"relics_obtained":["Golden Idol"],"max_hp_gain":0,"max_hp_loss":7,"event_name":"Golden Idol","floor":5,"gold_loss":0},{"damage_healed":0,"gold_gain":0,"player_choice":"Success","damage_taken":5,"relics_obtained":["Bag of Marbles"],"max_hp_gain":0,"max_hp_loss":0,"event_name":"Scrap Ooze","floor":10,"gold_loss":0},{"damage_healed":0,"gold_gain":0,"player_choice":"Searched \u00272\u0027 times","damage_taken":0,"relics_obtained":["Matryoshka"],"max_hp_gain":0,"max_hp_loss":0,"event_name":"Dead Adventurer","floor":14,"gold_loss":0}],"is_beta":true,"boss_relics":[{"not_picked":["Runic Dome","Coffee Dripper"],"picked":"Philosopher\u0027s Stone"}],"items_purged_floors":[3],"is_endless":false,"potions_floor_spawned":[8,12],"killed_by":"3 Byrds","ascension_level":19}