{"gold_per_floor":[117,67,78,0,0,33,53,53,80,80,115,130,148,47,47,151,151,151,58,58,58,58,58,58,58,58,58,58,58,58,58,58,58,58,58,58,58,8,8,8],"floor_reached":40,"playtime":3394,"items_purged":["Strike_R","True Grit"],"score":436,"play_id":"9ae4bcc4-c81e-4b9c-b28f-211be5d792b0","local_time":"20190713011546","is_ascension_mode":false,"campfire_choices":[{"data":"Juggernaut","floor":8,"key":"SMITH"},{"data":"Metallicize","floor":10,"key":"SMITH"},{"data":"Anger","floor":15,"key":"SMITH"},{"data":"Corruption","floor":24,"key":"SMITH"},{"floor":32,"key":"RECALL"}],"neow_cost":"NONE","seed_source_timestamp":1563963303107400,"circlet_count":0,"master_deck":["Strike_R+1","Defend_R+1","Defend_R+1","Defend_R+1","Bash","Juggernaut+1","Anger+1","Rage","Metallicize+1","Flex","Clash","Iron Wave","Fiend Fire","Clash","Fire Breathing","Anger","Corruption+1","Pommel Strike+1","Warcry","Offering","Seeing Red","Anger+1","Flex+1","Shrug It Off"],"relics":["Burning Blood","Lantern","Omamori","Dodecahedron","Ectoplasm","Enchiridion","Gambling Chip","Smiling Mask","Ancient Tea Set","Empty Cage"],"potions_floor_usage":[6,23,23,30],"damage_taken":[{"damage":2,"enemies":"2 Louse","floor":1,"turns":4},{"damage":3,"enemies":"Jaw Worm","floor":3,"turns":4},{"damage":24,"enemies":"3 Sentries","floor":6,"turns":8},{"damage":1,"enemies":"Cultist","floor":7,"turns":4},{"damage":19,"enemies":"Gremlin Nob","floor":11,"turns":4},{"damage":1,"enemies":"Looter","floor":12,"turns":3},{"damage":1,"enemies":"3 Louse","floor":13,"turns":4},{"damage":26,"enemies":"Slime Boss","floor":16,"turns":8},{"damage":10,"enemies":"Shell Parasite","floor":18,"turns":4},{"damage":15,"enemies":"Slavers","floor":23,"turns":4},{"damage":0,"enemies":"Spheric Guardian","floor":27,"turns":3},{"damage":21,"enemies":"3 Cultists","floor":28,"turns":5},{"damage":0,"enemies":"Snake Plant","floor":29,"turns":2},{"damage":13,"enemies":"Book of Stabbing","floor":30,"turns":4},{"damage":11,"enemies":"Cultist and Chosen","floor":31,"turns":5},{"damage":50,"enemies":"Champ","floor":33,"turns":9},{"damage":26,"enemies":"3 Darklings","floor":35,"turns":4},{"damage":0,"enemies":"Orb Walker","floor":37,"turns":3},{"damage":47,"enemies":"Writhing Mass","floor":39,"turns":6},{"damage":71,"enemies":"Giant Head","floor":40,"turns":6}],"seed_played":"505479723997569985","potions_obtained":[{"floor":5,"key":"LiquidBronze"},{"floor":5,"key":"BloodPotion"},{"floor":5,"key":"FairyPotion"},{"floor":11,"key":"Swift Potion"},{"floor":27,"key":"Strength Potion"},{"floor":30,"key":"Energy Potion"},{"floor":31,"key":"EntropicBrew"}],"is_trial":false,"path_per_floor":["M","?","M","$","?","E","M","R","T","R","E","M","M","$","R","B",null,"M","$","?","?","?","E","R","?","T","M","M","M","E","M","R","B",null,"M","?","M","$","M","E"],"character_chosen":"IRONCLAD","items_purchased":["Metallicize","Iron Wave","Fire Breathing","Anger"],"campfire_rested":0,"item_purchase_floors":[4,14,19,19],"current_hp_per_floor":[80,80,80,80,80,62,67,67,67,67,54,59,64,64,64,44,80,76,76,60,60,60,71,71,71,71,77,62,68,61,56,56,12,80,60,60,66,66,25,0],"gold":8,"neow_bonus":"TRANSFORM_CARD","is_prod":false,"is_daily":false,"chose_seed":false,"campfire_upgraded":4,"win_rate":0,"timestamp":1562994946,"path_taken":["M","?","M","$","?","E","M","R","T","R","E","M","M","$","R","BOSS","M","?","?","?","?","E","R","?","T","?","M","M","E","M","R","BOSS","M","?","?","$","M","E"],"build_version":"2019-07-05","purchased_purges":2,"victory":false,"max_hp_per_floor":[80,80,80,80,80,80,80,80,80,80,80,80,80,80,80,80,80,80,80,80,80,80,80,80,80,80,80,80,80,80,80,80,80,80,80,80,80,80,80,80],"card_choices":[{"not_picked":["Cleave","Shockwave"],"picked":"Anger","floor":1},{"not_picked":["Perfected Strike","Warcry"],"picked":"Rage","floor":3},{"not_picked":["Heavy Blade","Sword Boomerang","Wild Strike"],"picked":"SKIP","floor":6},{"not_picked":["Second Wind","Reaper"],"picked":"True Grit","floor":7},{"not_picked":["Sever Soul","Clothesline"],"picked":"Flex","floor":11},{"not_picked":["Twin Strike","Flex","Reckless Charge"],"picked":"SKIP","floor":12},{"not_picked":["Blood for Blood","Shrug It Off"],"picked":"Clash","floor":13},{"not_picked":["Juggernaut","Limit Break"],"picked":"Fiend Fire","floor":16},{"not_picked":["Heavy Blade","Warcry"],"picked":"Clash","floor":18},{"not_picked":["True Grit+1","Searing Blow"],"picked":"Pommel Strike+1","floor":23},{"not_picked":["Blood for Blood","Searing Blow+1"],"picked":"Warcry","floor":27},{"not_picked":["Twin Strike+1","Power Through","Carnage+1"],"picked":"SKIP","floor":28},{"not_picked":["Evolve","Second Wind"],"picked":"Offering","floor":29},{"not_picked":["True Grit+1","Heavy Blade+1"],"picked":"Seeing Red","floor":30},{"not_picked":["Perfected Strike","Body Slam","Hemokinesis"],"picked":"SKIP","floor":31},{"not_picked":["Clothesline","Perfected Strike","Heavy Blade+1"],"picked":"SKIP","floor":35},{"not_picked":["Wild Strike","Sword Boomerang+1"],"picked":"Flex+1","floor":37},{"not_picked":["Power Through+1","Uppercut"],"picked":"Shrug It Off","floor":39}],"player_experience":78980,"relics_obtained":[{"floor":6,"key":"Lantern"},{"floor":9,"key":"Omamori"},{"floor":11,"key":"Dodecahedron"},{"floor":20,"key":"Enchiridion"},{"floor":23,"key":"Gambling Chip"},{"floor":26,"key":"Smiling Mask"},{"floor":30,"key":"Ancient Tea Set"}],"event_choices":[{"cards_removed":["Strike_R"],"damage_healed":0,"gold_gain":0,"player_choice":"Card Removal","damage_taken":0,"max_hp_gain":0,"max_hp_loss":0,"event_name":"The Cleric","floor":2,"gold_loss":50},{"damage_healed":0,"gold_gain":0,"player_choice":"Got Potions","damage_taken":0,"max_hp_gain":0,"max_hp_loss":0,"event_name":"Lab","floor":5,"gold_loss":0},{"damage_healed":0,"gold_gain":0,"player_choice":"Obtained Book","damage_taken":16,"max_hp_gain":0,"max_hp_loss":0,"event_name":"Cursed Tome","floor":20,"gold_loss":0},{"damage_healed":0,"gold_gain":0,"player_choice":"Simplicity","damage_taken":0,"max_hp_gain":0,"max_hp_loss":0,"event_name":"Back to Basics","floor":21,"gold_loss":0,"cards_upgraded":["Strike_R","Strike_R","Defend_R","Defend_R","Defend_R","Defend_R"]},{"damage_healed":0,"gold_gain":0,"player_choice":"Read","damage_taken":0,"max_hp_gain":0,"max_hp_loss":0,"event_name":"The Library","floor":22,"gold_loss":0,"cards_obtained":["Corruption"]},{"damage_healed":0,"gold_gain":99,"player_choice":"Stole From Cult","damage_taken":0,"max_hp_gain":0,"max_hp_loss":0,"event_name":"Nest","floor":25,"gold_loss":0},{"damage_healed":0,"gold_gain":0,"player_choice":"Copied","damage_taken":0,"max_hp_gain":0,"max_hp_loss":0,"event_name":"Duplicator","floor":36,"gold_loss":0,"cards_obtained":["Anger"]}],"is_beta":false,"boss_relics":[{"not_picked":["White Beast Statue","Philosopher\u0027s Stone"],"picked":"Ectoplasm"},{"not_picked":["Runic Dome","Fusion Hammer"],"picked":"Empty Cage"}],"items_purged_floors":[14,38],"is_endless":false,"potions_floor_spawned":[11,12,13,27,30,31,35,37],"killed_by":"Giant Head","ascension_level":0}