{"gold_per_floor":[218,218,230,256,267,267,192,192,217,247,271,291,6,6],"floor_reached":14,"playtime":518,"items_purged":["Strike_B"],"score":176,"play_id":"86204736-8158-4ca3-8128-8cf1f1da6360","local_time":"20190607234157","is_ascension_mode":true,"campfire_choices":[{"data":"Zap","floor":6,"key":"SMITH"},{"data":"Coolheaded","floor":8,"key":"SMITH"}],"neow_cost":"NONE","seed_source_timestamp":846075039373107,"circlet_count":0,"master_deck":["AscendersBane","Strike_B","Strike_B","Defend_B","Defend_B","Defend_B","Defend_B","Zap+1","Dualcast","Genetic Algorithm","Coolheaded+1","Conserve Battery","Glacier","Blizzard","Loop","Rip and Tear","Hologram"],"relics":["Cracked Core","Bronze Scales","Smiling Mask","Dodecahedron","Odd Mushroom"],"potions_floor_usage":[11,14],"damage_taken":[{"damage":10,"enemies":"Small Slimes","floor":1,"turns":4},{"damage":1,"enemies":"Cultist","floor":3,"turns":4},{"damage":0,"enemies":"2 Louse","floor":5,"turns":3},{"damage":18,"enemies":"Lagavulin","floor":10,"turns":10},{"damage":15,"enemies":"The Mushroom Lair","floor":11,"turns":6},{"damage":0,"enemies":"Large Slime","floor":12,"turns":6},{"damage":20,"enemies":"Gremlin Nob","floor":14,"turns":4}],"seed_played":"877958572332688454","potions_obtained":[{"floor":1,"key":"SkillPotion"},{"floor":3,"key":"Fire Potion"}],"is_trial":false,"path_per_floor":["M","?","M","T","M","R","?","R","T","E","?","M","$","E"],"character_chosen":"DEFECT","items_purchased":["Block Potion","Loop","Rip and Tear","Hologram"],"campfire_rested":0,"item_purchase_floors":[13,13,13,13],"current_hp_per_floor":[54,44,43,43,43,43,43,43,43,25,10,10,10,0],"gold":6,"neow_bonus":"HUNDRED_GOLD","is_prod":false,"is_daily":false,"chose_seed":false,"campfire_upgraded":2,"win_rate":0,"timestamp":1559968917,"path_taken":["M","?","?","?","M","R","?","R","T","E","?","M","$","E"],"build_version":"2019-01-23","purchased_purges":1,"victory":false,"max_hp_per_floor":[71,71,71,71,71,71,71,71,71,71,71,71,71,71],"card_choices":[{"not_picked":["Storm","Rebound"],"picked":"Genetic Algorithm","floor":1},{"not_picked":["Reprogram","Conserve Battery"],"picked":"Coolheaded","floor":3},{"not_picked":["Steam Power","Force Field"],"picked":"Conserve Battery","floor":5},{"not_picked":["Stack","Hyperbeam"],"picked":"Glacier","floor":10},{"not_picked":["BootSequence","Barrage"],"picked":"Blizzard","floor":12}],"player_experience":1716329,"relics_obtained":[{"floor":4,"key":"Bronze Scales"},{"floor":9,"key":"Smiling Mask"},{"floor":10,"key":"Dodecahedron"},{"floor":11,"key":"Odd Mushroom"}],"event_choices":[{"damage_healed":0,"gold_gain":0,"player_choice":"Damaged","damage_taken":10,"max_hp_gain":0,"max_hp_loss":0,"event_name":"Wheel of Change","floor":2,"gold_loss":0},{"cards_removed":["Strike_B"],"damage_healed":0,"gold_gain":0,"player_choice":"Card Removal","damage_taken":0,"max_hp_gain":0,"max_hp_loss":0,"event_name":"The Cleric","floor":7,"gold_loss":75},{"damage_healed":0,"gold_gain":0,"player_choice":"Fought Mushrooms","damage_taken":0,"max_hp_gain":0,"max_hp_loss":0,"event_name":"Mushrooms","floor":11,"gold_loss":0}],"is_beta":false,"boss_relics":[],"items_purged_floors":[13],"is_endless":false,"potions_floor_spawned":[1,3,10],"killed_by":"Gremlin Nob","ascension_level":20}