{"gold_per_floor":[216,216,15,26,26,26,69,69,115,115,115,128,19,63,63,159,159,178,203,39,39,60,60,94,19,19,57,57,90,114,39,39,135,135,158,94,94,115,10,10,53,53,104,104,104,128,147,171,171,171],"floor_reached":51,"playtime":2314,"items_purged":["Strike_R"],"score":1394,"play_id":"66a181fc-12fd-4ee9-a84d-2c0609e5a14e","local_time":"20190713211406","is_ascension_mode":true,"campfire_choices":[{"data":"Hemokinesis","floor":6.0,"key":"SMITH"},{"floor":11.0,"key":"REST"},{"data":"Immolate","floor":15.0,"key":"SMITH"},{"data":"Shrug It Off","floor":23.0,"key":"SMITH"},{"floor":28.0,"key":"REST"},{"data":"Shrug It Off","floor":32.0,"key":"SMITH"},{"data":"Feel No Pain","floor":40.0,"key":"SMITH"},{"data":"Spot Weakness","floor":42.0,"key":"SMITH"},{"data":"Disarm","floor":44.0,"key":"SMITH"},{"data":"Corruption","floor":49.0,"key":"SMITH"}],"neow_cost":"NONE","seed_source_timestamp":15796675373615,"circlet_count":0,"master_deck":["AscendersBane","Strike_R+1","Defend_R","Defend_R","Defend_R","Defend_R","Bash","Disarm+1","Pommel Strike+1","Hemokinesis+1","Immolate+1","Shrug It Off+1","Feel No Pain+1","Shrug It Off+1","Limit Break+1","Corruption+1","Headbutt","Spot Weakness+1","Armaments+1","Offering+1","Dual Wield+1","Armaments+1","Good Instincts+1","Spot Weakness+1","Entrench+1","Battle Trance+1","Sentinel+1"],"special_seed":0,"relics":["Black Blood","Kunai","Bag of Marbles","Golden Idol","Centennial Puzzle","Art of War","Thread and Needle","PreservedInsect","Self Forming Clay","Toxic Egg 2","Juzu Bracelet","Boot","Coffee Dripper","Pantograph","Pear","Potion Belt"],"potions_floor_usage":[50],"damage_taken":[{"damage":11.0,"enemies":"Jaw Worm","floor":1.0,"turns":6.0},{"damage":12.0,"enemies":"Small Slimes","floor":4.0,"turns":2.0},{"damage":16.0,"enemies":"Lagavulin","floor":7.0,"turns":7.0},{"damage":1.0,"enemies":"2 Louse","floor":12.0,"turns":2.0},{"damage":14.0,"enemies":"3 Sentries","floor":14.0,"turns":4.0},{"damage":18.0,"enemies":"Slime Boss","floor":16.0,"turns":7.0},{"damage":13.0,"enemies":"Shell Parasite","floor":18.0,"turns":6.0},{"damage":15.0,"enemies":"Spheric Guardian","floor":19.0,"turns":6.0},{"damage":3.0,"enemies":"Centurion and Healer","floor":22.0,"turns":7.0},{"damage":16.0,"enemies":"Gremlin Leader","floor":24.0,"turns":5.0},{"damage":22.0,"enemies":"Slavers","floor":27.0,"turns":4.0},{"damage":5.0,"enemies":"Gremlin Leader","floor":29.0,"turns":4.0},{"damage":7.0,"enemies":"Chosen and Byrds","floor":30.0,"turns":3.0},{"damage":32.0,"enemies":"Collector","floor":33.0,"turns":8.0},{"damage":3.0,"enemies":"3 Shapes","floor":35.0,"turns":2.0},{"damage":10.0,"enemies":"3 Darklings","floor":38.0,"turns":3.0},{"damage":42.0,"enemies":"Nemesis","floor":41.0,"turns":5.0},{"damage":35.0,"enemies":"Jaw Worm Horde","floor":46.0,"turns":4.0},{"damage":8.0,"enemies":"Transient","floor":47.0,"turns":6.0},{"damage":14.0,"enemies":"Maw","floor":48.0,"turns":8.0},{"damage":43,"enemies":"Donu and Deca","floor":50,"turns":8}],"seed_played":"-6846729546799825366","potions_obtained":[{"floor":1.0,"key":"Dexterity Potion"},{"floor":14.0,"key":"Dexterity Potion"},{"floor":16.0,"key":"SpeedPotion"},{"floor":18.0,"key":"Energy Potion"},{"floor":19.0,"key":"Dexterity Potion"},{"floor":27.0,"key":"PowerPotion"},{"floor":29.0,"key":"Ancient Potion"},{"floor":30.0,"key":"GamblersBrew"},{"floor":38.0,"key":"PowerPotion"},{"floor":46.0,"key":"FearPotion"},{"floor":47.0,"key":"AttackPotion"}],"is_trial":false,"path_per_floor":["M","?","$","M","?","R","E","?","T","?","R","M","$","E","R","B",null,"M","M","$","?","M","R","E","$","T","E","R","E","M","?","R","B",null,"M","?","?","M","$","R","E","R","T","R","?","M","M","M","R","B",null],"character_chosen":"IRONCLAD","items_purchased":["Pommel Strike","Bag of Marbles","Shrug It Off","Feel No Pain","PreservedInsect","Good Instincts+1"],"campfire_rested":2,"item_purchase_floors":[3,3,13,13,20,39],"current_hp_per_floor":[63,52,52,46,46,46,36,29,29,9,29,34,34,26,26,14,55,52,47,47,47,54,54,48,48,48,36,56,61,64,64,64,42,62,68,68,68,68,68,68,46,46,46,46,46,21,23,19,19,11],"gold":171,"neow_bonus":"HUNDRED_GOLD","is_prod":false,"is_daily":false,"chose_seed":false,"campfire_upgraded":8,"win_rate":0,"timestamp":1563070446,"path_taken":["M","?","$","M","?","R","E","?","T","?","R","M","$","E","R","BOSS","M","M","$","?","M","R","E","$","T","E","R","E","M","?","R","BOSS","M","?","?","M","$","R","E","R","T","R","?","M","M","M","R","BOSS"],"build_version":"2019-07-05","purchased_purges":1,"victory":true,"max_hp_per_floor":[75,75,75,75,68,68,68,68,68,68,68,68,68,68,68,68,68,68,68,68,68,68,68,68,68,68,68,68,68,68,68,68,68,68,68,68,68,68,68,68,78,78,78,78,78,78,78,78,78,78],"card_choices":[{"not_picked":["Sword Boomerang","Warcry"],"picked":"Disarm","floor":1.0},{"not_picked":["Blood for Blood","Second Wind"],"picked":"Hemokinesis","floor":4.0},{"not_picked":["True Grit","Flex"],"picked":"Immolate","floor":7.0},{"not_picked":["Wild Strike","Searing Blow","Corruption"],"picked":"SKIP","floor":12.0},{"not_picked":["Sword Boomerang","Anger"],"picked":"Shrug It Off","floor":14.0},{"not_picked":["Bludgeon","Double Tap"],"picked":"Limit Break","floor":16.0},{"not_picked":["Fire Breathing","Clash"],"picked":"Corruption","floor":18.0},{"not_picked":["Warcry","Twin Strike"],"picked":"Headbutt","floor":19.0},{"not_picked":["Warcry","Whirlwind"],"picked":"Spot Weakness","floor":22.0},{"not_picked":["Clash","Cleave","Reckless Charge"],"picked":"SKIP","floor":24.0},{"not_picked":["Clothesline","Anger","Sever Soul"],"picked":"SKIP","floor":27.0},{"not_picked":["Cleave","Body Slam","Evolve"],"picked":"SKIP","floor":29.0},{"not_picked":["Clash","Body Slam"],"picked":"Armaments+1","floor":30.0},{"not_picked":["Feed","Berserk"],"picked":"Offering+1","floor":33.0},{"not_picked":["Second Wind+1","Headbutt+1"],"picked":"Dual Wield+1","floor":35.0},{"not_picked":["Havoc+1","Thunderclap"],"picked":"Armaments+1","floor":38.0},{"not_picked":["Rupture","Body Slam"],"picked":"Spot Weakness+1","floor":41.0},{"not_picked":["Clothesline","Iron Wave"],"picked":"Entrench+1","floor":46.0},{"not_picked":["Armaments+1","Flame Barrier+1"],"picked":"Battle Trance+1","floor":47.0},{"not_picked":["Sword Boomerang","Cleave"],"picked":"Sentinel+1","floor":48.0}],"player_experience":204597,"relics_obtained":[{"floor":7.0,"key":"Centennial Puzzle"},{"floor":9.0,"key":"Art of War"},{"floor":14.0,"key":"Thread and Needle"},{"floor":24.0,"key":"Self Forming Clay"},{"floor":26.0,"key":"Toxic Egg 2"},{"floor":27.0,"key":"Juzu Bracelet"},{"floor":29.0,"key":"Boot"},{"floor":41.0,"key":"Pear"},{"floor":43.0,"key":"Potion Belt"}],"event_choices":[{"damage_healed":0.0,"max_hp_gain":0.0,"max_hp_loss":0.0,"gold_gain":0.0,"event_name":"Scrap Ooze","player_choice":"Success","floor":2.0,"gold_loss":0.0,"damage_taken":11.0,"relics_obtained":["Kunai"]},{"damage_healed":0.0,"max_hp_gain":0.0,"max_hp_loss":7.0,"gold_gain":0.0,"event_name":"Golden Idol","player_choice":"Lose Max HP","floor":5.0,"gold_loss":0.0,"damage_taken":0.0,"relics_obtained":["Golden Idol"]},{"cards_removed":["Strike_R"],"damage_healed":0.0,"max_hp_gain":0.0,"max_hp_loss":0.0,"gold_gain":0.0,"event_name":"Golden Wing","player_choice":"Card Removal","floor":8.0,"gold_loss":0.0,"damage_taken":7.0},{"damage_healed":0.0,"max_hp_gain":0.0,"max_hp_loss":0.0,"gold_gain":0.0,"event_name":"Shining Light","player_choice":"Entered Light","floor":10.0,"gold_loss":0.0,"damage_taken":20.0,"cards_upgraded":["Strike_R","Pommel Strike"]},{"damage_healed":0.0,"max_hp_gain":0.0,"max_hp_loss":0.0,"gold_gain":0.0,"event_name":"FaceTrader","player_choice":"Leave","floor":21.0,"gold_loss":0.0,"damage_taken":0.0},{"cards_removed":["Strike_R"],"damage_healed":0.0,"max_hp_gain":0.0,"max_hp_loss":0.0,"gold_gain":0.0,"event_name":"Beggar","player_choice":"Gave Gold","floor":31.0,"gold_loss":75.0,"damage_taken":0.0},{"damage_healed":0.0,"max_hp_gain":0.0,"max_hp_loss":0.0,"gold_gain":0.0,"event_name":"WeMeetAgain","player_choice":"Paid Gold","floor":36.0,"gold_loss":64.0,"damage_taken":0.0,"relics_obtained":["Pantograph"]},{"damage_healed":0.0,"max_hp_gain":0.0,"max_hp_loss":0.0,"gold_gain":0.0,"event_name":"Accursed Blacksmith","player_choice":"Forge","floor":37.0,"gold_loss":0.0,"damage_taken":0.0,"cards_upgraded":["Limit Break"]},{"cards_removed":["Strike_R"],"damage_healed":0.0,"max_hp_gain":0.0,"max_hp_loss":0.0,"gold_gain":0.0,"event_name":"Wheel of Change","player_choice":"Card Removal","floor":45.0,"gold_loss":0.0,"damage_taken":0.0}],"is_beta":false,"boss_relics":[{"not_picked":["Velvet Choker","Runic Pyramid"],"picked":"Black Blood"},{"not_picked":["Orrery","White Beast Statue"],"picked":"Coffee Dripper"}],"items_purged_floors":[25],"is_endless":false,"potions_floor_spawned":[1,14,16,18,19,27,29,30,38,46,47],"ascension_level":19}