{"gold_per_floor":[114,127,127,143,143,143,318,318,318,20,20,46,56,89,89,184,184,199,199,212,127,127,156,156,156,156,156,189,137,151,180,180,277,277,297,297,314,314,314,314,346,346,394,425,438,320,320,17,17,17],"floor_reached":50,"playtime":5183,"items_purged":["Doubt"],"score":921,"play_id":"1e04e222-1015-40bf-ae5d-d805be622d76","local_time":"20190708180538","is_ascension_mode":true,"campfire_choices":[{"floor":6.0,"key":"REST"},{"floor":8.0,"key":"REST"},{"data":"1","floor":11.0,"key":"LIFT"},{"data":"2","floor":15.0,"key":"LIFT"},{"data":"3","floor":24.0,"key":"LIFT"},{"floor":27.0,"key":"REST"},{"data":"Juggernaut","floor":32.0,"key":"SMITH"},{"data":"Heavy Blade","floor":40.0,"key":"SMITH"},{"floor":42.0,"key":"REST"},{"floor":47,"key":"REST"},{"data":"Bludgeon","floor":49,"key":"SMITH"}],"neow_cost":"PERCENT_DAMAGE","seed_source_timestamp":2134494581876933,"circlet_count":0,"master_deck":["AscendersBane","Defend_R","Defend_R+1","Defend_R","Bash","Entrench","Carnage+1","Spot Weakness+1","Juggernaut+1","Evolve","Reaper","Intimidate+1","Bludgeon+1","Bloodletting+1","Bite","Bite","Bite","Bite","Bite","Armaments+1","Heavy Blade+1","Armaments+1","Thunderclap+1","Finesse+1","Enlightenment+1","Thunderclap+1","Clothesline","True Grit+1","Rage+1","Shrug It Off+1","Ghostly Armor+1","Headbutt"],"special_seed":0,"relics":["Burning Blood","Girya","Ancient Tea Set","Toxic Egg 2","Centennial Puzzle","Busted Crown","Meat on the Bone","Strawberry","Pen Nib","Bag of Preparation","Turnip","Lizard Tail","Bronze Scales","Omamori","Dodecahedron","Oddly Smooth Stone"],"potions_floor_usage":[],"damage_taken":[{"damage":19.0,"enemies":"Jaw Worm","floor":1.0,"turns":6.0},{"damage":8.0,"enemies":"2 Louse","floor":2.0,"turns":3.0},{"damage":10.0,"enemies":"Small Slimes","floor":4.0,"turns":2.0},{"damage":29.0,"enemies":"Lagavulin","floor":12.0,"turns":9.0},{"damage":0.0,"enemies":"Looter","floor":13.0,"turns":1.0},{"damage":22.0,"enemies":"3 Sentries","floor":14.0,"turns":5.0},{"damage":67.0,"enemies":"Slime Boss","floor":16.0,"turns":10.0},{"damage":18.0,"enemies":"2 Thieves","floor":18.0,"turns":4.0},{"damage":11.0,"enemies":"Chosen","floor":20.0,"turns":4.0},{"damage":71.0,"enemies":"Book of Stabbing","floor":23.0,"turns":6.0},{"damage":43.0,"enemies":"Slavers","floor":28.0,"turns":4.0},{"damage":6.0,"enemies":"3 Cultists","floor":30.0,"turns":6.0},{"damage":26.0,"enemies":"Gremlin Leader","floor":31.0,"turns":6.0},{"damage":98.0,"enemies":"Automaton","floor":33.0,"turns":10.0},{"damage":4.0,"enemies":"3 Shapes","floor":35.0,"turns":5.0},{"damage":26.0,"enemies":"3 Darklings","floor":37.0,"turns":5.0},{"damage":62.0,"enemies":"Nemesis","floor":41.0,"turns":5.0},{"damage":30,"enemies":"Reptomancer","floor":44,"turns":4},{"damage":21,"enemies":"Writhing Mass","floor":45,"turns":3},{"damage":131,"enemies":"Donu and Deca","floor":50,"turns":9}],"seed_played":"-1357098623049792865","potions_obtained":[{"floor":4.0,"key":"Weak Potion"},{"floor":12.0,"key":"Energy Potion"},{"floor":14.0,"key":"Block Potion"},{"floor":16.0,"key":"SteroidPotion"},{"floor":20.0,"key":"Poison Potion"},{"floor":23.0,"key":"LiquidBronze"},{"floor":30.0,"key":"Block Potion"},{"floor":35.0,"key":"SpeedPotion"},{"floor":37.0,"key":"SkillPotion"}],"is_trial":false,"path_per_floor":["M","M","?","M","?","R","?","R","T","$","R","E","M","E","R","B",null,"M","?","M","?","?","E","R","?","T","R","E","$","M","E","R","B",null,"M","?","M","?","?","R","E","R","T","E","M","$","R","$","R","B"],"character_chosen":"IRONCLAD","items_purchased":["Ancient Tea Set","Juggernaut","Armaments+1","True Grit+1","Rage+1","Oddly Smooth Stone","Shrug It Off+1","Ghostly Armor+1","Headbutt"],"campfire_rested":5,"item_purchase_floors":[10,10,29,46,46,48,48,48,48],"current_hp_per_floor":[54,52,52,48,29,57,57,85,85,85,85,62,68,79,79,46,84,92,73,77,77,70,44,44,44,44,67,56,56,77,77,77,45,69,77,77,77,67,67,67,38,61,61,58,52,52,75,75,75,0],"gold":17,"neow_bonus":"TWENTY_PERCENT_HP_BONUS","is_prod":false,"is_daily":false,"chose_seed":false,"campfire_upgraded":3,"win_rate":0,"timestamp":1562623538,"path_taken":["M","M","?","M","?","R","?","R","T","$","R","E","M","E","R","BOSS","M","?","M","?","?","E","R","?","T","R","E","$","?","E","R","BOSS","BOSS","M","?","M","?","?","R","E","R","T","E","M","$","R","$","R","BOSS"],"build_version":"2019-07-05","purchased_purges":1,"victory":false,"max_hp_per_floor":[96,96,96,96,96,96,96,96,96,96,96,96,96,96,96,96,96,96,101,101,101,70,77,77,77,77,77,77,77,77,77,77,77,77,77,77,77,77,77,77,77,77,77,77,77,77,77,77,77,77],"card_choices":[{"not_picked":["Heavy Blade","Thunderclap"],"picked":"Entrench","floor":1.0},{"not_picked":["True Grit","Burning Pact"],"picked":"Carnage","floor":2.0},{"not_picked":["Dual Wield","Entrench"],"picked":"Spot Weakness","floor":4.0},{"not_picked":["Burning Pact","Havoc"],"picked":"Evolve","floor":12.0},{"not_picked":["Twin Strike","True Grit+1"],"picked":"Reaper","floor":13.0},{"not_picked":["Sword Boomerang","Rupture"],"picked":"Intimidate+1","floor":14.0},{"not_picked":["Berserk","Barricade"],"picked":"Bludgeon","floor":16.0},{"not_picked":["Blood for Blood"],"picked":"SKIP","floor":18.0},{"not_picked":[],"picked":"Bloodletting+1","floor":20.0},{"not_picked":["Wild Strike"],"picked":"SKIP","floor":23.0},{"not_picked":[],"picked":"Heavy Blade","floor":28.0},{"not_picked":["Anger"],"picked":"SKIP","floor":30.0},{"not_picked":["Thunderclap"],"picked":"SKIP","floor":31.0},{"not_picked":[],"picked":"Thunderclap+1","floor":35.0},{"not_picked":["Evolve"],"picked":"SKIP","floor":37.0},{"not_picked":[],"picked":"Finesse+1","floor":38.0},{"not_picked":[],"picked":"Enlightenment+1","floor":38.0},{"not_picked":[],"picked":"Thunderclap+1","floor":41.0},{"not_picked":["Anger"],"picked":"SKIP","floor":44},{"not_picked":[],"picked":"Clothesline","floor":45}],"player_experience":412362,"relics_obtained":[{"floor":9.0,"key":"Girya"},{"floor":12.0,"key":"Toxic Egg 2"},{"floor":14.0,"key":"Centennial Puzzle"},{"floor":23.0,"key":"Strawberry"},{"floor":26.0,"key":"Pen Nib"},{"floor":28.0,"key":"Bag of Preparation"},{"floor":31.0,"key":"Turnip"},{"floor":41.0,"key":"Bronze Scales"},{"floor":43.0,"key":"Omamori"},{"floor":44,"key":"Dodecahedron"}],"event_choices":[{"damage_healed":0.0,"max_hp_gain":0.0,"max_hp_loss":0.0,"gold_gain":0.0,"event_name":"Living Wall","player_choice":"Grow","floor":3.0,"gold_loss":0.0,"damage_taken":0.0,"cards_upgraded":["Carnage"]},{"damage_healed":0.0,"max_hp_gain":0.0,"max_hp_loss":0.0,"gold_gain":0.0,"event_name":"Shining Light","player_choice":"Entered Light","floor":5.0,"gold_loss":0.0,"damage_taken":19.0,"cards_upgraded":["Spot Weakness","Defend_R"]},{"damage_healed":0.0,"max_hp_gain":0.0,"max_hp_loss":0.0,"gold_gain":175.0,"event_name":"Liars Game","player_choice":"AGREE","floor":7.0,"gold_loss":0.0,"damage_taken":0.0,"cards_obtained":["Doubt"]},{"damage_healed":0.0,"max_hp_gain":5.0,"max_hp_loss":0.0,"gold_gain":0.0,"event_name":"Forgotten Altar","player_choice":"Shed Blood","floor":19.0,"gold_loss":0.0,"damage_taken":24.0},{"damage_healed":0.0,"max_hp_gain":0.0,"max_hp_loss":0.0,"gold_gain":0.0,"event_name":"Addict","player_choice":"Obtained Relic","floor":21.0,"gold_loss":85.0,"damage_taken":0.0,"relics_obtained":["Meat on the Bone"]},{"damage_healed":0.0,"max_hp_gain":0.0,"max_hp_loss":31.0,"gold_gain":0.0,"event_name":"Vampires","player_choice":"Became a vampire","floor":22.0,"gold_loss":0.0,"damage_taken":0.0,"cards_obtained":["Bite","Bite","Bite","Bite","Bite"]},{"damage_healed":0.0,"max_hp_gain":0.0,"max_hp_loss":0.0,"gold_gain":0.0,"event_name":"The Library","player_choice":"Read","floor":25.0,"gold_loss":0.0,"damage_taken":0.0,"cards_obtained":["Armaments"]},{"cards_removed":["Defend_R"],"damage_healed":0.0,"max_hp_gain":0.0,"max_hp_loss":0.0,"gold_gain":0.0,"event_name":"Falling","player_choice":"Removed Skill","floor":36.0,"gold_loss":0.0,"damage_taken":0.0},{"damage_healed":0.0,"max_hp_gain":0.0,"max_hp_loss":0.0,"gold_gain":0.0,"event_name":"SensoryStone","player_choice":"Memory 3","floor":38.0,"gold_loss":0.0,"damage_taken":10.0},{"damage_healed":0.0,"max_hp_gain":0.0,"max_hp_loss":0.0,"gold_gain":0.0,"event_name":"Tomb of Lord Red Mask","player_choice":"Ignored","floor":39.0,"gold_loss":0.0,"damage_taken":0.0}],"is_beta":false,"boss_relics":[{"not_picked":["Eternal Feather","Runic Dome"],"picked":"Busted Crown"},{"not_picked":["Black Star","Calling Bell"],"picked":"Lizard Tail"}],"items_purged_floors":[10],"is_endless":false,"potions_floor_spawned":[4,12,14,16,20,23,30,35,37],"killed_by":"Donu and Deca","ascension_level":12}