{"gold_per_floor":[117,117,137,147,165,165,190,207,207,221,237,237,237,270,270,365,365,375,226,238,163,163,163,173,39,93,121,135,135,56,68,68,68],"floor_reached":33,"playtime":1398,"items_purged":["Strike_B","Strike_B"],"score":318,"play_id":"cd3dcb1b-17d0-4b62-ac90-182b4ad7b96a","local_time":"20190713003527","is_ascension_mode":true,"campfire_choices":[{"data":"Zap","floor":6,"key":"SMITH"},{"floor":13,"key":"REST"},{"floor":15,"key":"REST"},{"floor":23,"key":"REST"},{"floor":29,"key":"REST"},{"floor":32,"key":"REST"}],"neow_cost":"NONE","seed_source_timestamp":175198630487300,"circlet_count":0,"master_deck":["Strike_B","Defend_B","Defend_B","Defend_B","Defend_B","Zap+1","Dualcast","Sweeping Beam+1","Core Surge","Redo","Hologram","Sunder","Static Discharge+1","Fusion","Doom and Gloom","Beam Cell","Gash","All For One","Static Discharge","Capacitor","Doom and Gloom","Necronomicurse","Sweeping Beam+1","Coolheaded","Static Discharge","Lockon","Multi-Cast","Static Discharge","Heatsinks","Ball Lightning","Steam"],"relics":["Cracked Core","Dream Catcher","Shuriken","Cables","Anchor","Fusion Hammer","Necronomicon","Peace Pipe"],"potions_floor_usage":[5,7,27,33],"damage_taken":[{"damage":6,"enemies":"Cultist","floor":1,"turns":3},{"damage":8,"enemies":"Small Slimes","floor":3,"turns":3},{"damage":1,"enemies":"Jaw Worm","floor":4,"turns":3},{"damage":15,"enemies":"Large Slime","floor":5,"turns":5},{"damage":28,"enemies":"Lagavulin","floor":7,"turns":5},{"damage":0,"enemies":"Exordium Wildlife","floor":8,"turns":2},{"damage":0,"enemies":"Gremlin Gang","floor":10,"turns":2},{"damage":0,"enemies":"2 Fungi Beasts","floor":11,"turns":2},{"damage":27,"enemies":"3 Sentries","floor":14,"turns":3},{"damage":24,"enemies":"Slime Boss","floor":16,"turns":6},{"damage":0,"enemies":"Chosen","floor":18,"turns":3},{"damage":34,"enemies":"3 Byrds","floor":20,"turns":3},{"damage":9,"enemies":"Shelled Parasite and Fungi","floor":24,"turns":3},{"damage":17,"enemies":"Slavers","floor":27,"turns":3},{"damage":20,"enemies":"Cultist and Chosen","floor":28,"turns":4},{"damage":4,"enemies":"3 Cultists","floor":31,"turns":3},{"damage":73,"enemies":"Champ","floor":33,"turns":5}],"seed_played":"-8292100903305252262","potions_obtained":[{"floor":4,"key":"Weak Potion"},{"floor":7,"key":"Fruit Juice"},{"floor":14,"key":"Strength Potion"},{"floor":24,"key":"Explosive Potion"},{"floor":27,"key":"FocusPotion"}],"is_trial":false,"path_per_floor":["M","?","M","M","M","R","E","M","T","M","M","?","R","E","R","B",null,"M","$","M","?","?","R","M","$","T","E","M","R","$","M","R","B"],"character_chosen":"DEFECT","items_purchased":["Capacitor","Static Discharge","Heatsinks"],"campfire_rested":5,"item_purchase_floors":[19,25,30],"current_hp_per_floor":[69,69,61,60,45,45,22,22,22,22,22,22,46,19,43,19,80,80,80,46,46,30,54,45,45,45,28,8,32,32,28,52,0],"gold":68,"neow_bonus":"RANDOM_COMMON_RELIC","is_prod":false,"is_daily":false,"chose_seed":false,"campfire_upgraded":1,"win_rate":0,"timestamp":1562992527,"path_taken":["M","?","M","M","?","R","E","M","T","?","M","?","R","E","R","BOSS","M","$","M","?","?","R","M","?","T","E","?","R","$","M","R","BOSS"],"build_version":"2019-07-05","purchased_purges":2,"victory":false,"max_hp_per_floor":[75,75,75,75,75,75,80,80,80,80,80,80,80,80,80,80,80,80,80,80,80,80,80,80,80,80,80,80,80,80,80,80,80],"card_choices":[{"not_picked":["Redo","Rip and Tear"],"picked":"Sweeping Beam","floor":1},{"not_picked":["Coolheaded","Barrage"],"picked":"Core Surge","floor":3},{"not_picked":["Reprogram","Barrage"],"picked":"Redo","floor":4},{"not_picked":["Steam Power","Barrage"],"picked":"Hologram","floor":5},{"not_picked":["Rebound","Reinforced Body"],"picked":"Sunder","floor":7},{"not_picked":["Buffer","Steam"],"picked":"Static Discharge","floor":8},{"not_picked":["Redo","Ball Lightning"],"picked":"Fusion","floor":10},{"not_picked":["Stack","Blizzard","Undo"],"picked":"SKIP","floor":11},{"not_picked":["Rebound","Heatsinks"],"picked":"Doom and Gloom","floor":13},{"not_picked":["Go for the Eyes","Sweeping Beam"],"picked":"Beam Cell","floor":14},{"not_picked":["Stack","Force Field"],"picked":"Gash","floor":15},{"not_picked":["Biased Cognition","Buffer"],"picked":"All For One","floor":16},{"not_picked":["Consume+1","Coolheaded"],"picked":"Static Discharge","floor":18},{"not_picked":["Compile Driver+1","Sweeping Beam"],"picked":"Doom and Gloom","floor":20},{"not_picked":["Steam","Hologram"],"picked":"Sweeping Beam+1","floor":23},{"not_picked":["Go for the Eyes","Hologram"],"picked":"Coolheaded","floor":24},{"not_picked":["Rebound","Reprogram"],"picked":"Lockon","floor":27},{"not_picked":["Leap","BootSequence"],"picked":"Multi-Cast","floor":28},{"not_picked":["White Noise","Stack+1"],"picked":"Static Discharge","floor":29},{"not_picked":["Go for the Eyes","Beam Cell"],"picked":"Ball Lightning","floor":31},{"not_picked":["Reinforced Body","Self Repair"],"picked":"Steam","floor":32}],"player_experience":184270,"relics_obtained":[{"floor":7,"key":"Shuriken"},{"floor":9,"key":"Cables"},{"floor":14,"key":"Anchor"},{"floor":22,"key":"Necronomicon"},{"floor":27,"key":"Peace Pipe"}],"event_choices":[{"damage_healed":0,"gold_gain":0,"player_choice":"Upgraded","damage_taken":0,"max_hp_gain":0,"max_hp_loss":0,"event_name":"Upgrade Shrine","floor":2,"gold_loss":0,"cards_upgraded":["Sweeping Beam"]},{"damage_healed":0,"gold_gain":0,"player_choice":"Grow","damage_taken":0,"max_hp_gain":0,"max_hp_loss":0,"event_name":"Living Wall","floor":12,"gold_loss":0,"cards_upgraded":["Static Discharge"]},{"cards_removed":["Strike_B"],"damage_healed":0,"gold_gain":0,"player_choice":"Gave Gold","damage_taken":0,"max_hp_gain":0,"max_hp_loss":0,"event_name":"Beggar","floor":21,"gold_loss":75},{"damage_healed":0,"gold_gain":0,"player_choice":"Obtained Book","damage_taken":16,"max_hp_gain":0,"max_hp_loss":0,"event_name":"Cursed Tome","floor":22,"gold_loss":0}],"is_beta":false,"boss_relics":[{"not_picked":["Runic Dome","Empty Cage"],"picked":"Fusion Hammer"}],"items_purged_floors":[19,25],"is_endless":false,"potions_floor_spawned":[4,7,14,24,27],"killed_by":"Champ","ascension_level":1}