{"gold_per_floor":[360,360,374,15,29,56,56,84,108,0,0,0,26,42,42,119,119,138,1,1,14,27,27,54,65,65,10,23,23,52,66,66,139,139,155,155,171,171,188,188,221,237,261,277,306,306],"floor_reached":46,"playtime":2751,"items_purged":["Strike_B","Strike_B","Strike_B"],"score":1080,"play_id":"88ee4c34-f13a-4ebd-843a-8ec9470af973","local_time":"20190531234217","is_ascension_mode":true,"campfire_choices":[{"data":"Zap","floor":7.0,"key":"SMITH"},{"data":"Defragment","floor":11.0,"key":"SMITH"},{"floor":15.0,"key":"REST"},{"floor":23.0,"key":"REST"},{"floor":29.0,"key":"REST"},{"floor":32.0,"key":"REST"},{"data":"Chill","floor":40.0,"key":"SMITH"}],"neow_cost":"TEN_PERCENT_HP_LOSS","seed_source_timestamp":238922075371113,"circlet_count":0,"master_deck":["AscendersBane","Zap+1","Dualcast","Zap","Chill+1","Static Discharge","Defragment+1","Coolheaded","Defragment+1","Gash","Compile Driver","Capacitor","Genetic Algorithm","Conserve Battery","Melter","Gash+1","Coolheaded","Coolheaded","Defragment","Capacitor","Blizzard+1","Undo","Electrodynamics","Go for the Eyes","Creative AI","Stack","Fusion","Blizzard","Skim","Echo Form"],"special_seed":0,"relics":["Cracked Core","Art of War","DataDisk","Smiling Mask","Potion Belt","Centennial Puzzle","Black Star","Bag of Preparation","Mummified Hand","WingedGreaves","Anchor","Pandora\u0027s Box","Regal Pillow","Dream Catcher","Cables","Dodecahedron"],"potions_floor_usage":[],"damage_taken":[{"damage":2.0,"enemies":"Jaw Worm","floor":1.0,"turns":3.0},{"damage":0.0,"enemies":"Cultist","floor":3.0,"turns":3.0},{"damage":3.0,"enemies":"Small Slimes","floor":5.0,"turns":3.0},{"damage":7.0,"enemies":"Lagavulin","floor":6.0,"turns":7.0},{"damage":23.0,"enemies":"Gremlin Nob","floor":8.0,"turns":4.0},{"damage":15.0,"enemies":"3 Sentries","floor":13.0,"turns":6.0},{"damage":9.0,"enemies":"Red Slaver","floor":14.0,"turns":3.0},{"damage":21.0,"enemies":"Slime Boss","floor":16.0,"turns":6.0},{"damage":8.0,"enemies":"Chosen","floor":18.0,"turns":5.0},{"damage":20.0,"enemies":"2 Thieves","floor":21.0,"turns":5.0},{"damage":10.0,"enemies":"Snecko","floor":22.0,"turns":5.0},{"damage":15.0,"enemies":"Slavers","floor":24.0,"turns":4.0},{"damage":15.0,"enemies":"Shelled Parasite and Fungi","floor":25.0,"turns":4.0},{"damage":0.0,"enemies":"Snake Plant","floor":28.0,"turns":4.0},{"damage":8.0,"enemies":"Gremlin Leader","floor":30.0,"turns":5.0},{"damage":0.0,"enemies":"Centurion and Healer","floor":31.0,"turns":7.0},{"damage":25.0,"enemies":"Champ","floor":33.0,"turns":18.0},{"damage":1.0,"enemies":"3 Shapes","floor":35.0,"turns":4.0},{"damage":2.0,"enemies":"Orb Walker","floor":37.0,"turns":4.0},{"damage":25.0,"enemies":"Spire Growth","floor":39.0,"turns":5.0},{"damage":21.0,"enemies":"Reptomancer","floor":41.0,"turns":6.0},{"damage":0.0,"enemies":"Sphere and 2 Shapes","floor":42.0,"turns":4.0},{"damage":0.0,"enemies":"4 Shapes","floor":44.0,"turns":3.0},{"damage":11.0,"enemies":"Nemesis","floor":45.0,"turns":7.0},{"damage":42,"enemies":"Reptomancer","floor":46,"turns":2}],"seed_played":"8942062590450129414","potions_obtained":[{"floor":5.0,"key":"Explosive Potion"},{"floor":8.0,"key":"Fruit Juice"},{"floor":13.0,"key":"SpeedPotion"},{"floor":14.0,"key":"Dexterity Potion"},{"floor":18.0,"key":"Block Potion"},{"floor":21.0,"key":"FearPotion"},{"floor":22.0,"key":"Dexterity Potion"},{"floor":28.0,"key":"GamblersBrew"},{"floor":31.0,"key":"Regen Potion"},{"floor":35.0,"key":"SkillPotion"}],"is_trial":false,"path_per_floor":["M","?","M","$","M","E","R","E","T","$","R","?","E","M","R","B",null,"M","$","?","M","M","R","E","M","T","$","M","R","E","M","R","B",null,"M","?","M","?","M","R","E","M","T","M","E","E"],"character_chosen":"DEFECT","items_purchased":["Art of War","Defragment","Coolheaded","Compile Driver","Melter","Weak Potion"],"campfire_rested":4,"item_purchase_floors":[4,4,4,10,19,27],"current_hp_per_floor":[62,62,62,62,59,52,52,29,29,29,29,29,14,10,30,9,54,46,46,46,26,16,36,21,6,6,6,6,26,18,18,38,28,59,58,58,56,79,54,54,33,33,33,33,22,0],"gold":306,"neow_bonus":"TWO_FIFTY_GOLD","is_prod":false,"is_daily":false,"chose_seed":false,"campfire_upgraded":3,"win_rate":0,"timestamp":1559364137,"path_taken":["M","?","M","$","?","E","R","E","T","$","R","?","E","M","R","BOSS","M","?","?","M","M","R","E","M","T","?","M","R","E","M","R","BOSS","M","?","M","?","?","R","E","M","T","M","E","E"],"build_version":"2019-01-23","purchased_purges":3,"victory":false,"max_hp_per_floor":[64,64,64,64,64,64,64,64,64,64,64,64,64,69,69,69,69,69,69,69,69,69,69,69,69,69,69,69,69,69,69,69,69,69,69,69,69,79,79,79,79,79,79,79,79,79],"card_choices":[{"not_picked":["Conserve Battery","Lockon"],"picked":"Ball Lightning","floor":1.0},{"not_picked":["Turbo","Leap"],"picked":"Static Discharge","floor":3.0},{"not_picked":["Skim","Aggregate"],"picked":"Defragment","floor":5.0},{"not_picked":["Hologram","Auto Shields"],"picked":"Gash","floor":6.0},{"not_picked":["Beam Cell","Scrape","Turbo"],"picked":"SKIP","floor":8.0},{"not_picked":["Coolheaded","Doom and Gloom"],"picked":"Capacitor","floor":13.0},{"not_picked":["Sweeping Beam","Steam"],"picked":"Genetic Algorithm","floor":14.0},{"not_picked":["Machine Learning","All For One"],"picked":"Seek","floor":16.0},{"not_picked":["Streamline+1","Steam"],"picked":"Conserve Battery","floor":18.0},{"not_picked":["Rebound","Conserve Battery"],"picked":"Gash+1","floor":21.0},{"not_picked":["Cold Snap","Doom and Gloom+1"],"picked":"Coolheaded","floor":22.0},{"not_picked":["Barrage","Reinforced Body"],"picked":"Coolheaded","floor":24.0},{"not_picked":["Cold Snap","Sweeping Beam+1"],"picked":"Defragment","floor":25.0},{"not_picked":["Sunder","Conserve Battery"],"picked":"Capacitor","floor":28.0},{"not_picked":["Reboot","Steam+1"],"picked":"Blizzard+1","floor":30.0},{"not_picked":["Cold Snap","Melter"],"picked":"Undo","floor":31.0},{"not_picked":["Machine Learning","Amplify"],"picked":"Electrodynamics","floor":33.0},{"not_picked":["Stack","Cold Snap+1"],"picked":"Skim","floor":35.0},{"not_picked":["Go for the Eyes","Rebound","Beam Cell+1"],"picked":"SKIP","floor":37.0},{"not_picked":["Go for the Eyes+1","Tempest","Streamline"],"picked":"SKIP","floor":39.0},{"not_picked":["Coolheaded","Storm+1"],"picked":"Echo Form","floor":41.0},{"not_picked":["Chill","Redo","Coolheaded"],"picked":"SKIP","floor":42.0},{"not_picked":["Melter","Undo","Barrage+1"],"picked":"SKIP","floor":44.0},{"not_picked":["Barrage","Ball Lightning","Coolheaded"],"picked":"SKIP","floor":45.0}],"player_experience":1630768,"relics_obtained":[{"floor":6.0,"key":"DataDisk"},{"floor":8.0,"key":"Smiling Mask"},{"floor":9.0,"key":"Potion Belt"},{"floor":13.0,"key":"Centennial Puzzle"},{"floor":24.0,"key":"Bag of Preparation"},{"floor":24.0,"key":"Mummified Hand"},{"floor":26.0,"key":"WingedGreaves"},{"floor":30.0,"key":"Anchor"},{"floor":41.0,"key":"Regal Pillow"},{"floor":41.0,"key":"Dream Catcher"},{"floor":45.0,"key":"Cables"},{"floor":45.0,"key":"Dodecahedron"}],"event_choices":[{"damage_healed":0.0,"max_hp_gain":0.0,"max_hp_loss":0.0,"gold_gain":0.0,"event_name":"Match and Keep!","player_choice":"2 cards matched","floor":2.0,"gold_loss":0.0,"damage_taken":0.0,"cards_obtained":["Zap","Chill"]},{"damage_healed":0.0,"max_hp_gain":0.0,"max_hp_loss":0.0,"gold_gain":0.0,"event_name":"Upgrade Shrine","player_choice":"Upgraded","floor":12.0,"gold_loss":0.0,"damage_taken":0.0,"cards_upgraded":["Defragment"]},{"damage_healed":0.0,"max_hp_gain":0.0,"max_hp_loss":0.0,"gold_gain":0.0,"event_name":"Beggar","player_choice":"Ignored","floor":20.0,"gold_loss":0.0,"damage_taken":0.0},{"cards_removed":["Ball Lightning"],"damage_healed":0.0,"max_hp_gain":0.0,"max_hp_loss":0.0,"gold_gain":0.0,"event_name":"Falling","player_choice":"Removed Attack","floor":36.0,"gold_loss":0.0,"damage_taken":0.0},{"cards_removed":["Seek"],"damage_healed":13.0,"max_hp_gain":10.0,"max_hp_loss":0.0,"gold_gain":0.0,"event_name":"Bonfire Elementals","player_choice":"Offered Rare","floor":38.0,"gold_loss":0.0,"damage_taken":0.0}],"is_beta":false,"boss_relics":[{"not_picked":["Snecko Eye","Busted Crown"],"picked":"Black Star"},{"not_picked":["White Beast Statue","Calling Bell"],"picked":"Pandora\u0027s Box"}],"items_purged_floors":[4,10,19],"is_endless":false,"potions_floor_spawned":[5,8,13,14,18,21,22,28,31,35],"killed_by":"Reptomancer","ascension_level":20}