{"gold_per_floor":[363,109,119,19,37,37,51,71,94,115,164,182,200,228,228,329,329,348,362,47,58,58,58,58,93,161,161,5,23,49,67,67,167,167,179,190,209,169,181,206,206,52,52,86,86,113,126,153,153,153],"floor_reached":51,"playtime":8161,"items_purged":["Regret","Strike_R"],"score":1290,"play_id":"227d9504-d973-431e-b3b4-79df5b882154","local_time":"20190706175656","is_ascension_mode":true,"campfire_choices":[{"data":"Armaments","floor":6.0,"key":"SMITH"},{"data":"Flame Barrier","floor":15.0,"key":"SMITH"},{"data":"Juggernaut","floor":24.0,"key":"SMITH"},{"data":"Clothesline","floor":27.0,"key":"SMITH"},{"floor":32,"key":"REST"},{"floor":41,"key":"REST"},{"floor":45,"key":"REST"},{"floor":49,"key":"REST"}],"neow_cost":"CURSE","seed_source_timestamp":0,"circlet_count":0,"master_deck":["AscendersBane","Defend_R","Defend_R+1","Bash","Armaments+1","Metallicize","Shockwave","Intimidate","Ghostly Armor","Pommel Strike","Shrug It Off","Flame Barrier+1","Feed+1","Shrug It Off","Juggernaut+1","Evolve+1","Body Slam+1","Bite","Bite","Bite","Bite","Bite","Clothesline+1","Dark Embrace","Shockwave","Corruption","Barricade","Headbutt+1","Clothesline+1","Power Through+1","Body Slam","Havoc+1","Spot Weakness+1","Spot Weakness","Entrench+1","Battle Trance+1","Reckless Charge+1"],"special_seed":0,"relics":["Burning Blood","Happy Flower","Regal Pillow","Odd Mushroom","Art of War","Whetstone","Philosopher\u0027s Stone","Ice Cream","Ancient Tea Set","Bottled Flame","Strawberry","Potion Belt","Black Star","Letter Opener","Bronze Scales","Orichalcum","Vajra","Anchor","Blood Vial","Lantern","War Paint","Centennial Puzzle"],"potions_floor_usage":[30,37,37,39,40,40,44,46,47,48,50,50,50,50],"damage_taken":[{"damage":13.0,"enemies":"2 Louse","floor":1.0,"turns":4.0},{"damage":10.0,"enemies":"Jaw Worm","floor":3.0,"turns":4.0},{"damage":0.0,"enemies":"Cultist","floor":5.0,"turns":4.0},{"damage":3.0,"enemies":"Looter","floor":7.0,"turns":4.0},{"damage":1.0,"enemies":"Exordium Wildlife","floor":8.0,"turns":4.0},{"damage":15.0,"enemies":"The Mushroom Lair","floor":10.0,"turns":6.0},{"damage":0.0,"enemies":"Large Slime","floor":12.0,"turns":8.0},{"damage":0.0,"enemies":"Exordium Thugs","floor":13.0,"turns":6.0},{"damage":5.0,"enemies":"Lagavulin","floor":14.0,"turns":9.0},{"damage":30.0,"enemies":"The Guardian","floor":16.0,"turns":19.0},{"damage":7.0,"enemies":"Chosen","floor":18.0,"turns":5.0},{"damage":1.0,"enemies":"Spheric Guardian","floor":19.0,"turns":5.0},{"damage":8.0,"enemies":"Shelled Parasite and Fungi","floor":21.0,"turns":5.0},{"damage":38.0,"enemies":"Book of Stabbing","floor":25.0,"turns":6.0},{"damage":2.0,"enemies":"Snake Plant","floor":29.0,"turns":3.0},{"damage":56,"enemies":"Gremlin Leader","floor":30,"turns":7},{"damage":11,"enemies":"Centurion and Healer","floor":31,"turns":6},{"damage":65,"enemies":"Collector","floor":33,"turns":12},{"damage":40,"enemies":"Orb Walker","floor":35,"turns":6},{"damage":13,"enemies":"3 Shapes","floor":36,"turns":6},{"damage":65,"enemies":"Spire Growth","floor":37,"turns":6},{"damage":34,"enemies":"3 Darklings","floor":39,"turns":8},{"damage":46,"enemies":"Giant Head","floor":40,"turns":9},{"damage":46,"enemies":"Reptomancer","floor":44,"turns":6},{"damage":32,"enemies":"Nemesis","floor":46,"turns":7},{"damage":31,"enemies":"4 Shapes","floor":47,"turns":5},{"damage":27,"enemies":"Reptomancer","floor":48,"turns":6},{"damage":64,"enemies":"Donu and Deca","floor":50,"turns":8}],"seed_played":"2439312498611829939","potions_obtained":[{"floor":3.0,"key":"SpeedPotion"},{"floor":7.0,"key":"SteroidPotion"},{"floor":10.0,"key":"Block Potion"},{"floor":13.0,"key":"Energy Potion"},{"floor":16.0,"key":"Block Potion"},{"floor":18.0,"key":"Regen Potion"},{"floor":25.0,"key":"BloodPotion"},{"floor":31,"key":"FairyPotion"},{"floor":33,"key":"EssenceOfSteel"},{"floor":35,"key":"AttackPotion"},{"floor":38,"key":"EntropicBrew"},{"floor":38,"key":"EntropicBrew"},{"floor":47,"key":"SkillPotion"},{"floor":48,"key":"EssenceOfSteel"}],"is_trial":false,"path_per_floor":["M","$","M","$","M","R","M","M","T","?","T","M","M","E","R","B",null,"M","M","$","M","?","?","R","E","T","R","$","M","E","M","R","B",null,"M","M","M","?","M","E","R","$","T","E","R","E","M","E","R","B",null],"character_chosen":"IRONCLAD","items_purchased":["Metallicize","Happy Flower","Ice Cream","Strawberry","Spot Weakness","BloodPotion"],"campfire_rested":4,"item_purchase_floors":[2,2,20,28,42,42],"current_hp_per_floor":[65,65,61,61,67,67,70,75,75,66,66,72,78,83,83,59,78,81,86,86,88,64,64,64,40,40,40,47,56,44,56,75,50,69,45,60,16,16,19,21,60,60,60,54,83,70,55,47,89,45],"gold":153,"neow_bonus":"TWO_FIFTY_GOLD","is_prod":false,"is_daily":false,"chose_seed":false,"campfire_upgraded":4,"win_rate":0,"timestamp":1562450216,"path_taken":["M","$","M","$","M","R","M","M","T","?","?","M","M","E","R","BOSS","M","M","$","M","?","?","R","E","T","R","?","M","E","M","R","BOSS","M","M","M","?","M","E","R","?","T","E","R","E","?","E","R","BOSS"],"build_version":"2019-07-05","purchased_purges":2,"victory":true,"max_hp_per_floor":[80,80,80,80,80,80,80,80,80,80,80,80,80,84,84,84,84,88,88,88,92,64,64,64,64,64,64,71,71,71,75,75,75,75,75,79,79,79,79,83,83,83,83,83,83,87,91,91,91,91],"card_choices":[{"not_picked":["Pommel Strike","Reckless Charge"],"picked":"Armaments","floor":1.0},{"not_picked":["Burning Pact","Rampage"],"picked":"Shockwave","floor":3.0},{"not_picked":["Thunderclap","Cleave"],"picked":"Intimidate","floor":5.0},{"not_picked":["Uppercut","Reckless Charge"],"picked":"Ghostly Armor","floor":7.0},{"not_picked":["Infernal Blade","Inflame"],"picked":"Pommel Strike","floor":8.0},{"not_picked":["Intimidate","Sword Boomerang"],"picked":"Shrug It Off","floor":10.0},{"not_picked":["True Grit","Disarm"],"picked":"Flame Barrier","floor":12.0},{"not_picked":["Pommel Strike","Clothesline"],"picked":"Feed","floor":13.0},{"not_picked":["Intimidate","Wild Strike"],"picked":"Shrug It Off","floor":14.0},{"not_picked":["Double Tap","Demon Form"],"picked":"Juggernaut","floor":16.0},{"not_picked":["Wild Strike","Heavy Blade"],"picked":"Evolve+1","floor":18.0},{"not_picked":["Searing Blow","Clash+1","Rupture+1"],"picked":"SKIP","floor":19.0},{"not_picked":["Clash","Armaments+1"],"picked":"Body Slam+1","floor":21.0},{"not_picked":["Thunderclap","Warcry"],"picked":"Shockwave","floor":25.0},{"not_picked":["Clothesline","Perfected Strike","Sentinel"],"picked":"SKIP","floor":29.0},{"not_picked":["Second Wind","Sword Boomerang"],"picked":"Corruption","floor":30},{"not_picked":["Rampage+1","Anger","Bloodletting"],"picked":"SKIP","floor":31},{"not_picked":["Impervious","Double Tap"],"picked":"Barricade","floor":33},{"not_picked":["Shockwave+1","Heavy Blade"],"picked":"Headbutt+1","floor":35},{"not_picked":["Burning Pact","Pommel Strike"],"picked":"Clothesline+1","floor":36},{"not_picked":["Heavy Blade","Havoc+1"],"picked":"Power Through+1","floor":37},{"not_picked":["Hemokinesis","Evolve"],"picked":"Body Slam","floor":39},{"not_picked":["Cleave","Flex"],"picked":"Havoc+1","floor":40},{"not_picked":["Clothesline+1","Sword Boomerang+1"],"picked":"Spot Weakness","floor":44},{"not_picked":["Barricade","Havoc+1"],"picked":"Entrench+1","floor":46},{"not_picked":["Dropkick+1","Iron Wave"],"picked":"Battle Trance+1","floor":47},{"not_picked":["Shockwave+1","Spot Weakness"],"picked":"Reckless Charge+1","floor":48}],"player_experience":396737,"relics_obtained":[{"floor":9.0,"key":"Regal Pillow"},{"floor":10.0,"key":"Odd Mushroom"},{"floor":11.0,"key":"Art of War"},{"floor":14.0,"key":"Whetstone"},{"floor":25.0,"key":"Ancient Tea Set"},{"floor":26.0,"key":"Bottled Flame"},{"floor":30,"key":"Potion Belt"},{"floor":40,"key":"Letter Opener"},{"floor":40,"key":"Bronze Scales"},{"floor":43,"key":"Orichalcum"},{"floor":44,"key":"Vajra"},{"floor":44,"key":"Anchor"},{"floor":46,"key":"Blood Vial"},{"floor":46,"key":"Lantern"},{"floor":48,"key":"War Paint"},{"floor":48,"key":"Centennial Puzzle"}],"event_choices":[{"damage_healed":0.0,"max_hp_gain":0.0,"max_hp_loss":0.0,"gold_gain":0.0,"event_name":"Mushrooms","player_choice":"Fought Mushrooms","floor":10.0,"gold_loss":0.0,"damage_taken":0.0},{"damage_healed":0.0,"max_hp_gain":0.0,"max_hp_loss":28.0,"gold_gain":0.0,"event_name":"Vampires","player_choice":"Became a vampire","floor":22.0,"gold_loss":0.0,"damage_taken":0.0,"cards_obtained":["Bite","Bite","Bite","Bite","Bite"]},{"damage_healed":0.0,"max_hp_gain":0.0,"max_hp_loss":0.0,"gold_gain":0.0,"cards_transformed":["Defend_R","Defend_R"],"event_name":"Drug Dealer","player_choice":"Became Test Subject","floor":23.0,"gold_loss":0.0,"damage_taken":0.0,"cards_obtained":["Clothesline","Dark Embrace"]},{"damage_healed":0,"gold_gain":0,"player_choice":"Bought 3 Potions","damage_taken":0,"max_hp_gain":0,"max_hp_loss":0,"event_name":"The Woman in Blue","floor":38,"gold_loss":0}],"is_beta":false,"boss_relics":[{"not_picked":["Black Blood","Calling Bell"],"picked":"Philosopher\u0027s Stone"},{"not_picked":["Runic Dome","Runic Cube"],"picked":"Black Star"}],"items_purged_floors":[2,4],"is_endless":false,"potions_floor_spawned":[3,7,10,13,16,18,25,31,33,35,47,48],"ascension_level":11}