{"gold_per_floor":[119,131,147,75,94,94,17,17,89,108,108,108,108,119,119,119],"floor_reached":16,"playtime":1949,"items_purged":[],"score":92,"play_id":"53f55bbb-ac5a-4868-8a1c-2ba344a830ef","local_time":"20190625235227","is_ascension_mode":false,"campfire_choices":[{"floor":6,"key":"REST"},{"data":"Feed","floor":8,"key":"SMITH"},{"floor":11,"key":"REST"},{"floor":15,"key":"REST"}],"neow_cost":"","seed_source_timestamp":0,"circlet_count":0,"master_deck":["Strike_R","Strike_R","Strike_R","Strike_R","Strike_R","Defend_R","Defend_R","Defend_R","Defend_R","Bash","Pommel Strike","Inflame","Dual Wield","Feed+1","Fire Breathing","Double Tap","Disarm","Combust"],"special_seed":0,"relics":["Burning Blood","Ornamental Fan","Bronze Scales"],"potions_floor_usage":[16,16,16],"damage_taken":[{"damage":6,"enemies":"Cultist","floor":1,"turns":3},{"damage":19,"enemies":"Jaw Worm","floor":2,"turns":4},{"damage":5,"enemies":"Small Slimes","floor":3,"turns":3},{"damage":22,"enemies":"Exordium Wildlife","floor":5,"turns":4},{"damage":18,"enemies":"Lots of Slimes","floor":10,"turns":4},{"damage":35,"enemies":"Gremlin Gang","floor":14,"turns":4},{"damage":76,"enemies":"The Guardian","floor":16,"turns":9}],"seed_played":"-7476388091002865601","potions_obtained":[{"floor":1,"key":"Fire Potion"},{"floor":5,"key":"Fire Potion"},{"floor":10,"key":"Swift Potion"}],"is_trial":false,"path_per_floor":["M","M","M","$","M","R","$","R","T","M","R","?","?","M","R","B"],"character_chosen":"IRONCLAD","items_purchased":["Feed","Double Tap"],"campfire_rested":3,"item_purchase_floors":[4,7],"current_hp_per_floor":[80,67,68,68,55,79,79,79,79,71,87,69,69,44,71,0],"gold":119,"neow_bonus":"","is_prod":false,"is_daily":false,"chose_seed":false,"campfire_upgraded":1,"win_rate":0.0,"timestamp":1561503147,"path_taken":["M","M","M","$","M","R","?","R","T","M","R","?","?","M","R","BOSS"],"build_version":"2019-01-23","purchased_purges":0,"victory":false,"max_hp_per_floor":[80,80,80,80,83,83,83,83,83,87,87,87,87,91,91,91],"card_choices":[{"not_picked":["Rampage","Pummel"],"picked":"Pommel Strike","floor":1},{"not_picked":["Clothesline","Cleave"],"picked":"Inflame","floor":2},{"not_picked":["Combust","Second Wind"],"picked":"Dual Wield","floor":3},{"not_picked":["Twin Strike","Clothesline"],"picked":"Fire Breathing","floor":5},{"not_picked":["Pummel","Thunderclap"],"picked":"Disarm","floor":10},{"not_picked":["True Grit","Perfected Strike"],"picked":"Combust","floor":14}],"player_experience":0,"relics_obtained":[{"floor":9,"key":"Ornamental Fan"}],"event_choices":[{"damage_healed":0,"gold_gain":0,"player_choice":"Success","damage_taken":18,"relics_obtained":["Bronze Scales"],"max_hp_gain":0,"max_hp_loss":0,"event_name":"Scrap Ooze","floor":12,"gold_loss":0},{"damage_healed":0,"gold_gain":0,"player_choice":"Ignored","damage_taken":0,"max_hp_gain":0,"max_hp_loss":0,"event_name":"Golden Wing","floor":13,"gold_loss":0}],"is_beta":false,"boss_relics":[],"items_purged_floors":[],"is_endless":false,"potions_floor_spawned":[1,5,10],"killed_by":"The Guardian","ascension_level":0}