{"gold_per_floor":[115,134,134,150,169,169,189,189,237,194,222,233,233,249,249,249],"floor_reached":16,"playtime":1567,"items_purged":[],"score":104,"play_id":"85fb5cff-8de1-49f8-acc1-d5f45701732c","local_time":"20190704174305","is_ascension_mode":false,"campfire_choices":[{"data":"Footwork","floor":6,"key":"SMITH"},{"data":"Neutralize","floor":8,"key":"SMITH"},{"floor":15,"key":"REST"}],"neow_cost":"NONE","seed_source_timestamp":1532470847673100,"circlet_count":0,"master_deck":["Strike_G","Strike_G","Strike_G","Strike_G","Strike_G","Defend_G","Defend_G","Defend_G","Defend_G","Defend_G","Survivor","Neutralize+1","Crippling Poison+1","Acrobatics","Outmaneuver","Footwork+1","Escape Plan","Tactician","Dagger Spray","Escape Plan"],"relics":["Ring of the Snake","Oddly Smooth Stone","Sundial"],"potions_floor_usage":[5,11,16],"damage_taken":[{"damage":0,"enemies":"Cultist","floor":1,"turns":5},{"damage":0,"enemies":"Small Slimes","floor":2,"turns":4},{"damage":3,"enemies":"Jaw Worm","floor":4,"turns":3},{"damage":13,"enemies":"Large Slime","floor":5,"turns":9},{"damage":0,"enemies":"2 Fungi Beasts","floor":7,"turns":4},{"damage":1,"enemies":"Lagavulin","floor":11,"turns":8},{"damage":0,"enemies":"Exordium Thugs","floor":12,"turns":6},{"damage":7,"enemies":"Gremlin Gang","floor":14,"turns":3},{"damage":84,"enemies":"Hexaghost","floor":16,"turns":22}],"seed_played":"8555115808485460327","potions_obtained":[{"floor":1,"key":"Fire Potion"},{"floor":4,"key":"SkillPotion"},{"floor":12,"key":"GamblersBrew"}],"is_trial":false,"path_per_floor":["M","M","?","M","M","R","M","R","T","?","E","M","?","M","R","B"],"character_chosen":"THE_SILENT","items_purchased":[],"campfire_rested":1,"item_purchase_floors":[],"current_hp_per_floor":[77,77,77,74,61,61,61,61,61,61,60,60,65,58,82,0],"gold":249,"neow_bonus":"TEN_PERCENT_HP_BONUS","is_prod":false,"is_daily":false,"chose_seed":false,"campfire_upgraded":2,"win_rate":0.0,"timestamp":1562276585,"path_taken":["M","?","?","M","?","R","M","R","T","?","E","M","?","M","R","BOSS"],"build_version":"2019-07-01","purchased_purges":0,"victory":false,"max_hp_per_floor":[77,77,77,77,77,77,77,77,77,77,77,77,82,82,82,82],"card_choices":[{"not_picked":["Outmaneuver","Terror"],"picked":"Crippling Poison","floor":1},{"not_picked":["PiercingWail","Blade Dance"],"picked":"Acrobatics","floor":2},{"not_picked":["Underhanded Strike","Masterful Stab"],"picked":"Outmaneuver","floor":4},{"not_picked":["Prepared","Skewer"],"picked":"Footwork","floor":5},{"not_picked":["PiercingWail","Prepared"],"picked":"Escape Plan","floor":7},{"not_picked":["Dagger Throw","Poisoned Stab"],"picked":"Tactician","floor":11},{"not_picked":["Prepared","Dagger Throw"],"picked":"Dagger Spray","floor":12},{"not_picked":["Sucker Punch","Bane"],"picked":"Escape Plan","floor":14}],"player_experience":44514,"relics_obtained":[{"floor":9,"key":"Oddly Smooth Stone"},{"floor":11,"key":"Sundial"}],"event_choices":[{"damage_healed":0,"gold_gain":0,"player_choice":"Upgraded","damage_taken":0,"max_hp_gain":0,"max_hp_loss":0,"event_name":"Upgrade Shrine","floor":3,"gold_loss":0,"cards_upgraded":["Crippling Poison"]},{"damage_healed":0,"gold_gain":0,"player_choice":"Left Gold","damage_taken":0,"max_hp_gain":0,"max_hp_loss":0,"event_name":"World of Goop","floor":10,"gold_loss":43},{"damage_healed":0,"gold_gain":0,"player_choice":"Donut","damage_taken":0,"max_hp_gain":5,"max_hp_loss":0,"event_name":"Big Fish","floor":13,"gold_loss":0}],"is_beta":false,"boss_relics":[],"items_purged_floors":[],"is_endless":false,"potions_floor_spawned":[1,4,12],"killed_by":"Hexaghost","ascension_level":0}