{"gold_per_floor":[118,135,58,71,71,100,100,119,119,135,135,186,186,202,202,304,304,320,320,334,173,184,184,234,265,341,355,367,383,383],"floor_reached":30,"playtime":2403,"items_purged":[],"score":254,"play_id":"da5bc37f-402f-4b7a-844a-160364705a9b","local_time":"20190704182442","is_ascension_mode":false,"campfire_choices":[{"data":"Self Repair","floor":7,"key":"SMITH"},{"data":"Static Discharge","floor":11,"key":"SMITH"},{"data":"Static Discharge","floor":15,"key":"SMITH"},{"floor":23,"key":"REST"}],"neow_cost":"NONE","seed_source_timestamp":1534131771585600,"circlet_count":0,"master_deck":["Strike_B","Strike_B","Strike_B","Strike_B","Defend_B","Defend_B","Defend_B","Defend_B","Zap","Dualcast","Beam Cell","Self Repair+1","Static Discharge+1","Static Discharge+1","Tempest","Coolheaded","Reinforced Body","Creative AI","Storm+1","PiercingWail","Barrage","White Noise","Hello World","Ball Lightning","Streamline","Barrage+1","Capacitor+1","All For One","Self Repair"],"relics":["Cracked Core","Happy Flower","Darkstone Periapt","Lantern","Unceasing Top","Eternal Feather","Orichalcum","Tiny Chest"],"potions_floor_usage":[16,16,25],"damage_taken":[{"damage":1,"enemies":"Cultist","floor":1,"turns":3},{"damage":0,"enemies":"Small Slimes","floor":2,"turns":2},{"damage":13,"enemies":"Jaw Worm","floor":4,"turns":3},{"damage":20,"enemies":"Gremlin Nob","floor":6,"turns":4},{"damage":0,"enemies":"Large Slime","floor":8,"turns":5},{"damage":6,"enemies":"Red Slaver","floor":10,"turns":4},{"damage":29,"enemies":"Exordium Thugs","floor":14,"turns":6},{"damage":16,"enemies":"The Guardian","floor":16,"turns":13},{"damage":6,"enemies":"Chosen","floor":18,"turns":6},{"damage":27,"enemies":"Shell Parasite","floor":20,"turns":5},{"damage":29,"enemies":"Snake Plant","floor":22,"turns":3},{"damage":16,"enemies":"Gremlin Leader","floor":25,"turns":5},{"damage":3,"enemies":"Snecko","floor":27,"turns":4},{"damage":15,"enemies":"Chosen and Byrds","floor":28,"turns":3},{"damage":29,"enemies":"Shelled Parasite and Fungi","floor":29,"turns":4},{"damage":34,"enemies":"Centurion and Healer","floor":30,"turns":4}],"seed_played":"-8539525468489658212","potions_obtained":[{"floor":1,"key":"PowerPotion"},{"floor":8,"key":"SteroidPotion"},{"floor":10,"key":"Explosive Potion"},{"floor":14,"key":"EssenceOfSteel"},{"floor":22,"key":"Block Potion"}],"is_trial":false,"path_per_floor":["M","M","$","M","?","E","R","M","T","M","R","T","?","M","R","B",null,"M","?","M","$","M","R","?","E","T","M","M","M","M"],"character_chosen":"DEFECT","items_purchased":["Static Discharge","White Noise","Hello World","Ball Lightning"],"campfire_rested":1,"item_purchase_floors":[3,21,21,21],"current_hp_per_floor":[81,81,81,75,75,62,62,72,72,76,76,76,76,57,57,51,82,82,82,55,55,26,65,65,59,59,66,51,32,0],"gold":383,"neow_bonus":"TEN_PERCENT_HP_BONUS","is_prod":false,"is_daily":false,"chose_seed":false,"campfire_upgraded":3,"win_rate":0.0,"timestamp":1562279082,"path_taken":["M","?","?","M","?","E","R","M","T","M","R","?","?","M","R","BOSS","M","?","M","?","M","R","?","E","T","?","M","?","M"],"build_version":"2019-07-01","purchased_purges":0,"victory":false,"max_hp_per_floor":[82,82,82,82,82,82,82,82,82,82,82,82,82,82,82,82,82,82,82,82,82,82,82,82,82,82,82,82,82,82],"card_choices":[{"not_picked":["Consume","Go for the Eyes"],"picked":"Beam Cell","floor":1},{"not_picked":["Auto Shields","Skim"],"picked":"Self Repair","floor":2},{"not_picked":["Ball Lightning","Redo"],"picked":"Static Discharge","floor":4},{"not_picked":["Seek","Undo"],"picked":"Tempest","floor":6},{"not_picked":["Go for the Eyes","Barrage"],"picked":"Coolheaded","floor":8},{"not_picked":["Chaos","Barrage"],"picked":"Reinforced Body","floor":10},{"not_picked":["Sweeping Beam","Lockon"],"picked":"Melter","floor":14},{"not_picked":["Buffer","Multi-Cast"],"picked":"Creative AI","floor":16},{"not_picked":["Redo+1","Hologram+1"],"picked":"Storm+1","floor":18},{"not_picked":["Leap","Go for the Eyes"],"picked":"Barrage","floor":20},{"not_picked":["Compile Driver+1","Leap"],"picked":"Streamline","floor":22},{"not_picked":["Coolheaded+1","Leap"],"picked":"Barrage+1","floor":25},{"not_picked":["Doom and Gloom","Cold Snap"],"picked":"Capacitor+1","floor":27},{"not_picked":["Steam","Chaos"],"picked":"All For One","floor":28},{"not_picked":["Gash","Steam Power"],"picked":"Self Repair","floor":29}],"player_experience":46081,"relics_obtained":[{"floor":6,"key":"Happy Flower"},{"floor":9,"key":"Darkstone Periapt"},{"floor":12,"key":"Lantern"},{"floor":25,"key":"Orichalcum"},{"floor":26,"key":"Tiny Chest"}],"event_choices":[{"damage_healed":0,"gold_gain":0,"player_choice":"Ignored","damage_taken":0,"max_hp_gain":0,"max_hp_loss":0,"event_name":"Liars Game","floor":5,"gold_loss":0},{"damage_healed":0,"gold_gain":0,"player_choice":"Gave Potion","damage_taken":0,"relics_obtained":["Unceasing Top"],"max_hp_gain":0,"max_hp_loss":0,"event_name":"WeMeetAgain","floor":13,"gold_loss":0},{"cards_removed":["Melter"],"damage_healed":0,"gold_gain":0,"player_choice":"Took Card","damage_taken":0,"max_hp_gain":0,"max_hp_loss":0,"event_name":"NoteForYourself","floor":19,"gold_loss":0,"cards_obtained":["PiercingWail"]},{"damage_healed":0,"gold_gain":100,"player_choice":"Bet on Murderer","damage_taken":0,"max_hp_gain":0,"max_hp_loss":0,"event_name":"The Joust","floor":24,"gold_loss":50}],"is_beta":false,"boss_relics":[{"not_picked":["Empty Cage","Snecko Eye"],"picked":"Eternal Feather"}],"items_purged_floors":[],"is_endless":false,"potions_floor_spawned":[1,8,10,14,22],"killed_by":"Centurion and Healer","ascension_level":0}