{"gold_per_floor":[111,36,36,36,50,50,84,104,104,138,159,159,159,109,109,202,202,221,241,241,264,22,22,72,72,118,118],"floor_reached":27,"playtime":836,"items_purged":["Strike_B","Aggregate+1"],"score":438,"play_id":"386d7fc3-33f7-4380-91d8-fb72513af791","local_time":"20190702002811","is_ascension_mode":true,"campfire_choices":[{"data":"Zap","floor":6,"key":"SMITH"},{"data":"Biased Cognition","floor":13,"key":"SMITH"},{"data":"Coolheaded","floor":15,"key":"SMITH"},{"floor":23,"key":"REST"},{"data":"White Noise","floor":25,"key":"SMITH"}],"neow_cost":"PERCENT_DAMAGE","seed_source_timestamp":653505388448711,"circlet_count":0,"master_deck":["AscendersBane","Defend_B","Defend_B","Defend_B","Zap+1","Dualcast","Biased Cognition+1","Ball Lightning","Coolheaded+1","Capacitor","White Noise+1","Ball Lightning","Genetic Algorithm","Echo Form","Conserve Battery+1","Sweeping Beam+1","Loop+1","Gash+1","Undo","Glacier","Self Repair","Doom and Gloom"],"relics":["Cracked Core","Golden Idol","Mercury Hourglass","Gambling Chip","Bottled Tornado","Smiling Mask","Astrolabe","Peace Pipe","Omamori"],"potions_floor_usage":[16,27],"damage_taken":[{"damage":9,"enemies":"Jaw Worm","floor":1,"turns":4},{"damage":3,"enemies":"2 Louse","floor":5,"turns":2},{"damage":16,"enemies":"Lagavulin","floor":7,"turns":5},{"damage":0,"enemies":"Cultist","floor":8,"turns":2},{"damage":6,"enemies":"Gremlin Nob","floor":10,"turns":3},{"damage":2,"enemies":"Blue Slaver","floor":11,"turns":3},{"damage":9,"enemies":"Hexaghost","floor":16,"turns":5},{"damage":15,"enemies":"2 Thieves","floor":18,"turns":4},{"damage":0,"enemies":"Spheric Guardian","floor":19,"turns":3},{"damage":23,"enemies":"Centurion and Healer","floor":21,"turns":6},{"damage":43,"enemies":"Gremlin Leader","floor":27,"turns":4}],"seed_played":"-7017371195699200557","potions_obtained":[{"floor":1,"key":"Swift Potion"},{"floor":10,"key":"LiquidBronze"},{"floor":16,"key":"PowerPotion"}],"is_trial":false,"path_per_floor":["M","?","?","T","M","R","E","M","T","E","M","?","R","$","R","B",null,"M","M","?","M","$","R","?","R","T","E"],"character_chosen":"DEFECT","items_purchased":["Glacier","Self Repair","Doom and Gloom"],"campfire_rested":1,"item_purchase_floors":[22,22,22],"current_hp_per_floor":[37,37,37,37,34,34,18,18,18,12,10,15,15,15,15,6,53,38,38,38,15,15,35,35,35,35,0],"gold":118,"neow_bonus":"THREE_RARE_CARDS","is_prod":false,"is_daily":false,"chose_seed":false,"campfire_upgraded":4,"win_rate":0,"timestamp":1562045291,"path_taken":["M","?","?","?","?","R","E","M","T","E","M","?","R","$","R","BOSS","M","M","?","?","$","R","?","R","T","E"],"build_version":"2019-06-30","purchased_purges":2,"victory":false,"max_hp_per_floor":[71,71,64,64,64,64,64,64,64,64,64,69,69,69,69,69,69,69,69,69,69,69,69,69,69,69,69],"card_choices":[{"not_picked":["Reboot","Thunder Strike"],"picked":"Biased Cognition","floor":0},{"not_picked":["Stack","Coolheaded"],"picked":"Ball Lightning","floor":1},{"not_picked":["Go for the Eyes","Turbo"],"picked":"Coolheaded","floor":5},{"not_picked":["Hologram","Thunder Strike"],"picked":"Capacitor","floor":7},{"not_picked":["Conserve Battery","Hologram"],"picked":"White Noise","floor":8},{"not_picked":["Amplify","Chill"],"picked":"Ball Lightning","floor":10},{"not_picked":["Sunder","Cold Snap"],"picked":"Genetic Algorithm","floor":11},{"not_picked":["Hyperbeam","Machine Learning"],"picked":"Echo Form","floor":16},{"not_picked":["Leap","Hologram"],"picked":"Loop+1","floor":18},{"not_picked":["Ball Lightning","Sweeping Beam"],"picked":"Gash+1","floor":19},{"not_picked":["Doom and Gloom","Chill"],"picked":"Undo","floor":21}],"player_experience":1641761,"relics_obtained":[{"floor":4,"key":"Mercury Hourglass"},{"floor":7,"key":"Gambling Chip"},{"floor":9,"key":"Bottled Tornado"},{"floor":10,"key":"Smiling Mask"},{"floor":26,"key":"Omamori"}],"event_choices":[{"cards_removed":["Strike_B"],"damage_healed":0,"gold_gain":0,"player_choice":"Card Removal","damage_taken":0,"max_hp_gain":0,"max_hp_loss":0,"event_name":"The Cleric","floor":2,"gold_loss":75},{"damage_healed":0,"gold_gain":0,"player_choice":"Lose Max HP","damage_taken":0,"relics_obtained":["Golden Idol"],"max_hp_gain":0,"max_hp_loss":7,"event_name":"Golden Idol","floor":3,"gold_loss":0},{"damage_healed":0,"gold_gain":0,"player_choice":"Donut","damage_taken":0,"max_hp_gain":5,"max_hp_loss":0,"event_name":"Big Fish","floor":12,"gold_loss":0},{"damage_healed":0,"gold_gain":0,"player_choice":"Gave Potion","damage_taken":0,"relics_obtained":["Peace Pipe"],"max_hp_gain":0,"max_hp_loss":0,"event_name":"WeMeetAgain","floor":20,"gold_loss":0},{"damage_healed":0,"gold_gain":50,"player_choice":"Stole From Cult","damage_taken":0,"max_hp_gain":0,"max_hp_loss":0,"event_name":"Nest","floor":24,"gold_loss":0}],"is_beta":true,"boss_relics":[{"not_picked":["Inserter","Orrery"],"picked":"Astrolabe"}],"items_purged_floors":[14,22],"is_endless":false,"potions_floor_spawned":[1,10,16],"killed_by":"Gremlin Leader","ascension_level":20}