{"gold_per_floor":[218,218,40,40,55,86,86,117,117,16,16,33,33,46,46,118,118,128,128,28,45,2,2,2,30,56,56,84,84,110,142,142,219,219,232,232,252,252,86,86,11,40,120,120],"floor_reached":44,"playtime":1452,"items_purged":["Pain","Strike_R+1","Bite"],"score":1096,"play_id":"1c79569a-44ed-46b8-8f9b-eb1052f36696","local_time":"20190630215935","is_ascension_mode":true,"campfire_choices":[{"floor":7,"key":"REST"},{"data":"Hemokinesis","floor":11,"key":"SMITH"},{"data":"Demon Form","floor":13,"key":"SMITH"},{"floor":15,"key":"REST"},{"data":"Whirlwind","floor":23,"key":"SMITH"},{"data":"Armaments","floor":27,"key":"SMITH"},{"floor":32,"key":"REST"},{"data":"Feel No Pain","floor":40,"key":"SMITH"}],"neow_cost":"NONE","seed_source_timestamp":557573686621927,"circlet_count":0,"master_deck":["AscendersBane","Defend_R+1","Defend_R+1","Defend_R+1","Defend_R+1","Bash","Hemokinesis+1","Fiend Fire","Pommel Strike","Demon Form+1","Shrug It Off","Spot Weakness","Limit Break","Heavy Blade","Battle Trance","Whirlwind+1","Bite","Bite","Bite","Armaments+1","Feel No Pain+1","Feed","Combust","Corruption","Feel No Pain"],"relics":["Burning Blood","WarpedTongs","Singing Bowl","Potion Belt","Anchor","Snecko Eye","Ancient Tea Set","Pantograph","Red Mask","Self Forming Clay","Runic Cube","Juzu Bracelet"],"potions_floor_usage":[16,28,31,38,42,44],"damage_taken":[{"damage":15,"enemies":"Small Slimes","floor":1,"turns":4},{"damage":4,"enemies":"Cultist","floor":5,"turns":2},{"damage":43,"enemies":"3 Sentries","floor":6,"turns":8},{"damage":36,"enemies":"Gremlin Nob","floor":8,"turns":4},{"damage":2,"enemies":"2 Louse","floor":12,"turns":1},{"damage":8,"enemies":"Large Slime","floor":14,"turns":3},{"damage":24,"enemies":"Slime Boss","floor":16,"turns":7},{"damage":24,"enemies":"2 Thieves","floor":18,"turns":4},{"damage":8,"enemies":"3 Byrds","floor":21,"turns":5},{"damage":36,"enemies":"Book of Stabbing","floor":25,"turns":4},{"damage":0,"enemies":"Slavers","floor":28,"turns":1},{"damage":32,"enemies":"Masked Bandits","floor":30,"turns":4},{"damage":29,"enemies":"Book of Stabbing","floor":31,"turns":4},{"damage":33,"enemies":"Champ","floor":33,"turns":8},{"damage":15,"enemies":"Orb Walker","floor":35,"turns":4},{"damage":28,"enemies":"3 Shapes","floor":37,"turns":6},{"damage":0,"enemies":"Writhing Mass","floor":38,"turns":1},{"damage":37,"enemies":"Reptomancer","floor":42,"turns":6},{"damage":57,"enemies":"Nemesis","floor":44,"turns":4}],"seed_played":"2952201543117373499","potions_obtained":[{"floor":6,"key":"Strength Potion"},{"floor":8,"key":"LiquidBronze"},{"floor":14,"key":"Fire Potion"},{"floor":18,"key":"Dexterity Potion"},{"floor":25,"key":"Dexterity Potion"},{"floor":31,"key":"Poison Potion"},{"floor":33,"key":"SteroidPotion"},{"floor":35,"key":"SmokeBomb"},{"floor":37,"key":"EssenceOfSteel"}],"is_trial":false,"path_per_floor":["M","?","$","?","M","E","R","E","T","$","R","M","R","M","R","B",null,"M","?","$","M","$","R","?","E","T","R","E","$","?","E","R","B",null,"M","?","M","M","$","R","?","E","T","E"],"character_chosen":"IRONCLAD","items_purchased":["Fiend Fire","Shrug It Off","Whirlwind","Feel No Pain"],"campfire_rested":3,"item_purchase_floors":[3,10,22,39],"current_hp_per_floor":[59,64,64,64,66,29,53,25,25,25,25,31,31,29,54,36,72,54,54,54,52,52,52,52,31,31,31,41,41,27,14,32,47,58,56,56,51,59,59,59,59,38,38,0],"gold":120,"neow_bonus":"HUNDRED_GOLD","is_prod":false,"is_daily":false,"chose_seed":false,"campfire_upgraded":5,"win_rate":0,"timestamp":1561949975,"path_taken":["M","?","$","?","?","E","R","E","T","?","R","M","R","M","R","BOSS","M","?","$","M","$","R","?","E","T","R","E","?","?","E","R","BOSS","M","?","?","M","$","R","?","E","T","E"],"build_version":"2019-06-29","purchased_purges":3,"victory":false,"max_hp_per_floor":[75,80,80,80,80,80,80,82,82,82,82,84,84,84,84,84,84,84,84,84,84,84,84,58,58,58,58,60,60,60,62,62,62,62,65,65,69,69,69,69,69,71,71,71],"card_choices":[{"not_picked":["Havoc","Twin Strike"],"picked":"Hemokinesis","floor":1},{"not_picked":["Rage","Twin Strike"],"picked":"Pommel Strike","floor":5},{"not_picked":["Armaments","Flex"],"picked":"Demon Form","floor":6},{"not_picked":["Headbutt","Heavy Blade","Rampage"],"picked":"Singing Bowl","floor":8},{"not_picked":["Headbutt","Bloodletting","Wild Strike"],"picked":"Singing Bowl","floor":12},{"not_picked":["Clothesline","Dropkick"],"picked":"Spot Weakness","floor":14},{"not_picked":["Bludgeon","Berserk"],"picked":"Limit Break","floor":16},{"not_picked":["Power Through","Flex"],"picked":"Heavy Blade","floor":18},{"not_picked":["Sword Boomerang","Infernal Blade"],"picked":"Battle Trance","floor":21},{"not_picked":["Body Slam","Pommel Strike"],"picked":"Armaments","floor":25},{"not_picked":["Anger","Cleave","Perfected Strike"],"picked":"Singing Bowl","floor":28},{"not_picked":["Perfected Strike","Cleave+1"],"picked":"Feel No Pain","floor":30},{"not_picked":["Second Wind+1","Pommel Strike","Power Through"],"picked":"Singing Bowl","floor":31},{"not_picked":["Brutality","Fiend Fire"],"picked":"Feed","floor":33},{"not_picked":["Warcry","Armaments"],"picked":"Combust","floor":35},{"not_picked":["Body Slam+1","Headbutt"],"picked":"Corruption","floor":37},{"not_picked":["Thunderclap","Pummel+1","Burning Pact"],"picked":"Singing Bowl","floor":42}],"player_experience":1613604,"relics_obtained":[{"floor":6,"key":"Singing Bowl"},{"floor":8,"key":"Potion Belt"},{"floor":9,"key":"Anchor"},{"floor":26,"key":"Ancient Tea Set"},{"floor":28,"key":"Pantograph"},{"floor":30,"key":"Red Mask"},{"floor":31,"key":"Self Forming Clay"},{"floor":42,"key":"Juzu Bracelet"}],"event_choices":[{"damage_healed":0,"gold_gain":0,"player_choice":"Donut","damage_taken":0,"max_hp_gain":5,"max_hp_loss":0,"event_name":"Big Fish","floor":2,"gold_loss":0},{"damage_healed":0,"gold_gain":0,"player_choice":"Rummage","damage_taken":0,"relics_obtained":["WarpedTongs"],"max_hp_gain":0,"max_hp_loss":0,"event_name":"Accursed Blacksmith","floor":4,"gold_loss":0,"cards_obtained":["Pain"]},{"damage_healed":0,"gold_gain":0,"player_choice":"Simplicity","damage_taken":0,"max_hp_gain":0,"max_hp_loss":0,"event_name":"Back to Basics","floor":19,"gold_loss":0,"cards_upgraded":["Strike_R","Strike_R","Strike_R","Strike_R","Strike_R","Defend_R","Defend_R","Defend_R","Defend_R"]},{"damage_healed":0,"gold_gain":0,"player_choice":"Became a vampire","damage_taken":0,"max_hp_gain":0,"max_hp_loss":26,"event_name":"Vampires","floor":24,"gold_loss":0,"cards_obtained":["Bite","Bite","Bite","Bite","Bite"]},{"damage_healed":0,"gold_gain":0,"player_choice":"Fought Bandits","damage_taken":0,"max_hp_gain":0,"max_hp_loss":0,"event_name":"Masked Bandits","floor":30,"gold_loss":0},{"damage_healed":0,"gold_gain":0,"player_choice":"0 cards matched","damage_taken":0,"max_hp_gain":0,"max_hp_loss":0,"event_name":"Match and Keep!","floor":36,"gold_loss":0,"cards_obtained":[]},{"cards_removed":["Bite"],"damage_healed":0,"gold_gain":0,"player_choice":"Single Remove","damage_taken":0,"max_hp_gain":0,"max_hp_loss":0,"event_name":"Designer","floor":41,"gold_loss":75}],"is_beta":true,"boss_relics":[{"not_picked":["Coffee Dripper","Busted Crown"],"picked":"Snecko Eye"},{"not_picked":["Runic Dome","Philosopher\u0027s Stone"],"picked":"Runic Cube"}],"items_purged_floors":[10,20,39],"is_endless":false,"potions_floor_spawned":[6,8,14,18,25,31,33,35,37],"killed_by":"Nemesis","ascension_level":20}