{"gold_per_floor":[117,117,17,17,35,35,50,50,50,67,94,94,113,128,128,226,226,237,336,368,379,76,76,96,96,120,120,120,120,138,138,138,237,237,252,252,263,316,327,327,343,343,343,343,343],"floor_reached":45,"playtime":4462,"items_purged":["Strike_R","Defend_R"],"score":438,"play_id":"1aef8091-bbcd-4eca-ab9b-ac4c684cb1cc","local_time":"20190706185128","is_ascension_mode":false,"campfire_choices":[{"data":"Bash","floor":6.0,"key":"SMITH"},{"data":"Whirlwind","floor":8.0,"key":"SMITH"},{"data":"Flame Barrier","floor":12.0,"key":"SMITH"},{"data":"Evolve","floor":15.0,"key":"SMITH"},{"data":"True Grit","floor":23.0,"key":"SMITH"},{"data":"True Grit","floor":25.0,"key":"SMITH"},{"data":"Shrug It Off","floor":29.0,"key":"SMITH"},{"floor":32.0,"key":"REST"},{"data":"Inflame","floor":40,"key":"SMITH"},{"data":"After Image","floor":44,"key":"SMITH"}],"neow_cost":"NONE","seed_source_timestamp":0,"circlet_count":0,"master_deck":["Strike_R","Defend_R","Defend_R","Defend_R","Bash+1","True Grit+1","True Grit+1","Whirlwind+1","Metallicize+1","Flame Barrier+1","Evolve+1","Impervious","Shrug It Off+1","Inflame+1","Conserve Battery+1","Shame","After Image+1","Purity","Deflect+1","Backflip+1","Spot Weakness+1","Doubt"],"special_seed":0,"relics":["Burning Blood","Darkstone Periapt","Pear","Cursed Key","Red Mask","PrismaticShard","Blood Vial","Coffee Dripper","Du-Vu Doll","Dodecahedron"],"potions_floor_usage":[38,38],"damage_taken":[{"damage":5.0,"enemies":"Jaw Worm","floor":1.0,"turns":5.0},{"damage":4.0,"enemies":"2 Louse","floor":5.0,"turns":4.0},{"damage":2.0,"enemies":"Cultist","floor":7.0,"turns":4.0},{"damage":3.0,"enemies":"Large Slime","floor":10.0,"turns":5.0},{"damage":3.0,"enemies":"Gremlin Nob","floor":11.0,"turns":4.0},{"damage":6.0,"enemies":"Exordium Thugs","floor":13.0,"turns":4.0},{"damage":0.0,"enemies":"3 Louse","floor":14.0,"turns":1.0},{"damage":28.0,"enemies":"The Guardian","floor":16.0,"turns":11.0},{"damage":24.0,"enemies":"Spheric Guardian","floor":18.0,"turns":10.0},{"damage":7.0,"enemies":"Masked Bandits","floor":20.0,"turns":4.0},{"damage":8.0,"enemies":"Shell Parasite","floor":21.0,"turns":6.0},{"damage":8.0,"enemies":"Snecko","floor":24.0,"turns":4.0},{"damage":18.0,"enemies":"Shelled Parasite and Fungi","floor":30.0,"turns":5.0},{"damage":57.0,"enemies":"Champ","floor":33.0,"turns":20.0},{"damage":1,"enemies":"Orb Walker","floor":35,"turns":5},{"damage":0,"enemies":"3 Shapes","floor":37,"turns":15},{"damage":117,"enemies":"2 Orb Walkers","floor":38,"turns":8},{"damage":0,"enemies":"3 Darklings","floor":39,"turns":6},{"damage":29,"enemies":"Transient","floor":41,"turns":5},{"damage":32,"enemies":"Writhing Mass","floor":45,"turns":5}],"seed_played":"-5290624347877038405","potions_obtained":[{"floor":5.0,"key":"Block Potion"},{"floor":11.0,"key":"Regen Potion"},{"floor":13.0,"key":"Poison Potion"},{"floor":14.0,"key":"Poison Potion"},{"floor":16.0,"key":"EssenceOfSteel"},{"floor":18.0,"key":"Regen Potion"},{"floor":21.0,"key":"Energy Potion"},{"floor":24.0,"key":"FairyPotion"},{"floor":33.0,"key":"BloodPotion"},{"floor":37,"key":"Fire Potion"},{"floor":41,"key":"Fire Potion"}],"is_trial":false,"path_per_floor":["M","?","$","?","M","R","M","R","T","M","E","R","M","M","R","B",null,"M","?","?","M","$","R","M","R","T","?","$","R","M","?","R","B",null,"M","?","M","?","M","R","M","?","T","R","M"],"character_chosen":"IRONCLAD","items_purchased":["True Grit","PrismaticShard"],"campfire_rested":1,"item_purchase_floors":[3,22],"current_hp_per_floor":[80,73,73,73,75,75,79,79,79,80,90,90,90,90,90,68,90,72,72,71,69,69,69,67,67,73,73,73,73,63,44,74,40,101,101,101,101,15,23,23,16,16,22,22,0],"gold":343,"neow_bonus":"REMOVE_CARD","is_prod":false,"is_daily":false,"chose_seed":false,"campfire_upgraded":9,"win_rate":0,"timestamp":1562453488,"path_taken":["M","?","$","?","M","R","M","R","T","M","E","R","M","M","R","BOSS","M","?","?","M","$","R","?","R","T","?","$","R","M","?","R","BOSS","M","?","M","?","M","R","M","?","T","R","M"],"build_version":"2019-07-05","purchased_purges":2,"victory":false,"max_hp_per_floor":[80,80,80,80,80,80,80,80,80,80,90,90,90,90,90,90,90,90,90,90,90,90,90,90,90,96,96,96,96,96,101,101,101,101,101,101,101,101,101,101,101,101,107,107,107],"card_choices":[{"not_picked":["Bloodletting","Warcry"],"picked":"True Grit","floor":1.0},{"not_picked":["Sword Boomerang","Clothesline","Armaments"],"picked":"SKIP","floor":5.0},{"not_picked":["Shockwave","Fiend Fire"],"picked":"Whirlwind","floor":7.0},{"not_picked":["Rupture","Clothesline"],"picked":"Metallicize","floor":10.0},{"not_picked":["Armaments","Offering"],"picked":"Flame Barrier","floor":11.0},{"not_picked":["Wild Strike","Rupture"],"picked":"Evolve","floor":13.0},{"not_picked":["Wild Strike","Thunderclap","Infernal Blade"],"picked":"SKIP","floor":14.0},{"not_picked":["Dark Embrace","Double Tap"],"picked":"Impervious","floor":16.0},{"not_picked":["Sword Boomerang+1","Cleave"],"picked":"Shrug It Off","floor":18.0},{"not_picked":["Twin Strike+1","Headbutt"],"picked":"Inflame","floor":20.0},{"not_picked":["Pommel Strike+1","Perfected Strike","True Grit"],"picked":"SKIP","floor":21.0},{"not_picked":["BootSequence","Heavy Blade+1"],"picked":"Conserve Battery+1","floor":24.0},{"not_picked":["Wild Strike","Beam Cell","Ball Lightning"],"picked":"SKIP","floor":30.0},{"not_picked":["Glass Knife","Meteor Strike"],"picked":"After Image","floor":33.0},{"not_picked":["Sucker Punch","Redo","Gash"],"picked":"SKIP","floor":35},{"not_picked":["Forethought","Good Instincts"],"picked":"Purity","floor":36},{"not_picked":["Cloak And Dagger","Blade Dance+1"],"picked":"Deflect+1","floor":37},{"not_picked":["Steam Power+1","Rebound"],"picked":"Backflip+1","floor":38},{"not_picked":["Accuracy+1","Redo+1"],"picked":"Spot Weakness+1","floor":39},{"not_picked":["Cleave","Streamline","Dagger Throw+1"],"picked":"SKIP","floor":41}],"player_experience":79479,"relics_obtained":[{"floor":9.0,"key":"Darkstone Periapt"},{"floor":11.0,"key":"Pear"},{"floor":20.0,"key":"Red Mask"},{"floor":26.0,"key":"Blood Vial"},{"floor":38,"key":"Du-Vu Doll"},{"floor":43,"key":"Dodecahedron"}],"event_choices":[{"cards_removed":["Strike_R"],"damage_healed":0.0,"max_hp_gain":0.0,"max_hp_loss":0.0,"gold_gain":0.0,"event_name":"Golden Wing","player_choice":"Card Removal","floor":2.0,"gold_loss":0.0,"damage_taken":7.0},{"cards_removed":["Strike_R"],"damage_healed":0.0,"max_hp_gain":0.0,"max_hp_loss":0.0,"gold_gain":0.0,"event_name":"Bonfire Elementals","player_choice":"Offered Basic","floor":4.0,"gold_loss":0.0,"damage_taken":0.0},{"damage_healed":0.0,"max_hp_gain":0.0,"max_hp_loss":0.0,"gold_gain":99.0,"event_name":"Nest","player_choice":"Stole From Cult","floor":19.0,"gold_loss":0.0,"damage_taken":0.0},{"damage_healed":0.0,"max_hp_gain":0.0,"max_hp_loss":0.0,"gold_gain":0.0,"event_name":"Masked Bandits","player_choice":"Fought Bandits","floor":20.0,"gold_loss":0.0,"damage_taken":0.0},{"damage_healed":0.0,"max_hp_gain":0.0,"max_hp_loss":0.0,"gold_gain":0.0,"event_name":"The Mausoleum","player_choice":"Ignored","floor":27.0,"gold_loss":0.0,"damage_taken":0.0},{"damage_healed":0.0,"max_hp_gain":5.0,"max_hp_loss":0.0,"gold_gain":0.0,"event_name":"Forgotten Altar","player_choice":"Shed Blood","floor":31.0,"gold_loss":0.0,"damage_taken":24.0},{"damage_healed":0,"gold_gain":0,"player_choice":"Memory 1","damage_taken":0,"max_hp_gain":0,"max_hp_loss":0,"event_name":"SensoryStone","floor":36,"gold_loss":0},{"damage_healed":0,"gold_gain":0,"player_choice":"Fight","damage_taken":0,"max_hp_gain":0,"max_hp_loss":0,"event_name":"Mysterious Sphere","floor":38,"gold_loss":0},{"damage_healed":0,"gold_gain":0,"player_choice":"Upgraded","damage_taken":0,"max_hp_gain":0,"max_hp_loss":0,"event_name":"Upgrade Shrine","floor":42,"gold_loss":0,"cards_upgraded":["Metallicize"]}],"is_beta":false,"boss_relics":[{"not_picked":["Runic Dome","Calling Bell"],"picked":"Cursed Key"},{"not_picked":["Black Star","Astrolabe"],"picked":"Coffee Dripper"}],"items_purged_floors":[3,22],"is_endless":false,"potions_floor_spawned":[5,11,13,14,16,18,21,24,33,37,41],"killed_by":"Writhing Mass","ascension_level":0}