{"gold_per_floor":[112,112,112,128,82,82,82,82,82,92,92,112,4,21,21,117,117,131,231,242,47,57,33,33,43,66,66,66,66,85,85,85,85],"floor_reached":33,"playtime":3316,"items_purged":[],"score":235,"play_id":"b39c5352-87b0-4ade-a6a5-558c2f83cfc8","local_time":"20190706003122","is_ascension_mode":false,"campfire_choices":[{"data":"Predator","floor":6,"key":"SMITH"},{"floor":8,"key":"REST"},{"data":"Finisher","floor":15,"key":"SMITH"},{"floor":24,"key":"REST"},{"floor":28,"key":"REST"},{"floor":32,"key":"REST"}],"neow_cost":"NONE","seed_source_timestamp":10964787646648,"circlet_count":0,"master_deck":["Strike_G","Strike_G","Strike_G","Strike_G","Strike_G","Defend_G","Defend_G","Defend_G","Defend_G","Defend_G","Survivor","Neutralize","Infinite Blades","Predator+1","Flying Knee","Dagger Spray","PiercingWail","Finisher+1","Well Laid Plans","Flying Knee","Wraith Form v2","Deflect","Slice+1","Footwork","Dash","Backstab","Underhanded Strike","Distraction","Backstab"],"relics":["Ring of the Snake","Gremlin Horn","Bird Faced Urn","CultistMask","Lizard Tail","Omamori","Girya","Ninja Scroll"],"potions_floor_usage":[16,18,20,25],"damage_taken":[{"damage":0,"enemies":"Cultist","floor":1,"turns":4},{"damage":3,"enemies":"2 Louse","floor":4,"turns":4},{"damage":0,"enemies":"Jaw Worm","floor":10,"turns":3},{"damage":2,"enemies":"3 Louse","floor":12,"turns":2},{"damage":1,"enemies":"Exordium Thugs","floor":14,"turns":5},{"damage":16,"enemies":"Slime Boss","floor":16,"turns":8},{"damage":16,"enemies":"Shell Parasite","floor":18,"turns":7},{"damage":2,"enemies":"Chosen","floor":20,"turns":4},{"damage":18,"enemies":"Centurion and Healer","floor":22,"turns":9},{"damage":25,"enemies":"3 Cultists","floor":25,"turns":7},{"damage":27,"enemies":"Cultist and Chosen","floor":30,"turns":9},{"damage":181,"enemies":"Collector","floor":33,"turns":14}],"seed_played":"5681226143150894800","potions_obtained":[{"floor":12,"key":"Ancient Potion"},{"floor":16,"key":"PowerPotion"},{"floor":18,"key":"LiquidBronze"}],"is_trial":false,"path_per_floor":["M","?","?","M","$","R","T","R","T","M","?","M","$","M","R","B",null,"M","?","M","$","M","$","R","M","T","?","R","?","M","T","R","B"],"character_chosen":"THE_SILENT","items_purchased":["Flying Knee","Finisher","Well Laid Plans","Footwork","Dash","Dexterity Potion","Underhanded Strike"],"campfire_rested":4,"item_purchase_floors":[5,13,13,21,21,21,23],"current_hp_per_floor":[77,82,82,79,79,79,79,82,82,82,82,80,80,81,81,66,82,70,70,72,72,62,62,82,61,61,61,82,82,57,57,81,0],"gold":85,"neow_bonus":"TEN_PERCENT_HP_BONUS","is_prod":false,"is_daily":false,"chose_seed":false,"campfire_upgraded":2,"win_rate":0.0,"timestamp":1562369482,"path_taken":["M","?","?","M","$","R","?","R","T","M","?","?","?","M","R","BOSS","M","?","M","$","?","?","R","M","T","?","R","?","M","?","R","BOSS"],"build_version":"2019-07-05","purchased_purges":0,"victory":false,"max_hp_per_floor":[77,82,82,82,82,82,82,82,82,82,82,82,82,82,82,82,82,82,82,82,82,82,82,82,82,82,82,82,82,82,82,82,82],"card_choices":[{"not_picked":["Poisoned Stab","Flying Knee"],"picked":"Infinite Blades","floor":1},{"not_picked":["Blade Dance","Slice"],"picked":"Predator","floor":4},{"not_picked":["Prepared","Expertise"],"picked":"Dagger Spray","floor":10},{"not_picked":["Escape Plan","Slice"],"picked":"PiercingWail","floor":12},{"not_picked":["Poisoned Stab","Blade Dance"],"picked":"Flying Knee","floor":14},{"not_picked":["Malaise","Glass Knife"],"picked":"Wraith Form v2","floor":16},{"not_picked":["Backflip","Blade Dance"],"picked":"Deflect","floor":18},{"not_picked":["Sucker Punch","Acrobatics+1"],"picked":"Slice+1","floor":20},{"not_picked":["Infinite Blades","Leg Sweep"],"picked":"Backstab","floor":22},{"not_picked":["Bane","Deadly Poison"],"picked":"Distraction","floor":25},{"not_picked":["Deadly Poison","Infinite Blades"],"picked":"Backstab","floor":30}],"player_experience":58556,"relics_obtained":[{"floor":7,"key":"Gremlin Horn"},{"floor":9,"key":"Bird Faced Urn"},{"floor":26,"key":"Omamori"},{"floor":31,"key":"Ninja Scroll"}],"event_choices":[{"damage_healed":0,"gold_gain":0,"player_choice":"Donut","damage_taken":0,"max_hp_gain":5,"max_hp_loss":0,"event_name":"Big Fish","floor":2,"gold_loss":0},{"damage_healed":0,"gold_gain":0,"player_choice":"Ignored","damage_taken":0,"max_hp_gain":0,"max_hp_loss":0,"event_name":"Golden Wing","floor":3,"gold_loss":0},{"damage_healed":0,"gold_gain":0,"player_choice":"Trade","damage_taken":0,"relics_obtained":["CultistMask"],"max_hp_gain":0,"max_hp_loss":0,"event_name":"FaceTrader","floor":11,"gold_loss":0},{"damage_healed":0,"gold_gain":100,"player_choice":"Pray","damage_taken":0,"max_hp_gain":0,"max_hp_loss":0,"event_name":"Golden Shrine","floor":19,"gold_loss":0},{"damage_healed":0,"gold_gain":0,"player_choice":"Opened","damage_taken":0,"relics_obtained":["Girya"],"max_hp_gain":0,"max_hp_loss":0,"event_name":"The Mausoleum","floor":27,"gold_loss":0,"cards_obtained":["Writhe"]}],"is_beta":false,"boss_relics":[{"not_picked":["Coffee Dripper","Eternal Feather"],"picked":"Lizard Tail"}],"items_purged_floors":[],"is_endless":false,"potions_floor_spawned":[12,16,18],"killed_by":"Collector","ascension_level":0}