{"gold_per_floor":[11,30,30,40,54,54,74,149,149,149,163,163],"floor_reached":12,"playtime":1252,"items_purged":[],"score":86,"play_id":"4c11dee8-48a0-4310-8cf6-f6a8b459f6ad","local_time":"20190710203325","is_ascension_mode":true,"campfire_choices":[{"data":"Dodge and Roll","floor":6.0,"key":"SMITH"},{"floor":10,"key":"REST"}],"neow_cost":"NO_GOLD","seed_source_timestamp":53899441683231,"circlet_count":0,"master_deck":["Strike_G","Strike_G","Strike_G","Strike_G","Strike_G","Defend_G","Defend_G","Defend_G","Defend_G","Survivor","Neutralize","Dodge and Roll+1","Escape Plan","Calculated Gamble","Slice","Calculated Gamble","Escape Plan"],"special_seed":0,"relics":["Ring of the Snake","Unceasing Top","Prayer Wheel"],"potions_floor_usage":[7],"damage_taken":[{"damage":0.0,"enemies":"Small Slimes","floor":1.0,"turns":3.0},{"damage":0.0,"enemies":"2 Louse","floor":2.0,"turns":2.0},{"damage":0.0,"enemies":"Cultist","floor":4.0,"turns":4.0},{"damage":27.0,"enemies":"Exordium Thugs","floor":5.0,"turns":7.0},{"damage":0,"enemies":"Large Slime","floor":7,"turns":7},{"damage":23,"enemies":"Gremlin Gang","floor":11,"turns":5},{"damage":45,"enemies":"Lagavulin","floor":12,"turns":11}],"seed_played":"8222701421128381081","potions_obtained":[{"floor":5.0,"key":"Fire Potion"}],"is_trial":false,"path_per_floor":["M","M","?","M","M","R","M","?","T","R","M","E"],"character_chosen":"THE_SILENT","items_purchased":[],"campfire_rested":1,"item_purchase_floors":[],"current_hp_per_floor":[70,70,70,70,43,43,43,32,32,53,30,0],"gold":163,"neow_bonus":"ONE_RARE_RELIC","is_prod":false,"is_daily":false,"chose_seed":false,"campfire_upgraded":1,"win_rate":0,"timestamp":1562805205,"path_taken":["M","M","?","M","M","R","M","?","T","R","M","E"],"build_version":"2019-07-05","purchased_purges":0,"victory":false,"max_hp_per_floor":[70,70,70,70,70,70,70,70,70,70,70,70],"card_choices":[{"not_picked":["Poisoned Stab","Deadly Poison"],"picked":"Dodge and Roll","floor":1.0},{"not_picked":["Underhanded Strike","Acrobatics"],"picked":"Escape Plan","floor":2.0},{"not_picked":["Underhanded Strike","Blade Dance"],"picked":"Calculated Gamble","floor":4.0},{"not_picked":["Accuracy","Acrobatics","Expertise"],"picked":"SKIP","floor":5.0},{"not_picked":["Bullet Time","Caltrops"],"picked":"Slice","floor":7},{"not_picked":["Flying Knee","Quick Slash"],"picked":"Calculated Gamble","floor":11},{"not_picked":["Well Laid Plans","Quick Slash"],"picked":"Escape Plan","floor":11}],"player_experience":450263,"relics_obtained":[{"floor":9,"key":"Prayer Wheel"}],"event_choices":[{"cards_removed":["Defend_G"],"damage_healed":0.0,"max_hp_gain":0.0,"max_hp_loss":0.0,"gold_gain":0.0,"event_name":"Living Wall","player_choice":"Forget","floor":3.0,"gold_loss":0.0,"damage_taken":0.0},{"damage_healed":0,"gold_gain":75,"player_choice":"Gather Gold","damage_taken":11,"max_hp_gain":0,"max_hp_loss":0,"event_name":"World of Goop","floor":8,"gold_loss":0}],"is_beta":false,"boss_relics":[],"items_purged_floors":[],"is_endless":false,"potions_floor_spawned":[5],"killed_by":"Lagavulin","ascension_level":4}