{"gold_per_floor":[114,114,129,129,144,144,174,189,189,189,189],"floor_reached":11,"playtime":392,"items_purged":[],"score":98,"play_id":"288f331a-8931-4444-b137-707cb93a5edd","local_time":"20190709191019","daily_mods":["Specialized","Red Cards","Lethality"],"is_ascension_mode":false,"campfire_choices":[{"data":"Inflame","floor":6,"key":"SMITH"},{"data":"Cloak And Dagger","floor":10,"key":"SMITH"}],"neow_cost":"","seed_source_timestamp":0,"circlet_count":0,"master_deck":["Strike_G","Strike_G","Strike_G","Strike_G","Strike_G","Defend_G+1","Defend_G","Defend_G","Defend_G","Defend_G","Survivor","Neutralize","Double Tap","Double Tap","Double Tap+1","Double Tap","Double Tap","Inflame+1","Inflame","Regret","PiercingWail","Backflip","Cloak And Dagger+1"],"special_seed":18086,"relics":["Ring of the Snake","Letter Opener","Vajra","The Specimen"],"potions_floor_usage":[],"damage_taken":[{"damage":7,"enemies":"Jaw Worm","floor":1,"turns":5},{"damage":8,"enemies":"2 Louse","floor":3,"turns":3},{"damage":3,"enemies":"Cultist","floor":5,"turns":3},{"damage":30,"enemies":"Lagavulin","floor":7,"turns":7},{"damage":0,"enemies":"Looter","floor":8,"turns":3},{"damage":14,"enemies":"Large Slime","floor":11,"turns":2}],"seed_played":"2934690668443707342","potions_obtained":[{"floor":5,"key":"FearPotion"},{"floor":7,"key":"PowerPotion"}],"is_trial":false,"path_per_floor":["M","?","M","?","M","R","E","M","T","R","M"],"character_chosen":"THE_SILENT","items_purchased":[],"campfire_rested":0,"item_purchase_floors":[],"current_hp_per_floor":[63,49,41,41,38,38,8,8,8,8,0],"gold":189,"neow_bonus":"","is_prod":false,"is_daily":true,"chose_seed":false,"campfire_upgraded":2,"win_rate":0,"timestamp":1562667019,"path_taken":["M","?","M","?","M","R","E","M","T","R","M"],"build_version":"2019-07-05","purchased_purges":0,"victory":false,"max_hp_per_floor":[70,70,70,70,70,70,70,70,70,70,70],"card_choices":[{"not_picked":["Anger","Bouncing Flask"],"picked":"Inflame","floor":1},{"not_picked":["Wild Strike","Dagger Throw"],"picked":"Inflame","floor":3},{"not_picked":["Disarm","Thunderclap"],"picked":"PiercingWail","floor":5},{"not_picked":["Concentrate","Sword Boomerang"],"picked":"Backflip","floor":7},{"not_picked":["Flex","Dagger Throw"],"picked":"Cloak And Dagger","floor":8}],"player_experience":130515,"relics_obtained":[{"floor":7,"key":"Vajra"},{"floor":9,"key":"The Specimen"}],"event_choices":[{"damage_healed":0,"gold_gain":0,"player_choice":"Entered Light","damage_taken":14,"max_hp_gain":0,"max_hp_loss":0,"event_name":"Shining Light","floor":2,"gold_loss":0,"cards_upgraded":["Defend_G","Double Tap"]},{"damage_healed":0,"gold_gain":0,"player_choice":"Box","damage_taken":0,"relics_obtained":["Letter Opener"],"max_hp_gain":0,"max_hp_loss":0,"event_name":"Big Fish","floor":4,"gold_loss":0,"cards_obtained":["Regret"]}],"is_beta":false,"boss_relics":[],"items_purged_floors":[],"is_endless":false,"potions_floor_spawned":[5,7],"killed_by":"Large Slime","ascension_level":0}