{"gold_per_floor":[112,130,130,130,130,130,146,146,146,146,3,32,32,50,50,150,150,170,170,170,19,31,50,62,76,76,93,93,106,106,118,118,222,222,240,640,651,105,122,122,134,134,134,134,151,168,168,222,222,222],"floor_reached":51,"playtime":3714,"items_purged":["Strike_R"],"score":651,"play_id":"55feeae0-5156-4f7f-b46a-455d3e6fa156","local_time":"20190704211429","is_ascension_mode":false,"campfire_choices":[{"data":"Bash","floor":6,"key":"SMITH"},{"data":"Flex","floor":8,"key":"SMITH"},{"data":"1","floor":13,"key":"LIFT"},{"data":"2","floor":15,"key":"LIFT"},{"floor":32,"key":"REST"},{"data":"Limit Break","floor":40,"key":"SMITH"},{"floor":42,"key":"REST"},{"floor":44,"key":"REST"},{"data":"3","floor":47,"key":"LIFT"},{"floor":49,"key":"REST"}],"neow_cost":"NONE","seed_source_timestamp":2861417620419,"circlet_count":0,"master_deck":["Strike_R","Strike_R","Strike_R","Strike_R","Defend_R","Defend_R","Defend_R","Bash+1","Flex+1","Flex","Headbutt","Inflame","Intimidate","Feed","Whirlwind+1","Uppercut","Cleave","Cleave","Shrug It Off","Heavy Blade","RitualDagger","Anger+1","Dual Wield+1","Limit Break+1","Wild Strike+1","Limit Break","Thinking Ahead","Pommel Strike+1"],"relics":["Black Blood","FaceOfCleric","Pantograph","Potion Belt","Girya","Orichalcum","Strawberry","Enchiridion","Busted Crown","Old Coin","Lantern","Bird Faced Urn","Pocketwatch"],"potions_floor_usage":[12,12,12,23,25,31,33,35,39,48,50],"damage_taken":[{"damage":1,"enemies":"Cultist","floor":1,"turns":3},{"damage":7,"enemies":"Small Slimes","floor":2,"turns":4},{"damage":1,"enemies":"Jaw Worm","floor":7,"turns":3},{"damage":31,"enemies":"Lagavulin","floor":12,"turns":4},{"damage":0,"enemies":"Exordium Wildlife","floor":14,"turns":3},{"damage":70,"enemies":"Hexaghost","floor":16,"turns":8},{"damage":28,"enemies":"Shell Parasite","floor":18,"turns":5},{"damage":13,"enemies":"2 Thieves","floor":22,"turns":3},{"damage":8,"enemies":"Chosen and Byrds","floor":23,"turns":4},{"damage":14,"enemies":"Snake Plant","floor":24,"turns":4},{"damage":0,"enemies":"Cultist and Chosen","floor":25,"turns":5},{"damage":30,"enemies":"Shelled Parasite and Fungi","floor":27,"turns":5},{"damage":24,"enemies":"Snake Plant","floor":29,"turns":3},{"damage":4,"enemies":"3 Cultists","floor":31,"turns":4},{"damage":80,"enemies":"Champ","floor":33,"turns":11},{"damage":1,"enemies":"Orb Walker","floor":35,"turns":2},{"damage":40,"enemies":"Mind Bloom Boss Battle","floor":36,"turns":5},{"damage":17,"enemies":"3 Shapes","floor":37,"turns":6},{"damage":10,"enemies":"Spire Growth","floor":39,"turns":3},{"damage":24,"enemies":"Writhing Mass","floor":41,"turns":3},{"damage":0,"enemies":"3 Darklings","floor":45,"turns":2},{"damage":3,"enemies":"4 Shapes","floor":46,"turns":4},{"damage":20,"enemies":"2 Orb Walkers","floor":48,"turns":3},{"damage":68,"enemies":"Time Eater","floor":50,"turns":6}],"seed_played":"7198149665300741515","potions_obtained":[{"floor":0,"key":"Fire Potion"},{"floor":0,"key":"GamblersBrew"},{"floor":0,"key":"BloodPotion"},{"floor":22,"key":"Fire Potion"},{"floor":24,"key":"SkillPotion"},{"floor":29,"key":"LiquidBronze"},{"floor":31,"key":"Weak Potion"},{"floor":33,"key":"SteroidPotion"},{"floor":35,"key":"SpeedPotion"},{"floor":37,"key":"SteroidPotion"},{"floor":46,"key":"Explosive Potion"},{"floor":48,"key":"SteroidPotion"}],"is_trial":false,"path_per_floor":["M","M","?","?","?","R","M","R","T","?","$","E","R","M","R","B",null,"M","?","?","$","M","M","M","M","T","M","?","M","?","M","R","B",null,"M","?","M","$","M","R","M","R","T","R","M","M","R","?","R","B",null],"character_chosen":"IRONCLAD","items_purchased":["Potion Belt","Orichalcum","Lantern","Limit Break","Thinking Ahead"],"campfire_rested":4,"item_purchase_floors":[11,21,38,38,38],"current_hp_per_floor":[80,79,79,84,84,84,86,86,86,86,86,83,83,88,88,25,89,72,90,90,90,88,91,88,94,101,82,76,63,47,57,89,38,108,109,80,77,77,78,78,65,99,99,116,120,124,124,115,125,68],"gold":222,"neow_bonus":"THREE_SMALL_POTIONS","is_prod":false,"is_daily":false,"chose_seed":false,"campfire_upgraded":3,"win_rate":0,"timestamp":1562271269,"path_taken":["M","?","?","?","?","R","?","R","T","?","?","E","R","M","R","BOSS","M","?","?","$","M","M","M","?","T","M","?","M","?","M","R","BOSS","M","?","M","$","M","R","M","R","T","R","M","M","R","?","R","BOSS"],"build_version":"2019-07-01","purchased_purges":1,"victory":true,"max_hp_per_floor":[80,80,80,85,85,85,86,86,86,86,86,87,87,88,88,89,89,90,90,90,90,91,92,93,94,101,102,102,103,103,107,107,108,108,109,110,114,114,115,115,116,116,116,116,120,124,124,125,125,126],"card_choices":[{"not_picked":["Havoc","Cleave"],"picked":"Flex","floor":1},{"not_picked":["Rampage","Clash"],"picked":"Flex","floor":2},{"not_picked":["Clash","Thunderclap"],"picked":"Headbutt","floor":7},{"not_picked":["Clothesline","Wild Strike"],"picked":"Inflame","floor":12},{"not_picked":["Ghostly Armor","Havoc"],"picked":"Intimidate","floor":14},{"not_picked":["Offering","Double Tap"],"picked":"Feed","floor":16},{"not_picked":["Sword Boomerang","Dual Wield"],"picked":"Whirlwind+1","floor":18},{"not_picked":["True Grit+1","Havoc"],"picked":"Uppercut","floor":22},{"not_picked":["Rupture","Sword Boomerang"],"picked":"Cleave","floor":23},{"not_picked":["Hemokinesis+1","Sword Boomerang"],"picked":"Cleave","floor":24},{"not_picked":["Thunderclap","Sentinel"],"picked":"Shrug It Off","floor":25},{"not_picked":["Anger","Second Wind+1"],"picked":"Heavy Blade","floor":27},{"not_picked":["Sword Boomerang","Combust"],"picked":"Anger+1","floor":29},{"not_picked":["Heavy Blade","Rampage+1"],"picked":"Dual Wield+1","floor":31},{"not_picked":["Barricade","Feed"],"picked":"Limit Break","floor":33},{"not_picked":["Body Slam"],"picked":"SKIP","floor":35},{"not_picked":[],"picked":"Wild Strike+1","floor":37},{"not_picked":[],"picked":"Pommel Strike+1","floor":39},{"not_picked":["Havoc"],"picked":"SKIP","floor":41},{"not_picked":["Pommel Strike"],"picked":"SKIP","floor":45},{"not_picked":["Anger+1"],"picked":"SKIP","floor":46}],"player_experience":50513,"relics_obtained":[{"floor":9,"key":"Pantograph"},{"floor":12,"key":"Girya"},{"floor":26,"key":"Strawberry"},{"floor":30,"key":"Enchiridion"},{"floor":36,"key":"Old Coin"},{"floor":43,"key":"Bird Faced Urn"},{"floor":48,"key":"Pocketwatch"}],"event_choices":[{"damage_healed":0,"gold_gain":0,"player_choice":"Ignored","damage_taken":0,"max_hp_gain":0,"max_hp_loss":0,"event_name":"Shining Light","floor":3,"gold_loss":0},{"damage_healed":0,"gold_gain":0,"player_choice":"Donut","damage_taken":0,"max_hp_gain":5,"max_hp_loss":0,"event_name":"Big Fish","floor":4,"gold_loss":0},{"damage_healed":0,"gold_gain":0,"player_choice":"Trade","damage_taken":0,"relics_obtained":["FaceOfCleric"],"max_hp_gain":0,"max_hp_loss":0,"event_name":"FaceTrader","floor":5,"gold_loss":0},{"damage_healed":0,"gold_gain":0,"player_choice":"Ignored","damage_taken":0,"max_hp_gain":0,"max_hp_loss":0,"event_name":"Golden Idol","floor":10,"gold_loss":0},{"damage_healed":30,"gold_gain":0,"player_choice":"Heal","damage_taken":0,"max_hp_gain":0,"max_hp_loss":0,"event_name":"The Library","floor":19,"gold_loss":0},{"cards_removed":["Defend_R"],"damage_healed":0,"gold_gain":0,"player_choice":"Card Removal","damage_taken":0,"max_hp_gain":0,"max_hp_loss":0,"event_name":"Wheel of Change","floor":20,"gold_loss":0},{"damage_healed":0,"gold_gain":0,"player_choice":"Joined the Cult","damage_taken":6,"max_hp_gain":0,"max_hp_loss":0,"event_name":"Nest","floor":28,"gold_loss":0,"cards_obtained":["RitualDagger"]},{"damage_healed":0,"gold_gain":0,"player_choice":"Obtained Book","damage_taken":16,"max_hp_gain":0,"max_hp_loss":0,"event_name":"Cursed Tome","floor":30,"gold_loss":0},{"damage_healed":0,"gold_gain":0,"player_choice":"Fight","damage_taken":0,"max_hp_gain":0,"max_hp_loss":0,"event_name":"MindBloom","floor":36,"gold_loss":0},{"damage_healed":0,"gold_gain":0,"player_choice":"Fight","damage_taken":0,"max_hp_gain":0,"max_hp_loss":0,"event_name":"Mysterious Sphere","floor":48,"gold_loss":0}],"is_beta":false,"boss_relics":[{"not_picked":["Runic Cube","Runic Dome"],"picked":"Black Blood"},{"not_picked":["Orrery","White Beast Statue"],"picked":"Busted Crown"}],"items_purged_floors":[38],"is_endless":false,"potions_floor_spawned":[1,7,22,24,29,31,33,35,37,46,48],"ascension_level":0}