{"gold_per_floor":[113,38,56,68,86,113,133,133,133,195,195,210,228,65,65,170,170,180,59,59,77,77,102,136,136,136,43,60,89,103,121,121,219,219,232,232,15,34,46,76,76],"floor_reached":41,"playtime":1888,"items_purged":["Strike_R"],"score":490,"play_id":"71b2f96c-77cc-4938-b186-763fe79f1939","local_time":"20190711164341","is_ascension_mode":false,"campfire_choices":[{"data":"Havoc","floor":8,"key":"SMITH"},{"data":"Pommel Strike","floor":11,"key":"SMITH"},{"data":"Carnage","floor":15,"key":"SMITH"},{"data":"Bash","floor":25,"key":"SMITH"},{"data":"Immolate","floor":32,"key":"SMITH"}],"neow_cost":"TEN_PERCENT_HP_LOSS","seed_source_timestamp":76298848356552,"circlet_count":0,"master_deck":["Strike_R","Strike_R","Strike_R","Strike_R","Defend_R+1","Defend_R+1","Defend_R","Defend_R","Bash+1","Burning Pact","Pommel Strike+1","Clash","Havoc+1","Havoc+1","Havoc+1","Carnage+1","Exhume+1","Finesse+1","Seeing Red+1","Cleave+1","Rampage","Evolve+1","Sentinel+1","Pommel Strike","Pommel Strike","Immolate+1","Dropkick","Clothesline+1","Dark Embrace","Headbutt","Violence+1","Clothesline","Armaments+1","Metallicize+1","Double Tap+1"],"relics":["Burning Blood","Thread and Needle","StoneCalendar","Toxic Egg 2","Pantograph","Coffee Dripper","Enchiridion","Dodecahedron","Red Mask","Question Card","War Paint","Black Star","Meat on the Bone","Boot"],"potions_floor_usage":[10,10,10,16,29,29,29,31,33,40,40],"damage_taken":[{"damage":0,"enemies":"Small Slimes","floor":1,"turns":3},{"damage":0,"enemies":"Jaw Worm","floor":3,"turns":3},{"damage":2,"enemies":"Cultist","floor":4,"turns":3},{"damage":14,"enemies":"2 Fungi Beasts","floor":5,"turns":3},{"damage":32,"enemies":"Gremlin Nob","floor":6,"turns":5},{"damage":8,"enemies":"Exordium Wildlife","floor":7,"turns":4},{"damage":0,"enemies":"Gremlin Nob","floor":10,"turns":3},{"damage":12,"enemies":"Gremlin Gang","floor":12,"turns":4},{"damage":0,"enemies":"2 Fungi Beasts","floor":13,"turns":3},{"damage":46,"enemies":"Hexaghost","floor":16,"turns":8},{"damage":14,"enemies":"2 Thieves","floor":18,"turns":3},{"damage":0,"enemies":"Spheric Guardian","floor":21,"turns":1},{"damage":35,"enemies":"Book of Stabbing","floor":23,"turns":6},{"damage":2,"enemies":"Masked Bandits","floor":24,"turns":3},{"damage":4,"enemies":"3 Cultists","floor":28,"turns":3},{"damage":16,"enemies":"Gremlin Leader","floor":29,"turns":4},{"damage":0,"enemies":"Snecko","floor":30,"turns":2},{"damage":0,"enemies":"Chosen and Byrds","floor":31,"turns":3},{"damage":8,"enemies":"Champ","floor":33,"turns":6},{"damage":3,"enemies":"3 Darklings","floor":35,"turns":4},{"damage":0,"enemies":"Orb Walker","floor":38,"turns":2},{"damage":21,"enemies":"Sphere and 2 Shapes","floor":39,"turns":3},{"damage":66,"enemies":"Nemesis","floor":40,"turns":7},{"damage":14,"enemies":"4 Shapes","floor":41,"turns":3}],"seed_played":"5058873566671151531","potions_obtained":[{"floor":1,"key":"AttackPotion"},{"floor":3,"key":"Poison Potion"},{"floor":4,"key":"PowerPotion"},{"floor":13,"key":"BloodPotion"},{"floor":20,"key":"Energy Potion"},{"floor":20,"key":"Poison Potion"},{"floor":20,"key":"LiquidBronze"},{"floor":28,"key":"PowerPotion"},{"floor":29,"key":"SkillPotion"},{"floor":31,"key":"SteroidPotion"},{"floor":33,"key":"Regen Potion"},{"floor":35,"key":"SteroidPotion"},{"floor":39,"key":"Swift Potion"}],"is_trial":false,"path_per_floor":["M","$","M","M","M","E","M","R","T","?","R","M","M","$","R","B",null,"M","$","?","M","?","E","?","R","T","$","M","E","M","M","R","B",null,"M","?","$","M","M","E","M"],"character_chosen":"IRONCLAD","items_purchased":["Exhume+1","Finesse+1","Seeing Red+1","Sentinel+1","Pommel Strike","Violence+1","Clothesline"],"campfire_rested":0,"item_purchase_floors":[14,19,19,27,27,37,37],"current_hp_per_floor":[72,72,72,72,64,38,36,36,36,42,42,36,42,42,42,45,72,64,64,64,70,54,25,29,29,29,29,31,21,27,33,33,56,72,72,72,72,72,57,11,0],"gold":76,"neow_bonus":"ONE_RARE_RELIC","is_prod":false,"is_daily":false,"chose_seed":false,"campfire_upgraded":5,"win_rate":0,"timestamp":1562827421,"path_taken":["M","$","M","M","M","E","M","R","T","?","R","M","M","$","R","BOSS","M","$","?","?","?","E","?","R","T","?","M","E","M","M","R","BOSS","M","?","$","M","?","E","M"],"build_version":"2019-07-05","purchased_purges":1,"victory":false,"max_hp_per_floor":[72,72,72,72,72,72,72,72,72,72,72,72,72,72,72,72,72,72,72,72,72,72,72,72,72,72,72,72,72,72,72,72,72,72,72,72,72,72,72,72,72],"card_choices":[{"not_picked":["Inflame","Cleave","Second Wind"],"picked":"SKIP","floor":1},{"not_picked":["Iron Wave","Shockwave"],"picked":"Burning Pact","floor":3},{"not_picked":["Iron Wave","Bloodletting"],"picked":"Pommel Strike","floor":4},{"not_picked":["Armaments","Thunderclap","Cleave"],"picked":"SKIP","floor":5},{"not_picked":["Inflame","Wild Strike"],"picked":"Clash","floor":6},{"not_picked":["Clothesline","Power Through"],"picked":"Havoc","floor":7},{"not_picked":["Headbutt","Cleave"],"picked":"Havoc+1","floor":10},{"not_picked":["Thunderclap","Headbutt"],"picked":"Havoc+1","floor":12},{"not_picked":["Combust","Warcry+1"],"picked":"Carnage","floor":13},{"not_picked":["Corruption+1","Twin Strike","True Grit+1"],"picked":"SKIP","floor":18},{"not_picked":["Bloodletting+1","Rupture"],"picked":"Cleave+1","floor":21},{"not_picked":["Infernal Blade+1","Iron Wave+1"],"picked":"Rampage","floor":23},{"not_picked":["Flame Barrier+1","Immolate"],"picked":"Evolve+1","floor":24},{"not_picked":["Thunderclap","Flex+1","Heavy Blade"],"picked":"Pommel Strike","floor":28},{"not_picked":["Flex+1","Shrug It Off+1","Sword Boomerang"],"picked":"Immolate","floor":29},{"not_picked":["Iron Wave","Sword Boomerang","Battle Trance+1"],"picked":"Dropkick","floor":30},{"not_picked":["Burning Pact+1","Evolve","Cleave"],"picked":"Clothesline+1","floor":31},{"not_picked":["Bludgeon","Barricade","Exhume+1"],"picked":"Dark Embrace","floor":33},{"not_picked":["Armaments+1","Twin Strike","Rupture+1"],"picked":"Headbutt","floor":35},{"not_picked":["Shrug It Off+1","Clash+1","Cleave"],"picked":"Armaments+1","floor":38},{"not_picked":["Battle Trance+1","Burning Pact+1","Flex+1"],"picked":"Metallicize+1","floor":39},{"not_picked":["Feel No Pain","Uppercut+1","True Grit+1"],"picked":"Double Tap+1","floor":40}],"player_experience":24265,"relics_obtained":[{"floor":6,"key":"StoneCalendar"},{"floor":9,"key":"Toxic Egg 2"},{"floor":10,"key":"Pantograph"},{"floor":22,"key":"Enchiridion"},{"floor":23,"key":"Dodecahedron"},{"floor":24,"key":"Red Mask"},{"floor":26,"key":"Question Card"},{"floor":29,"key":"War Paint"},{"floor":40,"key":"Meat on the Bone"},{"floor":40,"key":"Boot"}],"event_choices":[{"damage_healed":0,"gold_gain":0,"player_choice":"Searched \u00272\u0027 times","damage_taken":0,"max_hp_gain":0,"max_hp_loss":0,"event_name":"Dead Adventurer","floor":10,"gold_loss":0},{"damage_healed":0,"gold_gain":0,"player_choice":"Got Potions","damage_taken":0,"max_hp_gain":0,"max_hp_loss":0,"event_name":"Lab","floor":20,"gold_loss":0},{"damage_healed":0,"gold_gain":0,"player_choice":"Obtained Book","damage_taken":16,"max_hp_gain":0,"max_hp_loss":0,"event_name":"Cursed Tome","floor":22,"gold_loss":0},{"damage_healed":0,"gold_gain":0,"player_choice":"Fought Bandits","damage_taken":0,"max_hp_gain":0,"max_hp_loss":0,"event_name":"Masked Bandits","floor":24,"gold_loss":0},{"damage_healed":0,"gold_gain":0,"player_choice":"Ignored","damage_taken":0,"max_hp_gain":0,"max_hp_loss":0,"event_name":"SecretPortal","floor":36,"gold_loss":0}],"is_beta":false,"boss_relics":[{"not_picked":["Snecko Eye","Runic Dome"],"picked":"Coffee Dripper"},{"not_picked":["Cursed Key","Fusion Hammer"],"picked":"Black Star"}],"items_purged_floors":[2],"is_endless":false,"potions_floor_spawned":[1,3,4,7,13,23,28,29,31,33,35,39],"killed_by":"4 Shapes","ascension_level":0}