{"gold_per_floor":[109,124,138,158,177,204,204,77,129,146,166,20,20,32,32,133,133,150,180,105,124,138,138,93,93,93,93,110,130,130,144,144,243,243,258,271,288,288,302,302,132,143,143,143,143,365,365,383,383,383],"floor_reached":51,"playtime":4732,"items_purged":["Strike_R","Strike_R","Normality"],"score":748,"play_id":"abdf1eac-c4ae-41c0-8be9-494c4fee1025","local_time":"20190712173457","is_ascension_mode":true,"campfire_choices":[{"data":"Barricade","floor":7,"key":"SMITH"},{"data":"Armaments","floor":15,"key":"SMITH"},{"data":"Body Slam","floor":23,"key":"SMITH"},{"data":"Entrench","floor":25,"key":"SMITH"},{"data":"Armaments","floor":32,"key":"SMITH"},{"data":"Entrench","floor":40,"key":"SMITH"},{"data":"Body Slam","floor":44,"key":"SMITH"},{"data":"Clothesline","floor":47,"key":"SMITH"},{"data":"Ghostly Armor","floor":49,"key":"SMITH"}],"neow_cost":"NONE","seed_source_timestamp":29652764242300,"circlet_count":0,"master_deck":["Strike_R+1","Defend_R+1","Defend_R+1","Defend_R+1","Defend_R+1","Bash+1","Pommel Strike+1","Headbutt+1","Flame Barrier+1","Headbutt+1","Body Slam+1","Barricade+1","Armaments+1","Carnage+1","Pommel Strike+1","Entrench+1","Juggernaut+1","Flame Barrier+1","Carnage+1","Clothesline+1","Shrug It Off+1","Battle Trance+1","Intimidate+1","Armaments+1","Ghostly Armor+1","Impervious+1","Shrug It Off+1","Shrug It Off+1","Entrench+1","Clothesline+1","Body Slam+1","Ghostly Armor+1"],"relics":["Burning Blood","Lantern","Centennial Puzzle","Kunai","Cursed Key","Red Mask","Pocketwatch","Coffee Dripper","Mark of the Bloom"],"potions_floor_usage":[5,6,28,28,35,50,50],"damage_taken":[{"damage":6,"enemies":"Cultist","floor":1,"turns":4},{"damage":5,"enemies":"Small Slimes","floor":2,"turns":3},{"damage":3,"enemies":"2 Louse","floor":3,"turns":2},{"damage":7,"enemies":"Looter","floor":4,"turns":4},{"damage":10,"enemies":"Gremlin Gang","floor":5,"turns":5},{"damage":28,"enemies":"Gremlin Nob","floor":6,"turns":4},{"damage":21,"enemies":"Exordium Wildlife","floor":10,"turns":6},{"damage":0,"enemies":"Large Slime","floor":11,"turns":4},{"damage":5,"enemies":"3 Louse","floor":14,"turns":3},{"damage":10,"enemies":"The Guardian","floor":16,"turns":10},{"damage":3,"enemies":"2 Thieves","floor":18,"turns":4},{"damage":28,"enemies":"Masked Bandits","floor":19,"turns":5},{"damage":0,"enemies":"Spheric Guardian","floor":21,"turns":3},{"damage":1,"enemies":"Cultist and Chosen","floor":22,"turns":7},{"damage":18,"enemies":"Snake Plant","floor":28,"turns":3},{"damage":4,"enemies":"Shelled Parasite and Fungi","floor":29,"turns":5},{"damage":0,"enemies":"Centurion and Healer","floor":31,"turns":4},{"damage":12,"enemies":"Collector","floor":33,"turns":11},{"damage":40,"enemies":"3 Darklings","floor":35,"turns":6},{"damage":0,"enemies":"3 Shapes","floor":36,"turns":4},{"damage":5,"enemies":"Sphere and 2 Shapes","floor":37,"turns":5},{"damage":10,"enemies":"Maw","floor":39,"turns":6},{"damage":18,"enemies":"3 Darklings","floor":42,"turns":7},{"damage":0,"enemies":"Spire Growth","floor":48,"turns":3},{"damage":0,"enemies":"Donu and Deca","floor":50,"turns":8}],"seed_played":"-3591251067361068288","potions_obtained":[{"floor":1,"key":"Poison Potion"},{"floor":3,"key":"Explosive Potion"},{"floor":10,"key":"LiquidBronze"},{"floor":11,"key":"Weak Potion"},{"floor":16,"key":"AttackPotion"},{"floor":21,"key":"Poison Potion"},{"floor":22,"key":"GamblersBrew"},{"floor":31,"key":"Swift Potion"},{"floor":33,"key":"Dexterity Potion"},{"floor":36,"key":"SkillPotion"},{"floor":37,"key":"GamblersBrew"},{"floor":42,"key":"Dexterity Potion"}],"is_trial":false,"path_per_floor":["M","M","M","M","M","E","R","$","T","M","M","$","?","M","R","B",null,"M","?","?","M","M","R","$","R","T","?","M","M","T","M","R","B",null,"M","M","M","?","M","R","$","M","T","R","?","?","R","M","R","B",null],"character_chosen":"IRONCLAD","items_purchased":["Armaments","Pommel Strike","Shrug It Off","Clothesline"],"campfire_rested":0,"item_purchase_floors":[8,12,24,41],"current_hp_per_floor":[80,80,80,79,75,53,53,53,53,38,44,44,44,45,45,41,80,80,58,58,64,69,69,69,69,69,69,57,59,59,65,65,59,80,46,52,53,53,43,43,43,25,25,25,25,25,25,25,25,25],"gold":383,"neow_bonus":"REMOVE_CARD","is_prod":false,"is_daily":false,"chose_seed":false,"campfire_upgraded":9,"win_rate":0,"timestamp":1562920497,"path_taken":["M","?","M","M","M","E","R","$","T","M","M","$","?","M","R","BOSS","M","?","?","M","M","R","$","R","T","?","M","M","?","M","R","BOSS","M","M","?","?","M","R","$","M","T","R","?","?","R","M","R","BOSS"],"build_version":"2019-07-05","purchased_purges":3,"victory":true,"max_hp_per_floor":[80,80,80,80,80,80,80,80,80,80,80,80,80,80,80,80,80,80,80,80,80,80,80,80,80,80,80,80,80,80,80,80,80,80,80,80,80,80,80,80,80,80,80,80,76,76,76,76,76,76],"card_choices":[{"not_picked":["Iron Wave","Pummel"],"picked":"Pommel Strike","floor":1},{"not_picked":["Havoc","Blood for Blood"],"picked":"Headbutt","floor":2},{"not_picked":["Warcry","Perfected Strike"],"picked":"Flame Barrier","floor":3},{"not_picked":["Thunderclap","Clash"],"picked":"Headbutt","floor":4},{"not_picked":["Warcry","Burning Pact"],"picked":"Body Slam","floor":5},{"not_picked":["Perfected Strike","Carnage"],"picked":"Barricade","floor":6},{"not_picked":["Pummel","Clash"],"picked":"Carnage","floor":10},{"not_picked":["Fire Breathing","Twin Strike","Anger"],"picked":"SKIP","floor":11},{"not_picked":["Spot Weakness","Heavy Blade"],"picked":"Entrench","floor":14},{"not_picked":["Bludgeon","Barricade"],"picked":"Juggernaut","floor":16},{"not_picked":["Twin Strike","Heavy Blade"],"picked":"Flame Barrier","floor":18},{"not_picked":["Whirlwind","Clothesline"],"picked":"Carnage+1","floor":19},{"not_picked":["Sever Soul","Perfected Strike"],"picked":"Clothesline+1","floor":21},{"not_picked":["Spot Weakness","Havoc","Pommel Strike"],"picked":"SKIP","floor":22},{"not_picked":["Pommel Strike","Bloodletting"],"picked":"Intimidate","floor":28},{"not_picked":["Blood for Blood","Feel No Pain"],"picked":"Armaments","floor":29},{"not_picked":["Warcry","Wild Strike"],"picked":"Ghostly Armor+1","floor":31},{"not_picked":["Demon Form","Fiend Fire"],"picked":"Impervious","floor":33},{"not_picked":["Iron Wave+1","Heavy Blade+1","Evolve+1"],"picked":"SKIP","floor":35},{"not_picked":["Warcry","Clothesline+1"],"picked":"Shrug It Off","floor":36},{"not_picked":["Armaments+1","Dropkick"],"picked":"Shrug It Off+1","floor":37},{"not_picked":["Flex","Cleave"],"picked":"Entrench","floor":39},{"not_picked":["Dropkick","Seeing Red+1"],"picked":"Body Slam","floor":42},{"not_picked":["Feel No Pain+1","Armaments"],"picked":"Ghostly Armor","floor":48}],"player_experience":124508,"relics_obtained":[{"floor":6,"key":"Lantern"},{"floor":9,"key":"Centennial Puzzle"},{"floor":19,"key":"Red Mask"},{"floor":30,"key":"Pocketwatch"}],"event_choices":[{"damage_healed":0,"gold_gain":0,"player_choice":"Gave Potion","damage_taken":0,"relics_obtained":["Kunai"],"max_hp_gain":0,"max_hp_loss":0,"event_name":"WeMeetAgain","floor":13,"gold_loss":0},{"damage_healed":0,"gold_gain":0,"player_choice":"Fought Bandits","damage_taken":0,"max_hp_gain":0,"max_hp_loss":0,"event_name":"Masked Bandits","floor":19,"gold_loss":0},{"cards_removed":["Strike_R"],"damage_healed":0,"gold_gain":0,"player_choice":"Gave Gold","damage_taken":0,"max_hp_gain":0,"max_hp_loss":0,"event_name":"Beggar","floor":20,"gold_loss":75},{"damage_healed":0,"gold_gain":0,"player_choice":"Read","damage_taken":0,"max_hp_gain":0,"max_hp_loss":0,"event_name":"The Library","floor":27,"gold_loss":0,"cards_obtained":["Battle Trance"]},{"damage_healed":0,"gold_gain":0,"player_choice":"Upgrade","damage_taken":0,"relics_obtained":["Mark of the Bloom"],"max_hp_gain":0,"max_hp_loss":0,"event_name":"MindBloom","floor":38,"gold_loss":0,"cards_upgraded":["Strike_R","Defend_R","Defend_R","Defend_R","Defend_R","Bash","Pommel Strike","Headbutt","Flame Barrier","Headbutt","Carnage","Pommel Strike","Juggernaut","Flame Barrier","Shrug It Off","Battle Trance","Intimidate","Impervious","Shrug It Off"]},{"damage_healed":0,"gold_gain":0,"player_choice":"Max HP","damage_taken":0,"max_hp_gain":0,"max_hp_loss":4,"event_name":"Winding Halls","floor":45,"gold_loss":0},{"damage_healed":0,"gold_gain":222,"player_choice":"Wore Mask","damage_taken":0,"max_hp_gain":0,"max_hp_loss":0,"event_name":"Tomb of Lord Red Mask","floor":46,"gold_loss":0}],"is_beta":false,"boss_relics":[{"not_picked":["Eternal Feather","Mark of Pain"],"picked":"Cursed Key"},{"not_picked":["Runic Dome","Calling Bell"],"picked":"Coffee Dripper"}],"items_purged_floors":[8,12,41],"is_endless":false,"potions_floor_spawned":[1,3,10,11,16,21,22,31,33,36,37,42],"ascension_level":2}