{"gold_per_floor":[110,129,129,129,146,146,70,97,97,97,127,28,39,39,39,39],"floor_reached":16,"playtime":1943,"items_purged":["Strike_G"],"score":108,"play_id":"2bba6263-bd26-4e62-8fc5-61d8d92a7410","local_time":"20190706234330","is_ascension_mode":false,"campfire_choices":[{"data":"Neutralize","floor":6,"key":"SMITH"},{"data":"Prepared","floor":10,"key":"SMITH"},{"floor":15,"key":"REST"}],"neow_cost":"NONE","seed_source_timestamp":1726525213839500,"circlet_count":0,"master_deck":["Strike_G","Defend_G","Defend_G","Defend_G","Defend_G","Defend_G+1","Survivor+1","Neutralize+1","Reflex","Escape Plan","Well Laid Plans","Noxious Fumes","Prepared+1","Deadly Poison","Doppelganger"],"relics":["Ring of the Snake","Tough Bandages","Shovel","Dodecahedron"],"potions_floor_usage":[16],"damage_taken":[{"damage":0,"enemies":"2 Louse","floor":1,"turns":3},{"damage":0,"enemies":"Small Slimes","floor":2,"turns":5},{"damage":0,"enemies":"Jaw Worm","floor":5,"turns":10},{"damage":7,"enemies":"Lagavulin","floor":8,"turns":11},{"damage":12,"enemies":"3 Sentries","floor":11,"turns":9},{"damage":7,"enemies":"Exordium Wildlife","floor":13,"turns":5},{"damage":59,"enemies":"Slime Boss","floor":16,"turns":13}],"seed_played":"3217342816115635390","potions_obtained":[{"floor":1,"key":"FairyPotion"},{"floor":13,"key":"GamblersBrew"}],"is_trial":false,"path_per_floor":["M","M","?","?","M","R","$","E","T","R","E","$","M","?","R","B"],"character_chosen":"THE_SILENT","items_purchased":["Noxious Fumes","Deadly Poison"],"campfire_rested":1,"item_purchase_floors":[7,12],"current_hp_per_floor":[70,70,63,63,63,63,63,56,56,56,44,44,37,23,44,0],"gold":39,"neow_bonus":"REMOVE_CARD","is_prod":false,"is_daily":false,"chose_seed":false,"campfire_upgraded":2,"win_rate":0,"timestamp":1562471010,"path_taken":["M","M","?","?","M","R","$","E","T","R","E","$","M","?","R","BOSS"],"build_version":"2019-07-05","purchased_purges":1,"victory":false,"max_hp_per_floor":[70,70,70,70,70,70,70,70,70,70,70,70,70,70,70,70],"card_choices":[{"not_picked":["Prepared","Quick Slash"],"picked":"Reflex","floor":1},{"not_picked":["Flying Knee","Acrobatics"],"picked":"Escape Plan","floor":2},{"not_picked":["Acrobatics","Cloak And Dagger"],"picked":"Well Laid Plans","floor":5},{"not_picked":["Dagger Throw","Slice"],"picked":"Prepared","floor":8},{"not_picked":["Skewer","Dagger Spray","Blade Dance"],"picked":"SKIP","floor":11},{"not_picked":["Prepared","PiercingWail"],"picked":"Doppelganger","floor":13}],"player_experience":86556,"relics_obtained":[{"floor":8,"key":"Tough Bandages"},{"floor":9,"key":"Shovel"},{"floor":11,"key":"Dodecahedron"}],"event_choices":[{"cards_removed":["Strike_G"],"damage_healed":0,"gold_gain":0,"player_choice":"Card Removal","damage_taken":7,"max_hp_gain":0,"max_hp_loss":0,"event_name":"Golden Wing","floor":3,"gold_loss":0},{"cards_removed":["Strike_G"],"damage_healed":0,"gold_gain":0,"player_choice":"Forget","damage_taken":0,"max_hp_gain":0,"max_hp_loss":0,"event_name":"Living Wall","floor":4,"gold_loss":0},{"damage_healed":0,"gold_gain":0,"player_choice":"Entered Light","damage_taken":14,"max_hp_gain":0,"max_hp_loss":0,"event_name":"Shining Light","floor":14,"gold_loss":0,"cards_upgraded":["Survivor","Defend_G"]}],"is_beta":false,"boss_relics":[],"items_purged_floors":[12],"is_endless":false,"potions_floor_spawned":[1,13],"killed_by":"Slime Boss","ascension_level":0}