{"gold_per_floor":[114,114,124,35,50,50,50,76,102,3,3,23,23,52,52,52],"floor_reached":16,"playtime":554,"items_purged":[],"score":216,"play_id":"90d70c27-a957-4925-95e2-d314c560e26f","local_time":"20190601182501","is_ascension_mode":true,"campfire_choices":[{"data":"Uppercut","floor":6,"key":"SMITH"},{"floor":11,"key":"REST"},{"data":"Anger","floor":13,"key":"SMITH"},{"floor":15,"key":"REST"}],"neow_cost":"NONE","seed_source_timestamp":308623364365376,"circlet_count":0,"master_deck":["AscendersBane","Strike_R","Strike_R","Strike_R","Strike_R+1","Defend_R+1","Defend_R","Defend_R","Defend_R+1","Bash+1","Uppercut+1","Anger+1","Disarm","Battle Trance","Armaments","Pommel Strike","Shrug It Off","Shrug It Off"],"relics":["Burning Blood","PreservedInsect","Whetstone","Dream Catcher","Vajra","Charon\u0027s Ashes"],"potions_floor_usage":[8,16],"damage_taken":[{"damage":19,"enemies":"Small Slimes","floor":1,"turns":7},{"damage":0,"enemies":"Cultist","floor":3,"turns":3},{"damage":1,"enemies":"2 Louse","floor":5,"turns":3},{"damage":4,"enemies":"Gremlin Nob","floor":8,"turns":3},{"damage":8,"enemies":"Large Slime","floor":12,"turns":5},{"damage":19,"enemies":"3 Sentries","floor":14,"turns":7},{"damage":60,"enemies":"Slime Boss","floor":16,"turns":8}],"seed_played":"5941091962501296581","potions_obtained":[{"floor":3,"key":"PowerPotion"},{"floor":14,"key":"BloodPotion"}],"is_trial":false,"path_per_floor":["M","?","M","$","M","R","?","E","T","?","R","M","R","E","R","B"],"character_chosen":"IRONCLAD","items_purchased":["Disarm"],"campfire_rested":2,"item_purchase_floors":[4],"current_hp_per_floor":[55,32,38,38,43,43,17,19,19,19,41,39,39,26,48,0],"gold":52,"neow_bonus":"REMOVE_CARD","is_prod":false,"is_daily":false,"chose_seed":false,"campfire_upgraded":2,"win_rate":0,"timestamp":1559431501,"path_taken":["M","?","M","$","M","R","?","E","T","?","R","?","R","E","R","BOSS"],"build_version":"2019-01-23","purchased_purges":0,"victory":false,"max_hp_per_floor":[75,75,75,75,75,75,75,75,75,75,75,75,75,75,75,75],"card_choices":[{"not_picked":["Clash","Ghostly Armor"],"picked":"Uppercut","floor":1},{"not_picked":["Pummel","Dropkick"],"picked":"Anger","floor":3},{"not_picked":["Anger","Sever Soul","Warcry"],"picked":"SKIP","floor":5},{"not_picked":["Impervious","Blood for Blood"],"picked":"Battle Trance","floor":8},{"not_picked":["Warcry","Sword Boomerang"],"picked":"Armaments","floor":11},{"not_picked":["Sentinel","Twin Strike"],"picked":"Pommel Strike","floor":12},{"not_picked":["Battle Trance","Seeing Red"],"picked":"Shrug It Off","floor":14},{"not_picked":["Body Slam","Anger"],"picked":"Shrug It Off","floor":15}],"player_experience":1656721,"relics_obtained":[{"floor":8,"key":"Whetstone"},{"floor":9,"key":"Dream Catcher"},{"floor":14,"key":"Charon\u0027s Ashes"}],"event_choices":[{"damage_healed":0,"gold_gain":0,"player_choice":"Entered Light","damage_taken":23,"max_hp_gain":0,"max_hp_loss":0,"event_name":"Shining Light","floor":2,"gold_loss":0,"cards_upgraded":["Defend_R","Defend_R"]},{"damage_healed":0,"gold_gain":0,"player_choice":"Success","damage_taken":26,"relics_obtained":["PreservedInsect"],"max_hp_gain":0,"max_hp_loss":0,"event_name":"Scrap Ooze","floor":7,"gold_loss":0},{"damage_healed":0,"gold_gain":0,"player_choice":"Paid Gold","damage_taken":0,"relics_obtained":["Vajra"],"max_hp_gain":0,"max_hp_loss":0,"event_name":"WeMeetAgain","floor":10,"gold_loss":99}],"is_beta":false,"boss_relics":[],"items_purged_floors":[],"is_endless":false,"potions_floor_spawned":[3,14],"killed_by":"Slime Boss","ascension_level":20}