{"gold_per_floor":[360,3,3,16,16,41,41,59,108,88,88,108,134,148,148,224,224,239,239,249,299,61,61,96,96,96,111,142,142,142,142,142,218,218,230,1229,730,741,759,759,769,659,659,690,702,717,746,765,765,765,765],"floor_reached":51,"playtime":3114,"items_purged":["Strike_G","Normality"],"score":1435,"play_id":"750b4fc8-8245-4f5f-aa34-4966164081fc","local_time":"20190601220647","is_ascension_mode":true,"campfire_choices":[{"floor":7,"key":"REST"},{"data":"Infinite Blades","floor":11,"key":"SMITH"},{"floor":15,"key":"REST"},{"data":"Burst","floor":23,"key":"SMITH"},{"floor":25,"key":"REST"},{"floor":32,"key":"REST"},{"data":"After Image","floor":40,"key":"SMITH"},{"floor":49,"key":"RECALL"}],"neow_cost":"PERCENT_DAMAGE","seed_source_timestamp":319367571975801,"circlet_count":0,"master_deck":["AscendersBane","Defend_G","Defend_G+1","Defend_G+1","Defend_G","Defend_G+1","Strike_G","Survivor","Neutralize+1","Infinite Blades+1","Dagger Throw","Backflip","Deadly Poison","PiercingWail","Noxious Fumes","Burst+1","Riddle With Holes+1","Die Die Die+1","Blur+1","Blade Dance+1","After Image","Infinite Blades","Die Die Die","Prepared+1","After Image+1","Backflip+1","Dagger Spray+1","Injury","Acrobatics+1","Crippling Poison+1","PiercingWail+1"],"relics":["Ring of the Snake","Shuriken","Regal Pillow","War Paint","Bag of Marbles","Astrolabe","Toxic Egg 2","Kunai","Ninja Scroll","Paper Crane","Molten Egg 2","MutagenicStrength","Cursed Key","Lee\u0027s Waffle","Snake Skull","The Courier","Pantograph"],"potions_floor_usage":[16,16,16,16,24,39,47,47,51,51],"damage_taken":[{"damage":5,"enemies":"Cultist","floor":1,"turns":5},{"damage":2,"enemies":"Jaw Worm","floor":4,"turns":4},{"damage":35,"enemies":"3 Sentries","floor":6,"turns":8},{"damage":0,"enemies":"2 Louse","floor":8,"turns":2},{"damage":5,"enemies":"Red Slaver","floor":12,"turns":4},{"damage":12,"enemies":"Lagavulin","floor":13,"turns":6},{"damage":0,"enemies":"Lots of Slimes","floor":14,"turns":6},{"damage":23,"enemies":"Slime Boss","floor":16,"turns":10},{"damage":10,"enemies":"Shell Parasite","floor":18,"turns":6},{"damage":11,"enemies":"2 Thieves","floor":20,"turns":4},{"damage":31,"enemies":"Book of Stabbing","floor":24,"turns":7},{"damage":10,"enemies":"Chosen and Byrds","floor":27,"turns":5},{"damage":14,"enemies":"Gremlin Leader","floor":28,"turns":7},{"damage":6,"enemies":"Automaton","floor":33,"turns":9},{"damage":0,"enemies":"3 Darklings","floor":35,"turns":4},{"damage":9,"enemies":"3 Shapes","floor":38,"turns":5},{"damage":12,"enemies":"Writhing Mass","floor":39,"turns":9},{"damage":3,"enemies":"Maw","floor":41,"turns":7},{"damage":15,"enemies":"Reptomancer","floor":44,"turns":6},{"damage":6,"enemies":"Sphere and 2 Shapes","floor":45,"turns":4},{"damage":11,"enemies":"4 Shapes","floor":46,"turns":5},{"damage":1,"enemies":"Giant Head","floor":47,"turns":7},{"damage":4,"enemies":"Jaw Worm Horde","floor":48,"turns":3},{"damage":20,"enemies":"Donu and Deca","floor":50,"turns":14},{"damage":79,"enemies":"Time Eater","floor":51,"turns":19}],"seed_played":"-6949323919171266763","potions_obtained":[{"floor":6,"key":"Block Potion"},{"floor":10,"key":"EntropicBrew"},{"floor":16,"key":"PowerPotion"},{"floor":20,"key":"Dexterity Potion"},{"floor":27,"key":"Swift Potion"},{"floor":38,"key":"Regen Potion"},{"floor":39,"key":"Fruit Juice"},{"floor":47,"key":"SpeedPotion"},{"floor":48,"key":"GamblersBrew"}],"is_trial":false,"path_per_floor":["M","$","?","M","?","E","R","M","T","?","R","M","E","M","R","B",null,"M","?","M","?","$","R","E","R","T","M","E","?","T","?","R","B",null,"M","?","$","M","M","R","M","?","T","E","M","M","E","M","R","B","B"],"character_chosen":"THE_SILENT","items_purchased":["Shuriken","Infinite Blades","After Image","Lee\u0027s Waffle","Snake Skull"],"campfire_rested":4,"item_purchase_floors":[2,2,22,37,37],"current_hp_per_floor":[39,39,39,37,42,7,43,43,43,43,43,38,26,26,62,39,63,53,53,42,42,42,42,11,47,47,37,23,23,23,23,59,53,67,67,67,78,69,72,72,69,69,69,54,48,37,41,37,37,42,0],"gold":765,"neow_bonus":"TWO_FIFTY_GOLD","is_prod":false,"is_daily":false,"chose_seed":false,"campfire_upgraded":3,"win_rate":0,"timestamp":1559444807,"path_taken":["M","$","?","M","?","E","R","M","T","?","R","M","E","M","R","BOSS","M","?","?","?","$","R","E","R","T","M","E","?","?","?","R","BOSS","M","?","$","M","M","R","M","?","T","E","?","M","E","M","R","BOSS","BOSS"],"build_version":"2019-01-23","purchased_purges":2,"victory":false,"max_hp_per_floor":[66,66,66,66,71,71,71,71,71,71,71,71,71,71,71,71,71,71,71,71,71,71,71,71,71,71,71,71,71,71,71,71,71,71,71,71,78,78,78,78,78,78,78,78,78,78,83,83,83,83,83],"card_choices":[{"not_picked":["Slice","Cloak And Dagger","Outmaneuver"],"picked":"SKIP","floor":1},{"not_picked":["Dodge and Roll","Backflip"],"picked":"Dagger Throw","floor":4},{"not_picked":["Setup","Underhanded Strike"],"picked":"Backflip","floor":6},{"not_picked":["Prepared","Flying Knee"],"picked":"Deadly Poison","floor":8},{"not_picked":["Distraction","Flying Knee"],"picked":"PiercingWail","floor":12},{"not_picked":["Poisoned Stab","Sucker Punch"],"picked":"Noxious Fumes","floor":13},{"not_picked":["Deadly Poison","Flying Knee"],"picked":"Burst","floor":14},{"not_picked":["Dodge and Roll","Prepared"],"picked":"Blur+1","floor":18},{"not_picked":["Acrobatics+1","Prepared+1"],"picked":"Blade Dance+1","floor":20},{"not_picked":["Underhanded Strike","Catalyst+1"],"picked":"Infinite Blades","floor":24},{"not_picked":["Riddle With Holes","Poisoned Stab"],"picked":"Die Die Die","floor":27},{"not_picked":["Quick Slash","Dash"],"picked":"Prepared+1","floor":28},{"not_picked":["Night Terror+1","Storm of Steel+1"],"picked":"After Image","floor":33},{"not_picked":["Backstab+1","Bane+1"],"picked":"Backflip+1","floor":35},{"not_picked":["Deadly Poison+1","Calculated Gamble+1","Choke+1"],"picked":"SKIP","floor":38},{"not_picked":["Heel Hook+1","Outmaneuver+1"],"picked":"Dagger Spray+1","floor":39},{"not_picked":["Outmaneuver+1","Poisoned Stab+1","Bouncing Flask+1"],"picked":"SKIP","floor":41},{"not_picked":["Glass Knife+1","Finisher+1"],"picked":"Acrobatics+1","floor":44},{"not_picked":["Backflip+1","Cloak And Dagger+1","Backstab+1"],"picked":"SKIP","floor":45},{"not_picked":["Expertise+1","Prepared+1"],"picked":"Crippling Poison+1","floor":46},{"not_picked":["Skewer+1","Poisoned Stab+1"],"picked":"PiercingWail+1","floor":47},{"not_picked":["Bouncing Flask+1","Deadly Poison+1","Sucker Punch+1"],"picked":"SKIP","floor":48}],"player_experience":1667390,"relics_obtained":[{"floor":6,"key":"Regal Pillow"},{"floor":9,"key":"War Paint"},{"floor":13,"key":"Bag of Marbles"},{"floor":24,"key":"Kunai"},{"floor":26,"key":"Ninja Scroll"},{"floor":28,"key":"Paper Crane"},{"floor":30,"key":"Molten Egg 2"},{"floor":44,"key":"The Courier"},{"floor":47,"key":"Pantograph"}],"event_choices":[{"damage_healed":0,"gold_gain":0,"player_choice":"Grow","damage_taken":0,"max_hp_gain":0,"max_hp_loss":0,"event_name":"Living Wall","floor":3,"gold_loss":0,"cards_upgraded":["Neutralize"]},{"damage_healed":0,"gold_gain":0,"player_choice":"Donut","damage_taken":0,"max_hp_gain":5,"max_hp_loss":0,"event_name":"Big Fish","floor":5,"gold_loss":0},{"damage_healed":0,"gold_gain":0,"player_choice":"Bought 1 Potion","damage_taken":0,"max_hp_gain":0,"max_hp_loss":0,"event_name":"The Woman in Blue","floor":10,"gold_loss":0},{"cards_removed":["Finisher"],"damage_healed":0,"gold_gain":0,"player_choice":"Gave Card","damage_taken":0,"relics_obtained":["Toxic Egg 2"],"max_hp_gain":0,"max_hp_loss":0,"event_name":"WeMeetAgain","floor":19,"gold_loss":0},{"damage_healed":0,"gold_gain":50,"player_choice":"Stole From Cult","damage_taken":0,"max_hp_gain":0,"max_hp_loss":0,"event_name":"Nest","floor":21,"gold_loss":0},{"damage_healed":0,"gold_gain":0,"player_choice":"Ignored","damage_taken":0,"max_hp_gain":0,"max_hp_loss":0,"event_name":"The Mausoleum","floor":29,"gold_loss":0},{"damage_healed":0,"gold_gain":0,"player_choice":"Inject Mutagens","damage_taken":0,"relics_obtained":["MutagenicStrength"],"max_hp_gain":0,"max_hp_loss":0,"event_name":"Drug Dealer","floor":31,"gold_loss":0},{"damage_healed":0,"gold_gain":999,"player_choice":"Gold","damage_taken":0,"max_hp_gain":0,"max_hp_loss":0,"event_name":"MindBloom","floor":36,"gold_loss":0,"cards_obtained":["Normality","Normality"]},{"cards_removed":["Normality"],"damage_healed":0,"gold_gain":0,"player_choice":"Upgrade and Remove","damage_taken":0,"max_hp_gain":0,"max_hp_loss":0,"event_name":"Designer","floor":42,"gold_loss":110,"cards_upgraded":["Defend_G"]}],"is_beta":false,"boss_relics":[{"not_picked":["Ectoplasm","Coffee Dripper"],"picked":"Astrolabe"},{"not_picked":["Lizard Tail","Runic Pyramid"],"picked":"Cursed Key"}],"items_purged_floors":[22,37],"is_endless":false,"potions_floor_spawned":[6,12,16,20,27,38,39,41,47,48],"killed_by":"Time Eater","ascension_level":20}