{"gold_per_floor":[118,118,131,131,141,141,171,183,256,274,30,41,53,72,72,170,170,186,186,200,37,54,54,54,69,118,118,134,34,34,48,48,48],"floor_reached":33,"playtime":3687,"items_purged":["Defend_B","Dualcast"],"score":253,"play_id":"291bebe3-d9c1-4b38-9f72-aaa19b9588df","local_time":"20190623163733","is_ascension_mode":false,"campfire_choices":[{"data":"Doom and Gloom","floor":6,"key":"SMITH"},{"floor":15,"key":"REST"},{"floor":23,"key":"REST"},{"floor":27,"key":"REST"},{"floor":30,"key":"REST"},{"data":"Loop","floor":32,"key":"SMITH"}],"neow_cost":"NONE","seed_source_timestamp":835395255007258,"circlet_count":0,"master_deck":["Strike_B+1","Defend_B+1","Zap+1","Melter+1","Doom and Gloom+1","Capacitor","Rebound","Loop+1","Rebound","Sweeping Beam+1","Bandage Up","Rebound+1","Barrage+1","Cold Snap+1","Multi-Cast","Cold Snap+1","Self Repair","Barrage+1","Melter+1","Consume","RitualDagger+1","Cold Snap+1","Hologram+1","Go for the Eyes+1"],"relics":["Cracked Core","Peace Pipe","Molten Egg 2","War Paint","Empty Cage","Oddly Smooth Stone"],"potions_floor_usage":[13,14,25,31,33,33],"damage_taken":[{"damage":1,"enemies":"Jaw Worm","floor":1,"turns":4},{"damage":0,"enemies":"Cultist","floor":3,"turns":2},{"damage":7,"enemies":"Small Slimes","floor":5,"turns":2},{"damage":21,"enemies":"Lagavulin","floor":7,"turns":7},{"damage":0,"enemies":"3 Louse","floor":8,"turns":2},{"damage":9,"enemies":"Blue Slaver","floor":10,"turns":3},{"damage":20,"enemies":"Exordium Thugs","floor":12,"turns":3},{"damage":0,"enemies":"2 Fungi Beasts","floor":13,"turns":1},{"damage":4,"enemies":"Exordium Wildlife","floor":14,"turns":4},{"damage":19,"enemies":"Hexaghost","floor":16,"turns":8},{"damage":1,"enemies":"3 Byrds","floor":18,"turns":4},{"damage":22,"enemies":"2 Thieves","floor":20,"turns":4},{"damage":28,"enemies":"Snake Plant","floor":22,"turns":4},{"damage":34,"enemies":"Centurion and Healer","floor":25,"turns":5},{"damage":21,"enemies":"3 Cultists","floor":28,"turns":4},{"damage":6,"enemies":"Snecko","floor":31,"turns":3},{"damage":90,"enemies":"Collector","floor":33,"turns":6}],"seed_played":"8120303497407452511","potions_obtained":[{"floor":1,"key":"SkillPotion"},{"floor":5,"key":"EssenceOfSteel"},{"floor":10,"key":"GamblersBrew"},{"floor":16,"key":"GamblersBrew"},{"floor":20,"key":"FearPotion"},{"floor":25,"key":"Regen Potion"},{"floor":28,"key":"Fire Potion"}],"is_trial":false,"path_per_floor":["M","?","M","?","M","R","E","M","T","M","$","M","M","M","R","B",null,"M","?","M","$","M","R","?","M","T","R","M","$","R","M","R","B"],"character_chosen":"DEFECT","items_purchased":["War Paint","Bandage Up","Barrage+1","Melter+1"],"campfire_rested":4,"item_purchase_floors":[11,11,21,21],"current_hp_per_floor":[74,59,59,59,52,52,31,31,31,22,22,6,10,10,32,17,75,74,74,56,56,39,61,55,32,32,54,40,40,62,56,56,0],"gold":48,"neow_bonus":"TRANSFORM_CARD","is_prod":false,"is_daily":false,"chose_seed":false,"campfire_upgraded":2,"win_rate":0,"timestamp":1561322253,"path_taken":["M","?","M","?","M","R","E","M","T","M","$","?","M","M","R","BOSS","M","?","M","$","M","R","?","M","T","R","M","$","R","M","R","BOSS"],"build_version":"2019-01-23","purchased_purges":2,"victory":false,"max_hp_per_floor":[75,75,75,75,75,75,75,75,75,75,75,75,75,75,75,75,75,75,75,75,75,75,75,75,75,75,75,75,75,75,75,75,75],"card_choices":[{"not_picked":["Beam Cell","Storm"],"picked":"Doom and Gloom","floor":1},{"not_picked":["Streamline","Steam Power"],"picked":"Capacitor","floor":3},{"not_picked":["Reprogram","Stack"],"picked":"Rebound","floor":5},{"not_picked":["Capacitor","Steam"],"picked":"Loop","floor":7},{"not_picked":["Undo","Go for the Eyes"],"picked":"Rebound","floor":8},{"not_picked":["Storm","Rebound+1"],"picked":"Sweeping Beam+1","floor":10},{"not_picked":["Fusion","Beam Cell+1"],"picked":"Rebound+1","floor":12},{"not_picked":["Hyperbeam+1","Sweeping Beam+1"],"picked":"Barrage+1","floor":13},{"not_picked":["Rebound+1","Conserve Battery"],"picked":"Cold Snap+1","floor":14},{"not_picked":["Buffer","Thunder Strike+1"],"picked":"Multi-Cast","floor":16},{"not_picked":["Steam","Glacier"],"picked":"Cold Snap+1","floor":18},{"not_picked":["Genetic Algorithm","Conserve Battery"],"picked":"Self Repair","floor":20},{"not_picked":["Coolheaded","Heatsinks"],"picked":"Consume","floor":22},{"not_picked":["Darkness","Stack"],"picked":"Cold Snap+1","floor":25},{"not_picked":["Skim+1","Leap"],"picked":"Hologram+1","floor":28},{"not_picked":["Streamline+1","Storm"],"picked":"Go for the Eyes+1","floor":31}],"player_experience":194524,"relics_obtained":[{"floor":7,"key":"Peace Pipe"},{"floor":9,"key":"Molten Egg 2"},{"floor":26,"key":"Oddly Smooth Stone"}],"event_choices":[{"damage_healed":0,"gold_gain":0,"player_choice":"Entered Light","damage_taken":15,"max_hp_gain":0,"max_hp_loss":0,"event_name":"Shining Light","floor":2,"gold_loss":0,"cards_upgraded":["Melter","Strike_B"]},{"cards_removed":["Strike_B"],"damage_healed":0,"gold_gain":0,"player_choice":"Offered Basic","damage_taken":0,"max_hp_gain":0,"max_hp_loss":0,"event_name":"Bonfire Elementals","floor":4,"gold_loss":0},{"cards_removed":["Defend_B"],"damage_healed":0,"gold_gain":0,"player_choice":"Elegance","damage_taken":0,"max_hp_gain":0,"max_hp_loss":0,"event_name":"Back to Basics","floor":19,"gold_loss":0},{"damage_healed":0,"gold_gain":0,"player_choice":"Joined the Cult","damage_taken":6,"max_hp_gain":0,"max_hp_loss":0,"event_name":"Nest","floor":24,"gold_loss":0,"cards_obtained":["RitualDagger"]}],"is_beta":false,"boss_relics":[{"not_picked":["Black Star","Runic Pyramid"],"picked":"Empty Cage"}],"items_purged_floors":[21,29],"is_endless":false,"potions_floor_spawned":[1,5,10,16,20,25,28],"killed_by":"Collector","ascension_level":0}