{"gold_per_floor":[119,9,9,24,43,43,55,81,151,212,212],"floor_reached":11,"playtime":1114,"items_purged":["Strike_B"],"score":73,"play_id":"ed484555-880c-4017-8c5b-5a666b189bd0","local_time":"20190711023801","is_ascension_mode":false,"campfire_choices":[{"data":"Conserve Battery","floor":6,"key":"SMITH"}],"neow_cost":"NONE","seed_source_timestamp":1398346978988700,"circlet_count":0,"master_deck":["Strike_B","Strike_B","Strike_B","Defend_B","Defend_B","Defend_B","Defend_B","Zap","Dualcast","Madness","BootSequence","Hello World","Conserve Battery+1","Doom and Gloom","Chill","Steam Power"],"relics":["Cracked Core","Nunchaku","Bottled Lightning","Regal Pillow"],"potions_floor_usage":[8,10,11],"damage_taken":[{"damage":1,"enemies":"Cultist","floor":1,"turns":3},{"damage":0,"enemies":"Small Slimes","floor":4,"turns":3},{"damage":15,"enemies":"Jaw Worm","floor":5,"turns":5},{"damage":1,"enemies":"2 Fungi Beasts","floor":7,"turns":4},{"damage":4,"enemies":"3 Sentries","floor":8,"turns":6},{"damage":22,"enemies":"Lagavulin Event","floor":10,"turns":6},{"damage":35,"enemies":"Gremlin Nob","floor":11,"turns":4}],"seed_played":"2157272290457259919","potions_obtained":[{"floor":5,"key":"EssenceOfSteel"},{"floor":8,"key":"Ancient Potion"},{"floor":10,"key":"FearPotion"}],"is_trial":false,"path_per_floor":["M","$","$","M","M","R","M","E","T","?","E"],"character_chosen":"DEFECT","items_purchased":["Hello World"],"campfire_rested":0,"item_purchase_floors":[2],"current_hp_per_floor":[74,74,74,74,59,59,58,54,54,32,0],"gold":212,"neow_bonus":"RANDOM_COLORLESS","is_prod":false,"is_daily":false,"chose_seed":false,"campfire_upgraded":1,"win_rate":0,"timestamp":1562827081,"path_taken":["M","?","$","M","M","R","M","E","T","?","E"],"build_version":"2019-07-05","purchased_purges":1,"victory":false,"max_hp_per_floor":[75,75,75,75,75,75,75,75,75,75,75],"card_choices":[{"not_picked":["Compile Driver","Streamline"],"picked":"BootSequence","floor":1},{"not_picked":["Stack","Force Field"],"picked":"Conserve Battery","floor":4},{"not_picked":["Turbo","Storm"],"picked":"Doom and Gloom","floor":5},{"not_picked":["Doom and Gloom","Machine Learning"],"picked":"Chill","floor":7},{"not_picked":["Doom and Gloom","Beam Cell"],"picked":"Steam Power","floor":8}],"player_experience":48969,"relics_obtained":[{"floor":8,"key":"Nunchaku"},{"floor":9,"key":"Bottled Lightning"},{"floor":10,"key":"Regal Pillow"}],"event_choices":[{"damage_healed":0,"gold_gain":0,"player_choice":"Searched \u00271\u0027 times","damage_taken":0,"max_hp_gain":0,"max_hp_loss":0,"event_name":"Dead Adventurer","floor":10,"gold_loss":0}],"is_beta":false,"boss_relics":[],"items_purged_floors":[2],"is_endless":false,"potions_floor_spawned":[5,8,10],"killed_by":"Gremlin Nob","ascension_level":0}