{"gold_per_floor":[116,116,40,55,330,355,370,380,380,408,424,424,424,434,434,513,513,526,546,546],"floor_reached":20,"playtime":854,"items_purged":[],"score":372,"play_id":"2e5f7866-e637-499d-87db-a9fd2bb282b0","local_time":"20190609191558","is_ascension_mode":true,"campfire_choices":[{"data":"Fiend Fire","floor":13,"key":"SMITH"},{"floor":15,"key":"REST"}],"neow_cost":"CURSE","seed_source_timestamp":1002579667303659,"circlet_count":0,"master_deck":["AscendersBane","Strike_R","Strike_R","Strike_R","Strike_R","Strike_R","Defend_R","Defend_R","Defend_R","Defend_R","Bash","Fiend Fire+1","Headbutt","Whirlwind","Battle Trance","Regret","Shrug It Off","Anger","Barricade+1","Feel No Pain+1","Combust+1","Dark Embrace+1","Pommel Strike+1","Clothesline"],"relics":["Burning Blood","Gremlin Horn","Frozen Egg 2","The Courier","Cursed Key"],"potions_floor_usage":[6,10,11,14,16,20],"damage_taken":[{"damage":7,"enemies":"Cultist","floor":1,"turns":4},{"damage":9,"enemies":"2 Louse","floor":4,"turns":2},{"damage":26,"enemies":"Gremlin Nob","floor":6,"turns":4},{"damage":5,"enemies":"Jaw Worm","floor":7,"turns":2},{"damage":0,"enemies":"Lots of Slimes","floor":8,"turns":1},{"damage":60,"enemies":"Lagavulin","floor":10,"turns":8},{"damage":11,"enemies":"Gremlin Gang","floor":11,"turns":5},{"damage":4,"enemies":"Blue Slaver","floor":14,"turns":3},{"damage":18,"enemies":"Slime Boss","floor":16,"turns":6},{"damage":31,"enemies":"2 Thieves","floor":18,"turns":4},{"damage":22,"enemies":"Shell Parasite","floor":19,"turns":5},{"damage":42,"enemies":"Cultist and Chosen","floor":20,"turns":6}],"seed_played":"-884077650746181636","potions_obtained":[{"floor":1,"key":"Ancient Potion"},{"floor":4,"key":"Regen Potion"},{"floor":10,"key":"Fruit Juice"},{"floor":12,"key":"LiquidBronze"},{"floor":12,"key":"Regen Potion"},{"floor":14,"key":"PowerPotion"},{"floor":19,"key":"Regen Potion"}],"is_trial":false,"path_per_floor":["M","?","$","M","?","E","M","M","T","E","M","?","R","M","R","B",null,"M","M","M"],"character_chosen":"IRONCLAD","items_purchased":["Whirlwind"],"campfire_rested":1,"item_purchase_floors":[3],"current_hp_per_floor":[67,67,67,64,64,44,45,51,51,12,12,12,12,23,46,34,66,41,25,0],"gold":546,"neow_bonus":"THREE_RARE_CARDS","is_prod":false,"is_daily":false,"chose_seed":false,"campfire_upgraded":1,"win_rate":0,"timestamp":1560125758,"path_taken":["M","?","$","M","?","E","?","M","T","E","M","?","R","M","R","BOSS","M","?","?"],"build_version":"2019-01-23","purchased_purges":0,"victory":false,"max_hp_per_floor":[75,72,72,72,72,72,72,72,72,72,77,77,77,77,77,77,77,77,77,77],"card_choices":[{"not_picked":["Bludgeon","Double Tap"],"picked":"Fiend Fire","floor":0},{"not_picked":["Pommel Strike","Thunderclap"],"picked":"Headbutt","floor":1},{"not_picked":["Twin Strike","Anger"],"picked":"Battle Trance","floor":4},{"not_picked":["Heavy Blade","Thunderclap"],"picked":"Shrug It Off","floor":6},{"not_picked":["Perfected Strike","Bloodletting","Reckless Charge"],"picked":"SKIP","floor":7},{"not_picked":["Headbutt","Thunderclap"],"picked":"Anger","floor":8},{"not_picked":["Whirlwind","Shrug It Off"],"picked":"Barricade+1","floor":10},{"not_picked":["Armaments","Shrug It Off"],"picked":"Feel No Pain+1","floor":11},{"not_picked":["Infernal Blade","Headbutt"],"picked":"Combust+1","floor":14},{"not_picked":["Demon Form+1","Fiend Fire"],"picked":"Dark Embrace+1","floor":16},{"not_picked":["Fire Breathing+1","Combust+1"],"picked":"Pommel Strike+1","floor":18},{"not_picked":["Body Slam","Perfected Strike"],"picked":"Clothesline","floor":19}],"player_experience":1736777,"relics_obtained":[{"floor":6,"key":"Gremlin Horn"},{"floor":9,"key":"Frozen Egg 2"},{"floor":10,"key":"The Courier"}],"event_choices":[{"cards_removed":["Parasite"],"damage_healed":0,"gold_gain":0,"player_choice":"Forget","damage_taken":0,"max_hp_gain":0,"max_hp_loss":0,"event_name":"Living Wall","floor":2,"gold_loss":0},{"damage_healed":0,"gold_gain":275,"player_choice":"Desecrate","damage_taken":0,"max_hp_gain":0,"max_hp_loss":0,"event_name":"Golden Shrine","floor":5,"gold_loss":0,"cards_obtained":["Regret"]},{"damage_healed":0,"gold_gain":0,"player_choice":"Got Potions","damage_taken":0,"max_hp_gain":0,"max_hp_loss":0,"event_name":"Lab","floor":12,"gold_loss":0}],"is_beta":false,"boss_relics":[{"not_picked":["Busted Crown","Runic Dome"],"picked":"Cursed Key"}],"items_purged_floors":[],"is_endless":false,"potions_floor_spawned":[1,4,10,14,19],"killed_by":"Cultist and Chosen","ascension_level":20}