{"gold_per_floor":[114,289,289,309,309,309,340,359,359,359],"floor_reached":10,"playtime":597,"items_purged":[],"score":66,"play_id":"68731a7c-2654-4743-bee3-26cf0063f316","local_time":"20190707103620","is_ascension_mode":false,"campfire_choices":[{"data":"Genetic Algorithm","floor":6,"key":"SMITH"}],"neow_cost":"CURSE","seed_source_timestamp":666840017237728,"circlet_count":0,"master_deck":["Strike_B","Strike_B","Defend_B","Defend_B","Defend_B","Defend_B","Zap","Dualcast","Injury","Genetic Algorithm+1","Echo Form","Chill","BootSequence","Pain","White Noise","Barrage"],"relics":["Cracked Core","Golden Idol","StoneCalendar","Peace Pipe"],"potions_floor_usage":[],"damage_taken":[{"damage":1,"enemies":"2 Louse","floor":1,"turns":4},{"damage":0,"enemies":"Small Slimes","floor":4,"turns":4},{"damage":41,"enemies":"3 Sentries","floor":7,"turns":19},{"damage":11,"enemies":"Jaw Worm","floor":8,"turns":5},{"damage":5,"enemies":"Exordium Wildlife","floor":10,"turns":1}],"seed_played":"528613627139872661","potions_obtained":[{"floor":4,"key":"AttackPotion"}],"is_trial":false,"path_per_floor":["M","?","?","M","?","R","E","M","T","M"],"character_chosen":"DEFECT","items_purchased":[],"campfire_rested":0,"item_purchase_floors":[],"current_hp_per_floor":[74,74,56,56,56,56,15,4,4,0],"gold":359,"neow_bonus":"TRANSFORM_TWO_CARDS","is_prod":false,"is_daily":false,"chose_seed":false,"campfire_upgraded":1,"win_rate":0,"timestamp":1562463380,"path_taken":["M","?","?","M","?","R","E","M","T","?"],"build_version":"2019-07-05","purchased_purges":0,"victory":false,"max_hp_per_floor":[75,75,75,75,75,75,75,75,75,75],"card_choices":[{"not_picked":["Streamline","Sweeping Beam"],"picked":"Chill","floor":1},{"not_picked":["Sunder","Ball Lightning"],"picked":"BootSequence","floor":4},{"not_picked":["Rebound","Blizzard"],"picked":"White Noise","floor":7},{"not_picked":["Melter","Redo"],"picked":"Barrage","floor":8}],"player_experience":88255,"relics_obtained":[{"floor":7,"key":"StoneCalendar"},{"floor":9,"key":"Peace Pipe"}],"event_choices":[{"damage_healed":0,"gold_gain":175,"player_choice":"AGREE","damage_taken":0,"max_hp_gain":0,"max_hp_loss":0,"event_name":"Liars Game","floor":2,"gold_loss":0,"cards_obtained":["Doubt"]},{"damage_healed":0,"gold_gain":0,"player_choice":"Take Damage","damage_taken":18,"relics_obtained":["Golden Idol"],"max_hp_gain":0,"max_hp_loss":0,"event_name":"Golden Idol","floor":3,"gold_loss":0},{"damage_healed":0,"gold_gain":0,"cards_transformed":["Doubt"],"player_choice":"Change","damage_taken":0,"max_hp_gain":0,"max_hp_loss":0,"event_name":"Living Wall","floor":5,"gold_loss":0,"cards_obtained":["Pain"]}],"is_beta":false,"boss_relics":[],"items_purged_floors":[],"is_endless":false,"potions_floor_spawned":[4],"killed_by":"Exordium Wildlife","ascension_level":0}