{"gold_per_floor":[117,42,42,61,136,136,168,168,168,168],"floor_reached":10,"playtime":276,"items_purged":[],"score":128,"play_id":"fab4ec64-be1d-49ef-bdf4-73246b49ccbb","local_time":"20190701191802","is_ascension_mode":true,"campfire_choices":[{"data":"Bash","floor":6,"key":"SMITH"},{"floor":8,"key":"REST"}],"neow_cost":"NONE","seed_source_timestamp":635457059782251,"circlet_count":0,"master_deck":["AscendersBane","Strike_R","Strike_R","Strike_R","Strike_R","Defend_R","Defend_R","Defend_R","Defend_R","Bash+1","Iron Wave","Juggernaut","Pommel Strike"],"relics":["Burning Blood","Blood Vial","Blue Candle","Paper Frog"],"potions_floor_usage":[],"damage_taken":[{"damage":3,"enemies":"Small Slimes","floor":1,"turns":4},{"damage":1,"enemies":"2 Louse","floor":4,"turns":3},{"damage":50,"enemies":"3 Sentries","floor":7,"turns":10},{"damage":62,"enemies":"Lagavulin","floor":10,"turns":8}],"seed_played":"8660828490117183024","potions_obtained":[],"is_trial":false,"path_per_floor":["M","?","?","M","?","R","E","R","T","E"],"character_chosen":"IRONCLAD","items_purchased":[],"campfire_rested":1,"item_purchase_floors":[],"current_hp_per_floor":[73,73,73,75,64,64,22,44,44,0],"gold":168,"neow_bonus":"RANDOM_COMMON_RELIC","is_prod":false,"is_daily":false,"chose_seed":false,"campfire_upgraded":1,"win_rate":0,"timestamp":1562026682,"path_taken":["M","?","?","M","?","R","E","R","T","E"],"build_version":"2019-06-30","purchased_purges":0,"victory":false,"max_hp_per_floor":[75,75,75,75,75,75,75,75,75,75],"card_choices":[{"not_picked":["True Grit","Flex"],"picked":"Iron Wave","floor":1},{"not_picked":["Iron Wave","Hemokinesis"],"picked":"Juggernaut","floor":4},{"not_picked":["True Grit","Flex"],"picked":"Pommel Strike","floor":7}],"player_experience":1631604,"relics_obtained":[{"floor":7,"key":"Blue Candle"},{"floor":9,"key":"Paper Frog"}],"event_choices":[{"cards_removed":["Strike_R"],"damage_healed":0,"gold_gain":0,"player_choice":"Card Removal","damage_taken":0,"max_hp_gain":0,"max_hp_loss":0,"event_name":"The Cleric","floor":2,"gold_loss":75},{"damage_healed":0,"gold_gain":0,"player_choice":"Ignored","damage_taken":0,"max_hp_gain":0,"max_hp_loss":0,"event_name":"Liars Game","floor":3,"gold_loss":0},{"damage_healed":0,"gold_gain":75,"player_choice":"Gather Gold","damage_taken":11,"max_hp_gain":0,"max_hp_loss":0,"event_name":"World of Goop","floor":5,"gold_loss":0}],"is_beta":true,"boss_relics":[],"items_purged_floors":[],"is_endless":false,"potions_floor_spawned":[],"killed_by":"Lagavulin","ascension_level":20}