{"gold_per_floor":[112,129,30,30,41,76,38,38,62,62,80,90,90,105,105,202,202,214,242,256,171,184,184,184,199,250,250],"floor_reached":27,"playtime":1166,"items_purged":["Defend_R"],"score":215,"play_id":"1aa20e72-b1c7-4bc2-bb61-ef90cd5f7c72","local_time":"20190702154719","is_ascension_mode":false,"campfire_choices":[{"data":"Pommel Strike","floor":13,"key":"SMITH"},{"data":"Feed","floor":15,"key":"SMITH"},{"data":"Uppercut","floor":24,"key":"SMITH"}],"neow_cost":"NONE","seed_source_timestamp":138205664107721,"circlet_count":0,"master_deck":["Strike_R","Strike_R","Strike_R","Strike_R","Strike_R","Defend_R","Defend_R","Bash","Shrug It Off","Shrug It Off","Pommel Strike+1","Clash","Intimidate","Dropkick","Rage","Hemokinesis","Feed+1","Brutality","Warcry+1","Flex+1","Seeing Red","Pommel Strike+1","Uppercut+1"],"relics":["Runic Cube","Centennial Puzzle","Vajra","Mark of Pain","Red Mask","Calipers","Orichalcum"],"potions_floor_usage":[19,19],"damage_taken":[{"damage":6,"enemies":"Jaw Worm","floor":1,"turns":3},{"damage":10,"enemies":"2 Louse","floor":2,"turns":3},{"damage":2,"enemies":"Cultist","floor":5,"turns":4},{"damage":48,"enemies":"Lagavulin","floor":6,"turns":10},{"damage":5,"enemies":"Lots of Slimes","floor":11,"turns":4},{"damage":7,"enemies":"Large Slime","floor":12,"turns":6},{"damage":4,"enemies":"Exordium Wildlife","floor":14,"turns":3},{"damage":46,"enemies":"The Guardian","floor":16,"turns":11},{"damage":13,"enemies":"Spheric Guardian","floor":18,"turns":4},{"damage":29,"enemies":"Masked Bandits","floor":19,"turns":5},{"damage":4,"enemies":"Chosen","floor":20,"turns":2},{"damage":18,"enemies":"Snecko","floor":22,"turns":5},{"damage":8,"enemies":"Cultist and Chosen","floor":25,"turns":4},{"damage":20,"enemies":"Gremlin Leader","floor":27,"turns":3}],"seed_played":"6271244424316282116","potions_obtained":[{"floor":1,"key":"EssenceOfSteel"},{"floor":12,"key":"BloodPotion"},{"floor":14,"key":"PowerPotion"},{"floor":18,"key":"PowerPotion"},{"floor":22,"key":"GamblersBrew"}],"is_trial":false,"path_per_floor":["M","M","$","?","M","E","$","?","T","?","M","M","R","M","R","B",null,"M","?","M","?","M","?","R","M","T","E"],"character_chosen":"IRONCLAD","items_purchased":["Pommel Strike","Dropkick"],"campfire_rested":0,"item_purchase_floors":[3,7],"current_hp_per_floor":[74,64,64,64,62,14,14,14,14,80,75,68,68,64,64,18,80,67,42,38,38,20,20,20,16,16,0],"gold":250,"neow_bonus":"BOSS_RELIC","is_prod":false,"is_daily":false,"chose_seed":false,"campfire_upgraded":3,"win_rate":0.0,"timestamp":1562046439,"path_taken":["M","M","$","?","M","E","$","?","T","?","?","?","R","M","R","BOSS","M","?","M","?","M","?","R","M","T","E"],"build_version":"2019-07-01","purchased_purges":1,"victory":false,"max_hp_per_floor":[80,80,80,80,80,80,80,80,80,80,80,80,80,80,80,80,80,80,84,84,84,84,84,84,88,88,88],"card_choices":[{"not_picked":["Intimidate","Thunderclap"],"picked":"Shrug It Off","floor":1},{"not_picked":["Fire Breathing","Pummel"],"picked":"Shrug It Off","floor":2},{"not_picked":["Intimidate","Sword Boomerang"],"picked":"Clash","floor":5},{"not_picked":["Burning Pact","True Grit"],"picked":"Intimidate","floor":6},{"not_picked":["Feel No Pain","Pommel Strike"],"picked":"Rage","floor":11},{"not_picked":["Disarm","Heavy Blade"],"picked":"Hemokinesis","floor":12},{"not_picked":["Clash","Shrug It Off"],"picked":"Feed","floor":14},{"not_picked":["Dark Embrace","Bludgeon"],"picked":"Brutality","floor":16},{"not_picked":["Thunderclap","Disarm+1"],"picked":"Warcry+1","floor":18},{"not_picked":["Armaments","Entrench"],"picked":"Flex+1","floor":19},{"not_picked":["Perfected Strike","Warcry"],"picked":"Seeing Red","floor":20},{"not_picked":["Body Slam","Feel No Pain+1"],"picked":"Pommel Strike+1","floor":22},{"not_picked":["Thunderclap","Body Slam","Rage"],"picked":"SKIP","floor":25}],"player_experience":4985,"relics_obtained":[{"floor":6,"key":"Centennial Puzzle"},{"floor":9,"key":"Vajra"},{"floor":19,"key":"Red Mask"},{"floor":26,"key":"Orichalcum"}],"event_choices":[{"damage_healed":0,"gold_gain":0,"cards_transformed":["Defend_R"],"player_choice":"Change","damage_taken":0,"max_hp_gain":0,"max_hp_loss":0,"event_name":"Living Wall","floor":4,"gold_loss":0,"cards_obtained":["Entrench"]},{"damage_healed":0,"gold_gain":0,"player_choice":"Leave","damage_taken":0,"max_hp_gain":0,"max_hp_loss":0,"event_name":"The Cleric","floor":8,"gold_loss":0},{"cards_removed":["Entrench"],"damage_healed":66,"gold_gain":0,"player_choice":"Offered Uncommon","damage_taken":0,"max_hp_gain":0,"max_hp_loss":0,"event_name":"Bonfire Elementals","floor":10,"gold_loss":0},{"damage_healed":0,"gold_gain":0,"player_choice":"Fought Bandits","damage_taken":0,"max_hp_gain":0,"max_hp_loss":0,"event_name":"Masked Bandits","floor":19,"gold_loss":0},{"damage_healed":0,"gold_gain":0,"player_choice":"Obtained Relic","damage_taken":0,"relics_obtained":["Calipers"],"max_hp_gain":0,"max_hp_loss":0,"event_name":"Addict","floor":21,"gold_loss":85},{"damage_healed":0,"gold_gain":0,"player_choice":"Read","damage_taken":0,"max_hp_gain":0,"max_hp_loss":0,"event_name":"The Library","floor":23,"gold_loss":0,"cards_obtained":["Uppercut"]}],"is_beta":false,"boss_relics":[{"not_picked":["Astrolabe","Runic Dome"],"picked":"Mark of Pain"}],"items_purged_floors":[3],"is_endless":false,"potions_floor_spawned":[1,12,14,18,22],"killed_by":"Gremlin Leader","ascension_level":0}