{"gold_per_floor":[109,120,137,149,149,149,189,189,189,224,224,247,247,267,267,361,361,380,415,439,364,3,3,43,43,120,120,3,43,64,98,98,98],"floor_reached":33,"playtime":1268,"items_purged":["Strike_B","Strike_B"],"score":776,"play_id":"a5ff77c2-47dd-4d24-9c6c-f312fa0f2bb6","local_time":"20190712174532","is_ascension_mode":true,"campfire_choices":[{"data":"Zap","floor":6,"key":"SMITH"},{"floor":8,"key":"REST"},{"data":"Consume","floor":11,"key":"SMITH"},{"floor":15,"key":"REST"},{"floor":23,"key":"REST"},{"data":"Seek","floor":25,"key":"SMITH"},{"floor":27,"key":"REST"},{"floor":32,"key":"REST"}],"neow_cost":"NONE","seed_source_timestamp":1579315253882490,"circlet_count":0,"master_deck":["AscendersBane","Strike_B","Defend_B","Defend_B","Defend_B","Defend_B","Zap+1","Dualcast","Ball Lightning","Conserve Battery","Electrodynamics","Compile Driver","Consume+1","Genetic Algorithm","Melter","Seek+1","Turbo","Gash","Cold Snap","Static Discharge","FTL","Go for the Eyes","Hologram+1","Chill+1"],"relics":["Cracked Core","Regal Pillow","Golden Idol","Ancient Tea Set","Ornamental Fan","Blue Candle","Black Star","Red Mask","Membership Card","Vajra","Kunai","Lantern","Letter Opener","Toxic Egg 2","Incense Burner","Blood Vial","Shuriken"],"potions_floor_usage":[7,7,16,19,19,31,31],"damage_taken":[{"damage":1,"enemies":"Cultist","floor":1,"turns":4},{"damage":9,"enemies":"Jaw Worm","floor":2,"turns":4},{"damage":4,"enemies":"2 Louse","floor":3,"turns":2},{"damage":6,"enemies":"Blue Slaver","floor":4,"turns":4},{"damage":11,"enemies":"Gremlin Nob","floor":7,"turns":3},{"damage":30,"enemies":"Lagavulin","floor":10,"turns":5},{"damage":12,"enemies":"Large Slime","floor":12,"turns":3},{"damage":7,"enemies":"2 Fungi Beasts","floor":14,"turns":2},{"damage":0,"enemies":"Slime Boss","floor":16,"turns":6},{"damage":7,"enemies":"3 Byrds","floor":18,"turns":2},{"damage":18,"enemies":"Masked Bandits","floor":19,"turns":3},{"damage":29,"enemies":"Chosen","floor":20,"turns":5},{"damage":24,"enemies":"Slavers","floor":24,"turns":3},{"damage":0,"enemies":"Gremlin Leader","floor":29,"turns":5},{"damage":20,"enemies":"Snecko","floor":30,"turns":5},{"damage":12,"enemies":"Book of Stabbing","floor":31,"turns":5},{"damage":62,"enemies":"Champ","floor":33,"turns":15}],"seed_played":"-5836575223290797424","potions_obtained":[{"floor":1,"key":"SteroidPotion"},{"floor":4,"key":"GamblersBrew"},{"floor":7,"key":"SteroidPotion"},{"floor":12,"key":"Dexterity Potion"},{"floor":18,"key":"PowerPotion"},{"floor":30,"key":"Fire Potion"}],"is_trial":false,"path_per_floor":["M","M","M","M","?","R","E","R","T","E","R","M","?","M","R","B",null,"M","?","M","?","$","R","E","R","T","R","$","E","M","E","R","B"],"character_chosen":"DEFECT","items_purchased":["Membership Card","Vajra","Swift Potion","Static Discharge","FTL"],"campfire_rested":5,"item_purchase_floors":[22,22,22,28,28],"current_hp_per_floor":[63,54,50,44,44,44,33,64,64,34,34,22,11,4,38,38,58,51,33,4,4,4,38,14,14,14,48,48,48,28,16,50,0],"gold":98,"neow_bonus":"RANDOM_COMMON_RELIC","is_prod":false,"is_daily":false,"chose_seed":false,"campfire_upgraded":3,"win_rate":0,"timestamp":1562971532,"path_taken":["M","M","?","M","?","R","E","R","T","E","R","M","?","M","R","BOSS","M","?","M","?","$","R","E","R","T","R","$","E","M","E","R","BOSS"],"build_version":"2019-07-10","purchased_purges":2,"victory":false,"max_hp_per_floor":[71,71,71,71,64,64,64,64,64,64,64,64,64,64,64,64,64,64,64,64,64,64,64,64,64,64,64,64,64,64,64,64,64],"card_choices":[{"not_picked":["Hologram","Sweeping Beam"],"picked":"Ball Lightning","floor":1},{"not_picked":["Hologram","Beam Cell"],"picked":"Conserve Battery","floor":2},{"not_picked":["Stack","Beam Cell"],"picked":"Electrodynamics","floor":3},{"not_picked":["Beam Cell","Sweeping Beam"],"picked":"Compile Driver","floor":4},{"not_picked":["Reinforced Body","Chill"],"picked":"Consume","floor":7},{"not_picked":["Steam Power","Conserve Battery"],"picked":"Genetic Algorithm","floor":10},{"not_picked":["Fusion","Sweeping Beam"],"picked":"Melter","floor":12},{"not_picked":["Blizzard","Fusion","Barrage"],"picked":"SKIP","floor":14},{"not_picked":["Amplify","Hyperbeam"],"picked":"Seek","floor":16},{"not_picked":["Steam","Recycle"],"picked":"Turbo","floor":18},{"not_picked":["Doom and Gloom","Aggregate"],"picked":"Gash","floor":19},{"not_picked":["Compile Driver","Sweeping Beam","Scrape"],"picked":"SKIP","floor":20},{"not_picked":["Seek","Hologram"],"picked":"Cold Snap","floor":24},{"not_picked":["Core Surge","White Noise"],"picked":"Go for the Eyes","floor":29},{"not_picked":["Sunder","BootSequence+1"],"picked":"Hologram+1","floor":30},{"not_picked":["Steam+1","Ball Lightning"],"picked":"Chill+1","floor":31}],"player_experience":1683005,"relics_obtained":[{"floor":7,"key":"Ancient Tea Set"},{"floor":9,"key":"Ornamental Fan"},{"floor":10,"key":"Blue Candle"},{"floor":19,"key":"Red Mask"},{"floor":24,"key":"Kunai"},{"floor":24,"key":"Lantern"},{"floor":26,"key":"Letter Opener"},{"floor":29,"key":"Toxic Egg 2"},{"floor":29,"key":"Incense Burner"},{"floor":31,"key":"Blood Vial"},{"floor":31,"key":"Shuriken"}],"event_choices":[{"damage_healed":0,"gold_gain":0,"player_choice":"Lose Max HP","damage_taken":0,"relics_obtained":["Golden Idol"],"max_hp_gain":0,"max_hp_loss":7,"event_name":"Golden Idol","floor":5,"gold_loss":0},{"damage_healed":0,"gold_gain":0,"player_choice":"Fled","damage_taken":11,"max_hp_gain":0,"max_hp_loss":0,"event_name":"Scrap Ooze","floor":13,"gold_loss":0},{"damage_healed":0,"gold_gain":0,"player_choice":"Fought Bandits","damage_taken":0,"max_hp_gain":0,"max_hp_loss":0,"event_name":"Masked Bandits","floor":19,"gold_loss":0},{"cards_removed":["Strike_B"],"damage_healed":0,"gold_gain":0,"player_choice":"Gave Gold","damage_taken":0,"max_hp_gain":0,"max_hp_loss":0,"event_name":"Beggar","floor":21,"gold_loss":75}],"is_beta":true,"boss_relics":[{"not_picked":["Runic Dome","White Beast Statue"],"picked":"Black Star"}],"items_purged_floors":[22,28],"is_endless":false,"potions_floor_spawned":[1,4,7,12,18,30],"killed_by":"Champ","ascension_level":20}