{"gold_per_floor":[119,42,42,42,42,81,106,106,106,140,140,159,159,202,202,293,293,313,353,353,268,2,41,41,72,72,72],"floor_reached":27,"playtime":925,"items_purged":["Strike_G"],"score":576,"play_id":"b840c5a9-c644-42b1-8841-ccae1eb75e61","local_time":"20190630212725","is_ascension_mode":true,"campfire_choices":[{"data":"Poisoned Stab","floor":8,"key":"SMITH"},{"data":"Dash","floor":11,"key":"SMITH"},{"data":"Bouncing Flask","floor":13,"key":"SMITH"},{"data":"Infinite Blades","floor":15,"key":"SMITH"},{"data":"Acrobatics","floor":24,"key":"SMITH"}],"neow_cost":"NONE","seed_source_timestamp":556170728192236,"circlet_count":0,"master_deck":["AscendersBane","Strike_G","Strike_G","Strike_G","Defend_G","Defend_G","Defend_G","Defend_G","Defend_G","Survivor","Neutralize+1","Flying Knee","Dash+1","Infinite Blades+1","Poisoned Stab+1","Bouncing Flask+1","Corpse Explosion","Acrobatics+1","Cloak And Dagger","Bouncing Flask+1"],"relics":["Ring of the Snake","NeowsBlessing","Golden Idol","Smiling Mask","Blood Vial","Mango","Busted Crown","Red Mask","Centennial Puzzle","Lee\u0027s Waffle","Boot","Potion Belt","Pantograph"],"potions_floor_usage":[10,14,16,19,23,25],"damage_taken":[{"damage":0,"enemies":"Cultist","floor":1,"turns":1},{"damage":0,"enemies":"Gremlin Nob","floor":6,"turns":1},{"damage":0,"enemies":"Jaw Worm","floor":7,"turns":1},{"damage":11,"enemies":"3 Sentries","floor":10,"turns":9},{"damage":1,"enemies":"2 Louse","floor":12,"turns":4},{"damage":15,"enemies":"Lagavulin","floor":14,"turns":5},{"damage":39,"enemies":"Slime Boss","floor":16,"turns":12},{"damage":13,"enemies":"Shell Parasite","floor":18,"turns":6},{"damage":24,"enemies":"Masked Bandits","floor":19,"turns":3},{"damage":19,"enemies":"Book of Stabbing","floor":23,"turns":5},{"damage":20,"enemies":"Slavers","floor":25,"turns":3},{"damage":50,"enemies":"Gremlin Leader","floor":27,"turns":5}],"seed_played":"3503363481834666159","potions_obtained":[{"floor":1,"key":"SkillPotion"},{"floor":6,"key":"FearPotion"},{"floor":12,"key":"Ancient Potion"},{"floor":14,"key":"GhostInAJar"},{"floor":19,"key":"Poison Potion"},{"floor":23,"key":"EssenceOfSteel"}],"is_trial":false,"path_per_floor":["M","$","?","?","?","E","M","R","T","E","R","M","R","E","R","B",null,"M","?","?","?","$","E","R","E","T","E"],"character_chosen":"THE_SILENT","items_purchased":["Dash","Lee\u0027s Waffle"],"campfire_rested":0,"item_purchase_floors":[2,22],"current_hp_per_floor":[59,59,52,52,52,52,52,52,52,41,41,42,42,43,43,6,57,46,24,24,24,81,62,62,44,44,0],"gold":72,"neow_bonus":"THREE_ENEMY_KILL","is_prod":false,"is_daily":false,"chose_seed":false,"campfire_upgraded":5,"win_rate":0,"timestamp":1561948045,"path_taken":["M","$","?","?","?","E","M","R","T","E","R","?","R","E","R","BOSS","M","?","?","?","$","E","R","E","T","E"],"build_version":"2019-06-29","purchased_purges":1,"victory":false,"max_hp_per_floor":[66,66,66,66,60,60,60,60,60,60,60,60,60,74,74,74,74,74,74,74,74,81,81,81,81,81,81],"card_choices":[{"not_picked":["Caltrops","Eviscerate"],"picked":"Flying Knee","floor":1},{"not_picked":["Prepared","Predator"],"picked":"Infinite Blades","floor":6},{"not_picked":["Dagger Throw","Cloak And Dagger"],"picked":"Poisoned Stab","floor":7},{"not_picked":["Underhanded Strike","Heel Hook","Tools of the Trade"],"picked":"SKIP","floor":10},{"not_picked":["Dagger Throw","Accuracy"],"picked":"Bouncing Flask","floor":12},{"not_picked":["Tactician","Blade Dance","Masterful Stab"],"picked":"SKIP","floor":14},{"not_picked":["Night Terror","Die Die Die"],"picked":"Corpse Explosion","floor":16},{"not_picked":[],"picked":"Acrobatics","floor":18},{"not_picked":[],"picked":"Cloak And Dagger","floor":19},{"not_picked":[],"picked":"Bouncing Flask+1","floor":23},{"not_picked":["Slice"],"picked":"SKIP","floor":25}],"player_experience":1612218,"relics_obtained":[{"floor":6,"key":"Smiling Mask"},{"floor":10,"key":"Blood Vial"},{"floor":14,"key":"Mango"},{"floor":19,"key":"Red Mask"},{"floor":23,"key":"Boot"},{"floor":25,"key":"Potion Belt"},{"floor":26,"key":"Pantograph"}],"event_choices":[{"cards_removed":["Strike_G"],"damage_healed":0,"gold_gain":0,"player_choice":"Card Removal","damage_taken":7,"max_hp_gain":0,"max_hp_loss":0,"event_name":"Golden Wing","floor":3,"gold_loss":0},{"damage_healed":0,"gold_gain":0,"player_choice":"Grow","damage_taken":0,"max_hp_gain":0,"max_hp_loss":0,"event_name":"Living Wall","floor":4,"gold_loss":0,"cards_upgraded":["Neutralize"]},{"damage_healed":0,"gold_gain":0,"player_choice":"Lose Max HP","damage_taken":0,"relics_obtained":["Golden Idol"],"max_hp_gain":0,"max_hp_loss":6,"event_name":"Golden Idol","floor":5,"gold_loss":0},{"damage_healed":0,"gold_gain":0,"player_choice":"Fought Bandits","damage_taken":0,"max_hp_gain":0,"max_hp_loss":0,"event_name":"Masked Bandits","floor":19,"gold_loss":0},{"damage_healed":0,"gold_gain":0,"player_choice":"Ignored","damage_taken":0,"max_hp_gain":0,"max_hp_loss":0,"event_name":"The Mausoleum","floor":20,"gold_loss":0},{"damage_healed":0,"gold_gain":0,"player_choice":"Obtained Relic","damage_taken":0,"relics_obtained":["Centennial Puzzle"],"max_hp_gain":0,"max_hp_loss":0,"event_name":"Addict","floor":21,"gold_loss":85}],"is_beta":true,"boss_relics":[{"not_picked":["Tiny House","HoveringKite"],"picked":"Busted Crown"}],"items_purged_floors":[22],"is_endless":false,"potions_floor_spawned":[1,6,12,14,19,23],"killed_by":"Gremlin Leader","ascension_level":20}