{"gold_per_floor":[113,131,148,148,159,159,191,191,215,232,243,243,274,236,248,356,368,392,98,114,114,114,114,114,131,131,36,68,168,168,181,181,181],"floor_reached":33,"playtime":3481,"items_purged":["Strike_R"],"score":375,"play_id":"11338f91-8124-4f8c-bc93-83977b177bd3","local_time":"20190713001425","is_ascension_mode":false,"campfire_choices":[{"data":"Discovery","floor":6,"key":"SMITH"},{"data":"Dual Wield","floor":8,"key":"SMITH"},{"data":"Corruption","floor":12,"key":"SMITH"},{"data":"Anger","floor":15,"key":"SMITH"},{"data":"Apotheosis","floor":23,"key":"SMITH"},{"floor":32,"key":"RECALL"}],"neow_cost":"PERCENT_DAMAGE","seed_source_timestamp":1560196393033100,"circlet_count":0,"master_deck":["Defend_R+1","Defend_R+1","Defend_R+1","Defend_R+1","Bash","Discovery+1","Good Instincts","Anger+1","Clash","Shrug It Off","Feed","Dual Wield+1","Corruption+1","Shrug It Off","True Grit","Barricade","Dual Wield+1","Double Tap+1","Intimidate+1","Reckless Charge","Apotheosis+1","Feel No Pain","J.A.X.","Iron Wave+1","Fire Breathing","Shrug It Off","Impervious","Shrug It Off+1"],"relics":["Burning Blood","Oddly Smooth Stone","MawBank","Astrolabe","Torii","Smiling Mask","Ice Cream","Peace Pipe","Meat on the Bone"],"potions_floor_usage":[13,13,16,18,25,29],"damage_taken":[{"damage":10,"enemies":"Small Slimes","floor":1,"turns":4},{"damage":3,"enemies":"Jaw Worm","floor":2,"turns":4},{"damage":0,"enemies":"Cultist","floor":3,"turns":3},{"damage":4,"enemies":"2 Fungi Beasts","floor":5,"turns":5},{"damage":22,"enemies":"3 Sentries","floor":7,"turns":9},{"damage":6,"enemies":"Exordium Thugs","floor":10,"turns":4},{"damage":1,"enemies":"Large Slime","floor":11,"turns":5},{"damage":37,"enemies":"Lagavulin","floor":13,"turns":9},{"damage":0,"enemies":"The Guardian","floor":16,"turns":7},{"damage":1,"enemies":"2 Thieves","floor":18,"turns":2},{"damage":0,"enemies":"Chosen","floor":20,"turns":6},{"damage":17,"enemies":"Snake Plant","floor":25,"turns":6},{"damage":27,"enemies":"Book of Stabbing","floor":28,"turns":8},{"damage":15,"enemies":"Colosseum Slavers","floor":29,"turns":6},{"damage":35,"enemies":"Colosseum Nobs","floor":29,"turns":7},{"damage":1,"enemies":"Shelled Parasite and Fungi","floor":31,"turns":4},{"damage":50,"enemies":"Collector","floor":33,"turns":5}],"seed_played":"2794013117624565253","potions_obtained":[{"floor":1,"key":"Strength Potion"},{"floor":3,"key":"Strength Potion"},{"floor":7,"key":"BloodPotion"},{"floor":16,"key":"LiquidBronze"},{"floor":20,"key":"Poison Potion"},{"floor":25,"key":"Poison Potion"},{"floor":29,"key":"SmokeBomb"}],"is_trial":false,"path_per_floor":["M","M","M","?","M","R","E","R","T","M","M","R","E","?","R","B",null,"M","$","M","?","?","R","?","M","T","$","E","?","?","M","R","B"],"character_chosen":"IRONCLAD","items_purchased":["Apotheosis","Feel No Pain","Fire Breathing","Shrug It Off"],"campfire_rested":0,"item_purchase_floors":[19,19,27,27],"current_hp_per_floor":[52,55,61,66,68,68,52,52,52,55,60,60,54,54,54,63,94,97,97,97,97,97,97,97,86,86,86,65,27,27,48,48,0],"gold":181,"neow_bonus":"RANDOM_COLORLESS_2","is_prod":false,"is_daily":false,"chose_seed":false,"campfire_upgraded":5,"win_rate":0,"timestamp":1562991265,"path_taken":["M","M","M","?","M","R","E","R","T","M","M","R","E","?","R","BOSS","M","$","M","?","?","R","?","M","T","$","E","?","?","M","R","BOSS"],"build_version":"2019-07-05","purchased_purges":1,"victory":false,"max_hp_per_floor":[80,80,80,85,85,85,85,85,85,88,88,88,91,91,91,94,94,97,97,97,97,97,97,97,97,97,97,97,97,97,101,101,101],"card_choices":[{"not_picked":["Spot Weakness","Twin Strike"],"picked":"Anger","floor":1},{"not_picked":["Cleave","Clothesline"],"picked":"Clash","floor":2},{"not_picked":["Anger","Clothesline"],"picked":"Shrug It Off","floor":3},{"not_picked":["Headbutt","Battle Trance"],"picked":"Feed","floor":5},{"not_picked":["Body Slam","Headbutt"],"picked":"Dual Wield","floor":7},{"not_picked":["Anger","Clothesline"],"picked":"Corruption","floor":10},{"not_picked":["Clothesline","Disarm"],"picked":"Shrug It Off","floor":11},{"not_picked":["Offering","Shockwave"],"picked":"True Grit","floor":13},{"not_picked":["Bludgeon","Juggernaut"],"picked":"Barricade","floor":16},{"not_picked":["Rampage","Thunderclap"],"picked":"Reckless Charge","floor":18},{"not_picked":["Twin Strike+1","Feel No Pain","Pommel Strike"],"picked":"SKIP","floor":20},{"not_picked":["Body Slam","Spot Weakness"],"picked":"Iron Wave+1","floor":25},{"not_picked":["Rupture+1","Cleave"],"picked":"Impervious","floor":28},{"not_picked":["Infernal Blade","Dropkick"],"picked":"Shrug It Off+1","floor":31}],"player_experience":75499,"relics_obtained":[{"floor":7,"key":"Oddly Smooth Stone"},{"floor":13,"key":"MawBank"},{"floor":26,"key":"Smiling Mask"},{"floor":28,"key":"Ice Cream"},{"floor":29,"key":"Peace Pipe"},{"floor":29,"key":"Meat on the Bone"}],"event_choices":[{"damage_healed":0,"gold_gain":0,"player_choice":"Donut","damage_taken":0,"max_hp_gain":5,"max_hp_loss":0,"event_name":"Big Fish","floor":4,"gold_loss":0},{"cards_removed":["Strike_R"],"damage_healed":0,"gold_gain":0,"player_choice":"Card Removal","damage_taken":0,"max_hp_gain":0,"max_hp_loss":0,"event_name":"The Cleric","floor":14,"gold_loss":50},{"damage_healed":0,"gold_gain":0,"player_choice":"Obtain J.A.X.","damage_taken":0,"max_hp_gain":0,"max_hp_loss":0,"event_name":"Drug Dealer","floor":21,"gold_loss":0,"cards_obtained":["J.A.X."]},{"damage_healed":0,"gold_gain":0,"player_choice":"Opened","damage_taken":0,"relics_obtained":["Torii"],"max_hp_gain":0,"max_hp_loss":0,"event_name":"The Mausoleum","floor":22,"gold_loss":0},{"damage_healed":0,"gold_gain":0,"player_choice":"Ignored","damage_taken":0,"max_hp_gain":0,"max_hp_loss":0,"event_name":"Ghosts","floor":24,"gold_loss":0},{"damage_healed":0,"gold_gain":0,"player_choice":"Fight","damage_taken":0,"max_hp_gain":0,"max_hp_loss":0,"event_name":"Colosseum","floor":29,"gold_loss":0},{"damage_healed":0,"gold_gain":0,"player_choice":"Fought Nobs","damage_taken":0,"max_hp_gain":0,"max_hp_loss":0,"event_name":"Colosseum","floor":29,"gold_loss":0},{"damage_healed":0,"gold_gain":0,"player_choice":"Simplicity","damage_taken":0,"max_hp_gain":0,"max_hp_loss":0,"event_name":"Back to Basics","floor":30,"gold_loss":0,"cards_upgraded":["Defend_R","Defend_R","Defend_R","Defend_R"]}],"is_beta":false,"boss_relics":[{"not_picked":["Calling Bell","Coffee Dripper"],"picked":"Astrolabe"}],"items_purged_floors":[19],"is_endless":false,"potions_floor_spawned":[1,3,7,10,16,20,25,29],"killed_by":"Collector","ascension_level":0}