{"gold_per_floor":[111,124,124,142,159,159,190,202,239,251,263,290,322,363,375,487,499,529,556,583,107,117,117],"floor_reached":23,"playtime":2023,"items_purged":["Defend_B"],"score":205,"play_id":"8924c6e4-2738-4628-b51e-265caf917fc0","local_time":"20190707095257","is_ascension_mode":false,"campfire_choices":[{"data":"Loop","floor":6,"key":"SMITH"},{"data":"Creative AI","floor":8,"key":"SMITH"},{"data":"Cold Snap","floor":11,"key":"SMITH"},{"data":"Glacier","floor":15,"key":"SMITH"}],"neow_cost":"NONE","seed_source_timestamp":662808723665265,"circlet_count":0,"master_deck":["Strike_B","Defend_B","Defend_B","Zap","Dualcast","Barrage+1","White Noise+1","Cold Snap+1","Loop+1","Creative AI+1","Hyperbeam","Genetic Algorithm","Glacier+1","Coolheaded","Echo Form","Conserve Battery+1","Multi-Cast+1","Capacitor+1","Hologram","Compile Driver","Sweeping Beam+1","Compile Driver"],"relics":["Cracked Core","MawBank","Pen Nib","Oddly Smooth Stone","Astrolabe","Mummified Hand","Art of War"],"potions_floor_usage":[13,13,20],"damage_taken":[{"damage":5,"enemies":"Jaw Worm","floor":1,"turns":4},{"damage":5,"enemies":"Small Slimes","floor":2,"turns":3},{"damage":0,"enemies":"Cultist","floor":4,"turns":3},{"damage":12,"enemies":"3 Louse","floor":5,"turns":3},{"damage":18,"enemies":"Gremlin Nob","floor":7,"turns":4},{"damage":10,"enemies":"Looter","floor":12,"turns":3},{"damage":10,"enemies":"Large Slime","floor":13,"turns":7},{"damage":16,"enemies":"3 Sentries","floor":14,"turns":8},{"damage":22,"enemies":"The Guardian","floor":16,"turns":11},{"damage":0,"enemies":"Spheric Guardian","floor":18,"turns":5},{"damage":6,"enemies":"Shell Parasite","floor":19,"turns":9},{"damage":32,"enemies":"3 Cultists","floor":20,"turns":5},{"damage":4,"enemies":"Centurion and Healer","floor":22,"turns":5},{"damage":44,"enemies":"Book of Stabbing","floor":23,"turns":7}],"seed_played":"-6300343841493846574","potions_obtained":[{"floor":2,"key":"Regen Potion"},{"floor":5,"key":"Regen Potion"},{"floor":13,"key":"Ancient Potion"},{"floor":19,"key":"Explosive Potion"},{"floor":22,"key":"Swift Potion"}],"is_trial":false,"path_per_floor":["M","M","?","M","M","R","E","R","T","?","R","M","M","E","R","B",null,"M","M","M","$","M","E"],"character_chosen":"DEFECT","items_purchased":["Mummified Hand","Art of War"],"campfire_rested":0,"item_purchase_floors":[21,21],"current_hp_per_floor":[77,72,56,56,44,44,26,26,26,26,26,16,46,30,30,8,82,82,76,44,44,40,0],"gold":117,"neow_bonus":"TEN_PERCENT_HP_BONUS","is_prod":false,"is_daily":false,"chose_seed":false,"campfire_upgraded":4,"win_rate":0,"timestamp":1562460777,"path_taken":["M","M","?","M","M","R","E","R","T","?","R","M","M","E","R","BOSS","M","M","M","$","M","E"],"build_version":"2019-07-05","purchased_purges":1,"victory":false,"max_hp_per_floor":[82,82,82,82,82,82,82,82,82,82,82,82,82,82,82,82,82,82,82,82,82,82,82],"card_choices":[{"not_picked":["Redo","Stack"],"picked":"Barrage","floor":1},{"not_picked":["Auto Shields","Leap"],"picked":"White Noise","floor":2},{"not_picked":["Coolheaded","Redo"],"picked":"Cold Snap","floor":4},{"not_picked":["Reinforced Body","FTL"],"picked":"Loop","floor":5},{"not_picked":["Compile Driver","Melter"],"picked":"Creative AI","floor":7},{"not_picked":["Leap","Reprogram"],"picked":"Genetic Algorithm","floor":12},{"not_picked":["Hologram","Scrape"],"picked":"Glacier","floor":13},{"not_picked":["Go for the Eyes","Steam"],"picked":"Coolheaded","floor":14},{"not_picked":["Hyperbeam","Machine Learning"],"picked":"Echo Form","floor":16},{"not_picked":["Turbo+1","Stack"],"picked":"Hologram","floor":18},{"not_picked":["Sweeping Beam","Steam"],"picked":"Compile Driver","floor":19},{"not_picked":["Chaos+1","Darkness"],"picked":"Sweeping Beam+1","floor":20},{"not_picked":["Hyperbeam","Static Discharge"],"picked":"Compile Driver","floor":22}],"player_experience":84252,"relics_obtained":[{"floor":7,"key":"MawBank"},{"floor":9,"key":"Pen Nib"},{"floor":14,"key":"Oddly Smooth Stone"}],"event_choices":[{"damage_healed":0,"gold_gain":0,"player_choice":"Entered Light","damage_taken":16,"max_hp_gain":0,"max_hp_loss":0,"event_name":"Shining Light","floor":3,"gold_loss":0,"cards_upgraded":["White Noise","Barrage"]},{"damage_healed":0,"gold_gain":0,"cards_transformed":["Strike_B"],"player_choice":"Change","damage_taken":0,"max_hp_gain":0,"max_hp_loss":0,"event_name":"Living Wall","floor":10,"gold_loss":0,"cards_obtained":["Hyperbeam"]}],"is_beta":false,"boss_relics":[{"not_picked":["Empty Cage","FrozenCore"],"picked":"Astrolabe"}],"items_purged_floors":[21],"is_endless":false,"potions_floor_spawned":[2,5,13,19,22],"killed_by":"Book of Stabbing","ascension_level":0}