{"gold_per_floor":[364,24,24,40,52,52,64,95,95,95,126,136,152,185,185,262,262,279,279,123,141,241,271,271,271,271,9,37,70,98,112,112,183,183,203,203,83,95,115,127,127,156,156,183,216,151,0,35,35,35,35,35,35,8,43,43],"floor_reached":57,"playtime":4120,"items_purged":["Accuracy","Injury","Prepared"],"score":3207,"play_id":"6eb2a2bf-555a-4a40-a001-d433281204ca","local_time":"20190606000943","is_ascension_mode":true,"campfire_choices":[{"data":"Apotheosis","floor":6.0,"key":"SMITH"},{"floor":10,"key":"REST"},{"floor":15,"key":"REST"},{"floor":24,"key":"REST"},{"floor":32,"key":"REST"},{"floor":41,"key":"REST"},{"floor":49,"key":"RECALL"},{"floor":53,"key":"REST"}],"neow_cost":"TEN_PERCENT_HP_LOSS","seed_source_timestamp":671291707276532,"circlet_count":0,"master_deck":["AscendersBane","Survivor","Neutralize","Poisoned Stab","Apotheosis+1","Venomology","Dagger Spray","Leg Sweep","Deadly Poison","Glass Knife","Backflip","Backflip","Blur","Skewer","Corpse Explosion","Well Laid Plans","Dagger Spray","Deflect","Wraith Form v2","Prepared","Backflip","Footwork","PiercingWail","Footwork","Concentrate","Cloak And Dagger","Cloak And Dagger","Doppelganger","Backflip","Bullet Time","PiercingWail","Riddle With Holes","Backstab+1","Endless Agony","Blade Dance","Backflip","Leg Sweep"],"special_seed":0,"relics":["Ring of the Snake","Orichalcum","Bottled Lightning","Paper Crane","Snake Skull","Kunai","Pandora\u0027s Box","WingedGreaves","Shuriken","Bottled Flame","Bronze Scales","Membership Card","Ancient Tea Set","Ice Cream","Turnip","Busted Crown","Smiling Mask","Potion Belt","Bag of Marbles","Red Mask","Question Card","Bag of Preparation"],"potions_floor_usage":[8,11,12,14,16,16,16,21,21,22,22,28,30,30,33,35,39,48,48,51,51,56,56,56,56],"damage_taken":[{"damage":1.0,"enemies":"Small Slimes","floor":1.0,"turns":4.0},{"damage":0.0,"enemies":"Cultist","floor":4.0,"turns":4.0},{"damage":0.0,"enemies":"Jaw Worm","floor":5.0,"turns":3.0},{"damage":15.0,"enemies":"3 Louse","floor":7.0,"turns":4.0},{"damage":1,"enemies":"Lagavulin","floor":8,"turns":6},{"damage":14,"enemies":"Gremlin Nob","floor":11,"turns":5},{"damage":0,"enemies":"Blue Slaver","floor":12,"turns":3},{"damage":0,"enemies":"Red Slaver","floor":13,"turns":4},{"damage":4,"enemies":"Lagavulin","floor":14,"turns":6},{"damage":14,"enemies":"Slime Boss","floor":16,"turns":7},{"damage":0,"enemies":"Spheric Guardian","floor":18,"turns":6},{"damage":3,"enemies":"2 Thieves","floor":21,"turns":4},{"damage":21,"enemies":"Colosseum Slavers","floor":22,"turns":2},{"damage":1,"enemies":"Colosseum Nobs","floor":22,"turns":3},{"damage":0,"enemies":"Book of Stabbing","floor":23,"turns":8},{"damage":0,"enemies":"Gremlin Leader","floor":28,"turns":7},{"damage":0,"enemies":"Book of Stabbing","floor":29,"turns":6},{"damage":11,"enemies":"Slavers","floor":30,"turns":3},{"damage":1,"enemies":"Centurion and Healer","floor":31,"turns":4},{"damage":12,"enemies":"Champ","floor":33,"turns":11},{"damage":0,"enemies":"3 Darklings","floor":35,"turns":3},{"damage":11,"enemies":"3 Shapes","floor":38,"turns":4},{"damage":0,"enemies":"Maw","floor":39,"turns":7},{"damage":1,"enemies":"Sphere and 2 Shapes","floor":40,"turns":5},{"damage":11,"enemies":"Giant Head","floor":42,"turns":7},{"damage":0,"enemies":"Nemesis","floor":44,"turns":5},{"damage":0,"enemies":"Reptomancer","floor":45,"turns":6},{"damage":1,"enemies":"Giant Head","floor":48,"turns":6},{"damage":13,"enemies":"Awakened One","floor":50,"turns":12},{"damage":2,"enemies":"Donu and Deca","floor":51,"turns":7},{"damage":1,"enemies":"Shield and Spear","floor":55,"turns":5},{"damage":21,"enemies":"The Heart","floor":56,"turns":12}],"seed_played":"-8880900903028894802","potions_obtained":[{"floor":1.0,"key":"Poison Potion"},{"floor":4.0,"key":"Fire Potion"},{"floor":12,"key":"Energy Potion"},{"floor":14,"key":"SkillPotion"},{"floor":18,"key":"SpeedPotion"},{"floor":33,"key":"EssenceOfSteel"},{"floor":45,"key":"Strength Potion"}],"is_trial":false,"path_per_floor":["M","$","?","M","M","R","M","E","T","R","E","M","M","E","R","B",null,"M","?","$","M","?","E","R","?","T","$","E","E","E","M","R","B",null,"M","?","$","M","M","M","R","E","T","E","E","$","?","E","R","B","B",null,"R","$","E","B",null],"character_chosen":"THE_SILENT","items_purchased":["Apotheosis","Orichalcum","Footwork","Membership Card","Footwork","PiercingWail","GhostInAJar","Blade Dance","Backflip"],"campfire_rested":6,"item_purchase_floors":[2,2,20,27,27,37,37,46,54],"current_hp_per_floor":[58,58,58,58,58,58,43,42,42,60,46,46,46,42,60,46,57,57,57,57,54,32,32,50,50,50,50,50,50,39,38,56,44,56,56,56,56,45,45,44,60,49,49,49,49,49,49,48,48,35,33,53,60,60,59,38],"gold":43,"neow_bonus":"TWO_FIFTY_GOLD","is_prod":false,"is_daily":false,"chose_seed":false,"campfire_upgraded":1,"win_rate":0,"timestamp":1559797783,"path_taken":["M","$","?","M","?","R","M","E","T","R","E","M","M","E","R","BOSS","M","?","$","M","?","E","R","?","T","$","E","E","E","M","R","BOSS","M","?","$","?","M","M","R","E","T","E","E","?","?","E","R","BOSS","BOSS","R","$","E","BOSS"],"build_version":"2019-01-23","purchased_purges":3,"victory":true,"max_hp_per_floor":[60,60,60,60,60,60,60,60,60,60,60,60,60,60,60,60,60,60,60,60,60,60,60,60,60,60,60,60,60,60,60,60,60,60,60,60,60,60,60,60,60,60,60,60,60,60,60,60,60,60,60,60,60,60,60,60],"card_choices":[{"not_picked":["Accuracy","Outmaneuver"],"picked":"Poisoned Stab","floor":1.0},{"not_picked":["Riddle With Holes","PiercingWail"],"picked":"Dagger Spray","floor":4.0},{"not_picked":["Flying Knee","Quick Slash"],"picked":"Leg Sweep","floor":5.0},{"not_picked":["Bane","Acrobatics"],"picked":"Deadly Poison","floor":7.0},{"not_picked":["Deadly Poison","Poisoned Stab"],"picked":"Glass Knife","floor":8},{"not_picked":["Prepared","Finisher"],"picked":"Backflip","floor":11},{"not_picked":["Underhanded Strike","Deflect"],"picked":"Backflip","floor":12},{"not_picked":["Dodge and Roll","Prepared"],"picked":"Blur","floor":13},{"not_picked":["Wraith Form v2","Blur"],"picked":"Skewer","floor":14},{"not_picked":["Glass Knife","Envenom"],"picked":"Corpse Explosion","floor":16},{"not_picked":["Calculated Gamble","Underhanded Strike","Riddle With Holes"],"picked":"SKIP","floor":18},{"not_picked":["Poisoned Stab","Dagger Throw","Setup"],"picked":"SKIP","floor":21},{"not_picked":["Dodge and Roll","Deflect"],"picked":"PiercingWail","floor":23},{"not_picked":["Quick Slash","Sucker Punch","Deadly Poison"],"picked":"SKIP","floor":28},{"not_picked":["Deadly Poison","Cloak And Dagger"],"picked":"Concentrate","floor":29},{"not_picked":["Choke","Backflip"],"picked":"Cloak And Dagger","floor":30},{"not_picked":["Infinite Blades","Burst"],"picked":"Cloak And Dagger","floor":31},{"not_picked":["Tools of the Trade","Unload"],"picked":"Doppelganger","floor":33},{"not_picked":[],"picked":"Backflip","floor":35},{"not_picked":[],"picked":"Riddle With Holes","floor":38},{"not_picked":[],"picked":"Backstab+1","floor":39},{"not_picked":[],"picked":"Endless Agony","floor":40},{"not_picked":["Masterful Stab"],"picked":"SKIP","floor":42},{"not_picked":["Dagger Throw+1"],"picked":"SKIP","floor":44},{"not_picked":["Poisoned Stab+1"],"picked":"SKIP","floor":45},{"not_picked":["Slice"],"picked":"SKIP","floor":48},{"not_picked":["Finisher+1"],"picked":"Leg Sweep","floor":55}],"player_experience":1684360,"relics_obtained":[{"floor":8,"key":"Bottled Lightning"},{"floor":9,"key":"Paper Crane"},{"floor":11,"key":"Snake Skull"},{"floor":14,"key":"Kunai"},{"floor":22,"key":"WingedGreaves"},{"floor":22,"key":"Shuriken"},{"floor":23,"key":"Bottled Flame"},{"floor":26,"key":"Bronze Scales"},{"floor":28,"key":"Ancient Tea Set"},{"floor":29,"key":"Ice Cream"},{"floor":30,"key":"Turnip"},{"floor":42,"key":"Smiling Mask"},{"floor":44,"key":"Potion Belt"},{"floor":45,"key":"Bag of Marbles"},{"floor":48,"key":"Question Card"},{"floor":55,"key":"Bag of Preparation"}],"event_choices":[{"damage_healed":0.0,"max_hp_gain":0.0,"max_hp_loss":0.0,"gold_gain":0.0,"cards_transformed":["Strike_G"],"event_name":"Transmorgrifier","player_choice":"Transformed","floor":3.0,"gold_loss":0.0,"damage_taken":0.0,"cards_obtained":["Venomology"]},{"cards_removed":["Storm of Steel"],"damage_healed":0,"gold_gain":0,"player_choice":"Elegance","damage_taken":0,"max_hp_gain":0,"max_hp_loss":0,"event_name":"Back to Basics","floor":19,"gold_loss":0},{"damage_healed":0,"gold_gain":0,"player_choice":"Fight","damage_taken":0,"max_hp_gain":0,"max_hp_loss":0,"event_name":"Colosseum","floor":22,"gold_loss":0},{"damage_healed":0,"gold_gain":0,"player_choice":"Fought Nobs","damage_taken":0,"max_hp_gain":0,"max_hp_loss":0,"event_name":"Colosseum","floor":22,"gold_loss":0},{"damage_healed":0,"gold_gain":0,"player_choice":"Ignored","damage_taken":0,"max_hp_gain":0,"max_hp_loss":0,"event_name":"The Mausoleum","floor":25,"gold_loss":0},{"damage_healed":0,"gold_gain":0,"player_choice":"2 cards matched","damage_taken":0,"max_hp_gain":0,"max_hp_loss":0,"event_name":"Match and Keep!","floor":36,"gold_loss":0,"cards_obtained":["Injury","Bullet Time"]},{"damage_healed":0,"gold_gain":0,"player_choice":"Paid","damage_taken":0,"relics_obtained":["Red Mask"],"max_hp_gain":0,"max_hp_loss":0,"event_name":"Tomb of Lord Red Mask","floor":47,"gold_loss":151}],"is_beta":false,"boss_relics":[{"not_picked":["Tiny House","Calling Bell"],"picked":"Pandora\u0027s Box"},{"not_picked":["Eternal Feather","Lizard Tail"],"picked":"Busted Crown"}],"items_purged_floors":[20,37,46],"is_endless":false,"potions_floor_spawned":[1,4,12,14,18,22,28,33,35,39,40,45],"ascension_level":20}