{"gold_per_floor":[119,132,143,162,162,162,181,181,181,192,192,192,220,232,232,232],"floor_reached":16,"playtime":1010,"items_purged":[],"score":104,"play_id":"0a94c959-bc75-4d2d-8298-822c93aaff09","local_time":"20190710202117","is_ascension_mode":false,"campfire_choices":[{"data":"Cloak And Dagger","floor":6,"key":"SMITH"},{"data":"Concentrate","floor":8,"key":"SMITH"},{"data":"Footwork","floor":11,"key":"SMITH"},{"data":"Cloak And Dagger","floor":15,"key":"SMITH"}],"neow_cost":"NONE","seed_source_timestamp":0,"circlet_count":0,"master_deck":["Strike_G","Strike_G","Strike_G","Defend_G","Defend_G","Defend_G","Defend_G","Defend_G","Survivor","Neutralize","Poisoned Stab","Cloak And Dagger+1","Expertise","Concentrate+1","Well Laid Plans","Footwork+1","Catalyst","Cloak And Dagger+1"],"special_seed":0,"relics":["Ring of the Snake","Torii","Singing Bowl"],"potions_floor_usage":[13,16],"damage_taken":[{"damage":0,"enemies":"Small Slimes","floor":1,"turns":4},{"damage":0,"enemies":"2 Louse","floor":2,"turns":3},{"damage":1,"enemies":"Cultist","floor":3,"turns":4},{"damage":0,"enemies":"Large Slime","floor":4,"turns":7},{"damage":3,"enemies":"Red Slaver","floor":7,"turns":4},{"damage":7,"enemies":"Exordium Wildlife","floor":10,"turns":4},{"damage":31,"enemies":"Gremlin Nob","floor":13,"turns":6},{"damage":1,"enemies":"Looter","floor":14,"turns":4},{"damage":40,"enemies":"Slime Boss","floor":16,"turns":11}],"seed_played":"4706399185378751083","potions_obtained":[{"floor":2,"key":"Swift Potion"},{"floor":14,"key":"Poison Potion"}],"is_trial":false,"path_per_floor":["M","M","M","M","?","R","M","R","T","M","R","?","E","M","R","B"],"character_chosen":"THE_SILENT","items_purchased":[],"campfire_rested":0,"item_purchase_floors":[],"current_hp_per_floor":[77,77,76,76,69,69,66,66,66,59,59,59,28,27,27,0],"gold":232,"neow_bonus":"TEN_PERCENT_HP_BONUS","is_prod":false,"is_daily":false,"chose_seed":false,"campfire_upgraded":4,"win_rate":0,"timestamp":1562757677,"path_taken":["M","M","M","M","?","R","M","R","T","M","R","?","E","M","R","BOSS"],"build_version":"2019-07-05","purchased_purges":0,"victory":false,"max_hp_per_floor":[77,77,77,77,77,77,77,77,77,77,77,77,77,77,77,77],"card_choices":[{"not_picked":["Dagger Throw","Dagger Spray"],"picked":"Poisoned Stab","floor":1},{"not_picked":["Choke","Underhanded Strike"],"picked":"Cloak And Dagger","floor":2},{"not_picked":["Sucker Punch","Riddle With Holes"],"picked":"Expertise","floor":3},{"not_picked":["Caltrops","Predator"],"picked":"Concentrate","floor":4},{"not_picked":["Acrobatics","Finisher"],"picked":"Well Laid Plans","floor":7},{"not_picked":["Unload","Concentrate"],"picked":"Footwork","floor":10},{"not_picked":["Dagger Throw","Acrobatics"],"picked":"Catalyst","floor":13},{"not_picked":["Flying Knee","Quick Slash"],"picked":"Cloak And Dagger","floor":14}],"player_experience":138490,"relics_obtained":[{"floor":9,"key":"Torii"},{"floor":13,"key":"Singing Bowl"}],"event_choices":[{"cards_removed":["Strike_G"],"damage_healed":0,"gold_gain":0,"player_choice":"Card Removal","damage_taken":7,"max_hp_gain":0,"max_hp_loss":0,"event_name":"Golden Wing","floor":5,"gold_loss":0},{"cards_removed":["Strike_G"],"damage_healed":0,"gold_gain":0,"player_choice":"Offered Basic","damage_taken":0,"max_hp_gain":0,"max_hp_loss":0,"event_name":"Bonfire Elementals","floor":12,"gold_loss":0}],"is_beta":false,"boss_relics":[],"items_purged_floors":[],"is_endless":false,"potions_floor_spawned":[2,14],"killed_by":"Slime Boss","ascension_level":0}