{"gold_per_floor":[119,38,56,71,88,88,114,114,114,114,129,129,49,49],"floor_reached":14,"playtime":534,"items_purged":[],"score":176,"play_id":"3f005ef0-b16b-4717-a346-11490a7dfb48","local_time":"20190630141132","is_ascension_mode":true,"campfire_choices":[{"data":"Neutralize","floor":6,"key":"SMITH"},{"floor":10,"key":"REST"},{"floor":12,"key":"REST"}],"neow_cost":"TEN_PERCENT_HP_LOSS","seed_source_timestamp":530409465194238,"circlet_count":0,"master_deck":["AscendersBane","Strike_G","Strike_G","Strike_G","Defend_G","Defend_G","Defend_G","Defend_G","Defend_G","Survivor","Neutralize+1","Setup","Dagger Throw","Dagger Throw","Footwork","Bullet Time","Cloak And Dagger","PiercingWail","Dodge and Roll","Footwork"],"relics":["Ring of the Snake","Art of War","Gremlin Horn","Omamori"],"potions_floor_usage":[7,14],"damage_taken":[{"damage":0,"enemies":"Cultist","floor":1,"turns":4},{"damage":0,"enemies":"Jaw Worm","floor":3,"turns":4},{"damage":0,"enemies":"2 Louse","floor":4,"turns":3},{"damage":5,"enemies":"2 Fungi Beasts","floor":5,"turns":5},{"damage":32,"enemies":"Lagavulin","floor":7,"turns":12},{"damage":28,"enemies":"Large Slime","floor":11,"turns":10},{"damage":34,"enemies":"Gremlin Nob","floor":14,"turns":4}],"seed_played":"4344027398036059350","potions_obtained":[{"floor":4,"key":"SpeedPotion"},{"floor":5,"key":"EssenceOfSteel"}],"is_trial":false,"path_per_floor":["M","$","M","M","M","R","E","?","T","R","M","R","$","E"],"character_chosen":"THE_SILENT","items_purchased":["Footwork","Footwork"],"campfire_rested":2,"item_purchase_floors":[2,13],"current_hp_per_floor":[59,59,59,59,54,54,22,22,22,40,12,30,30,0],"gold":49,"neow_bonus":"TRANSFORM_TWO_CARDS","is_prod":false,"is_daily":false,"chose_seed":false,"campfire_upgraded":1,"win_rate":0,"timestamp":1561921892,"path_taken":["M","?","M","?","M","R","E","?","T","R","M","R","$","E"],"build_version":"2019-06-29","purchased_purges":0,"victory":false,"max_hp_per_floor":[60,60,60,60,60,60,60,60,60,60,60,60,60,60],"card_choices":[{"not_picked":["Deflect","Slice"],"picked":"Dagger Throw","floor":1},{"not_picked":["Flechettes","Outmaneuver","Heel Hook"],"picked":"SKIP","floor":3},{"not_picked":["Quick Slash","Prepared"],"picked":"Bullet Time","floor":4},{"not_picked":["Calculated Gamble","Acrobatics"],"picked":"Cloak And Dagger","floor":5},{"not_picked":["Flechettes","Slice"],"picked":"PiercingWail","floor":7},{"not_picked":["Flechettes","Acrobatics"],"picked":"Dodge and Roll","floor":11}],"player_experience":1588951,"relics_obtained":[{"floor":7,"key":"Art of War"},{"floor":8,"key":"Gremlin Horn"},{"floor":9,"key":"Omamori"}],"event_choices":[{"damage_healed":0,"gold_gain":0,"player_choice":"Relic","damage_taken":0,"max_hp_gain":0,"max_hp_loss":0,"event_name":"Wheel of Change","floor":8,"gold_loss":0}],"is_beta":true,"boss_relics":[],"items_purged_floors":[],"is_endless":false,"potions_floor_spawned":[4,5],"killed_by":"Gremlin Nob","ascension_level":19}