{"gold_per_floor":[216,232,232,232,252,252,90,107,152,185,195,205,236,255,255,330,330,340,366,47,64,64,64,98,98,122,157,157,184,184,204,204,204],"floor_reached":33,"playtime":1238,"items_purged":["Strike_R","Strike_R"],"score":630,"play_id":"7effd577-2c97-43f1-b352-89a92ad35fd4","local_time":"20190702031903","is_ascension_mode":true,"campfire_choices":[{"data":"Bash","floor":6,"key":"SMITH"},{"data":"Anger","floor":15,"key":"SMITH"},{"data":"Armaments","floor":23,"key":"SMITH"},{"data":"Shockwave","floor":25,"key":"SMITH"},{"data":"Whirlwind","floor":28,"key":"SMITH"},{"data":"Inflame","floor":30,"key":"SMITH"},{"floor":32,"key":"REST"}],"neow_cost":"NONE","seed_source_timestamp":663356404334617,"circlet_count":0,"master_deck":["AscendersBane","Strike_R","Strike_R","Defend_R+1","Defend_R","Defend_R","Defend_R","Bash+1","Sword Boomerang+1","Armaments+1","Fiend Fire","Fiend Fire","Inflame+1","Dropkick","Iron Wave","Spot Weakness","Anger+1","Sword Boomerang","Shockwave+1","Whirlwind+1","Spot Weakness","True Grit"],"relics":["Burning Blood","Bag of Preparation","Letter Opener","Mark of Pain","Red Mask","Lee\u0027s Waffle","Juzu Bracelet","Centennial Puzzle","Ancient Tea Set","Incense Burner"],"potions_floor_usage":[13,16,16,19,24,31,33],"damage_taken":[{"damage":19,"enemies":"Jaw Worm","floor":1,"turns":5},{"damage":1,"enemies":"Cultist","floor":2,"turns":3},{"damage":0,"enemies":"Small Slimes","floor":5,"turns":3},{"damage":15,"enemies":"Gremlin Gang","floor":8,"turns":8},{"damage":15,"enemies":"Lagavulin","floor":10,"turns":5},{"damage":11,"enemies":"Blue Slaver","floor":11,"turns":5},{"damage":1,"enemies":"2 Fungi Beasts","floor":12,"turns":3},{"damage":17,"enemies":"3 Sentries","floor":13,"turns":9},{"damage":1,"enemies":"Looter","floor":14,"turns":3},{"damage":24,"enemies":"Slime Boss","floor":16,"turns":7},{"damage":25,"enemies":"Shell Parasite","floor":18,"turns":4},{"damage":19,"enemies":"Masked Bandits","floor":19,"turns":3},{"damage":11,"enemies":"2 Thieves","floor":21,"turns":3},{"damage":29,"enemies":"Slavers","floor":24,"turns":4},{"damage":19,"enemies":"Book of Stabbing","floor":27,"turns":3},{"damage":19,"enemies":"Gremlin Leader","floor":29,"turns":3},{"damage":14,"enemies":"Sentry and Sphere","floor":31,"turns":4},{"damage":53,"enemies":"Collector","floor":33,"turns":6}],"seed_played":"-5836303046858098938","potions_obtained":[{"floor":5,"key":"Block Potion"},{"floor":10,"key":"Dexterity Potion"},{"floor":12,"key":"Strength Potion"},{"floor":13,"key":"Dexterity Potion"},{"floor":14,"key":"BloodPotion"},{"floor":16,"key":"Fire Potion"},{"floor":18,"key":"SpeedPotion"},{"floor":21,"key":"FearPotion"},{"floor":29,"key":"Explosive Potion"}],"is_trial":false,"path_per_floor":["M","M","?","?","M","R","$","M","T","E","M","M","E","M","R","B",null,"M","?","$","M","?","R","E","R","T","E","R","E","R","M","R","B"],"character_chosen":"IRONCLAD","items_purchased":["Inflame","Lee\u0027s Waffle"],"campfire_rested":1,"item_purchase_floors":[7,20],"current_hp_per_floor":[55,60,37,37,43,43,43,34,34,25,20,25,14,19,19,19,61,42,29,82,77,77,77,54,54,54,41,41,28,28,20,44,0],"gold":204,"neow_bonus":"HUNDRED_GOLD","is_prod":false,"is_daily":false,"chose_seed":false,"campfire_upgraded":6,"win_rate":0,"timestamp":1562055543,"path_taken":["M","M","?","?","M","R","$","M","T","E","?","M","E","M","R","BOSS","M","?","$","M","?","R","E","R","T","E","R","E","R","M","R","BOSS"],"build_version":"2019-06-30","purchased_purges":2,"victory":false,"max_hp_per_floor":[75,75,75,75,75,75,75,75,75,75,75,75,75,75,75,75,75,75,75,82,82,82,82,82,82,82,82,82,82,82,82,82,82],"card_choices":[{"not_picked":["Havoc","Flex"],"picked":"Sword Boomerang","floor":1},{"not_picked":["Wild Strike","Corruption"],"picked":"Armaments","floor":2},{"not_picked":["Ghostly Armor","Clash"],"picked":"Fiend Fire","floor":5},{"not_picked":["Flex","Infernal Blade","Clash"],"picked":"SKIP","floor":8},{"not_picked":["Clash","Havoc"],"picked":"Dropkick","floor":10},{"not_picked":["Body Slam","Bloodletting"],"picked":"Iron Wave","floor":11},{"not_picked":["Havoc","Cleave"],"picked":"Spot Weakness","floor":12},{"not_picked":["Fiend Fire","Searing Blow"],"picked":"Anger","floor":13},{"not_picked":["Wild Strike","Sever Soul"],"picked":"Sword Boomerang","floor":14},{"not_picked":["Heavy Blade","Flex","Searing Blow"],"picked":"SKIP","floor":18},{"not_picked":["Fire Breathing","Sword Boomerang"],"picked":"Shockwave","floor":19},{"not_picked":["Blood for Blood","Cleave","Twin Strike"],"picked":"SKIP","floor":21},{"not_picked":["Body Slam","Blood for Blood"],"picked":"Spot Weakness","floor":24},{"not_picked":["Intimidate","Warcry","Headbutt"],"picked":"SKIP","floor":27},{"not_picked":["Sword Boomerang","Fiend Fire","Clash"],"picked":"SKIP","floor":29},{"not_picked":["Heavy Blade","Wild Strike+1"],"picked":"True Grit","floor":31}],"player_experience":1651239,"relics_obtained":[{"floor":10,"key":"Bag of Preparation"},{"floor":13,"key":"Letter Opener"},{"floor":19,"key":"Red Mask"},{"floor":24,"key":"Juzu Bracelet"},{"floor":26,"key":"Centennial Puzzle"},{"floor":27,"key":"Ancient Tea Set"},{"floor":29,"key":"Incense Burner"}],"event_choices":[{"damage_healed":0,"gold_gain":0,"player_choice":"Entered Light","damage_taken":23,"max_hp_gain":0,"max_hp_loss":0,"event_name":"Shining Light","floor":3,"gold_loss":0,"cards_upgraded":["Sword Boomerang","Defend_R"]},{"damage_healed":0,"gold_gain":0,"cards_transformed":["Strike_R"],"player_choice":"Transformed","damage_taken":0,"max_hp_gain":0,"max_hp_loss":0,"event_name":"Transmorgrifier","floor":4,"gold_loss":0,"cards_obtained":["Fiend Fire"]},{"damage_healed":0,"gold_gain":0,"player_choice":"Fought Bandits","damage_taken":0,"max_hp_gain":0,"max_hp_loss":0,"event_name":"Masked Bandits","floor":19,"gold_loss":0},{"damage_healed":0,"gold_gain":0,"player_choice":"Read","damage_taken":0,"max_hp_gain":0,"max_hp_loss":0,"event_name":"The Library","floor":22,"gold_loss":0,"cards_obtained":["Whirlwind"]}],"is_beta":true,"boss_relics":[{"not_picked":["Fusion Hammer","Philosopher\u0027s Stone"],"picked":"Mark of Pain"}],"items_purged_floors":[7,20],"is_endless":false,"potions_floor_spawned":[5,10,12,13,14,16,18,21,29],"killed_by":"Collector","ascension_level":20}