{"gold_per_floor":[115,290,290,95,95,133,133,166,192,208,208,39,77,98,98,217,217,235,175,66,85,104,137,137,12,12,12,48,48,48,72,72,72],"floor_reached":33,"playtime":3193,"items_purged":["Doubt","Strike_R","Strike_R"],"score":399,"play_id":"edfc90f7-868e-4b42-9116-3a16e551e25e","local_time":"20190712223930","is_ascension_mode":false,"campfire_choices":[{"data":"Inflame","floor":7,"key":"SMITH"},{"data":"Inflame","floor":11,"key":"SMITH"},{"data":"Armaments","floor":15,"key":"SMITH"},{"data":"Limit Break","floor":24,"key":"SMITH"},{"data":"Rupture","floor":27,"key":"SMITH"},{"floor":30,"key":"REST"},{"floor":32,"key":"REST"}],"neow_cost":"CURSE","seed_source_timestamp":1554787660475800,"circlet_count":0,"master_deck":["Strike_R","Defend_R","Defend_R","Defend_R","Bash","Headbutt","Inflame+1","Shrug It Off","Warcry","Inflame+1","Thunderclap","True Grit","Armaments+1","Flame Barrier","Cleave","Limit Break+1","Clash+1","Warcry","Combust","Rupture+1","Disarm","Heavy Blade+1","Flex","Anger","Inflame+1"],"relics":["Burning Blood","FossilizedHelix","Golden Idol","Paper Frog","Omamori","Bag of Preparation","Kunai","Empty Cage","Vajra","Letter Opener"],"potions_floor_usage":[8,18,21,33],"damage_taken":[{"damage":0,"enemies":"Small Slimes","floor":1,"turns":3},{"damage":9,"enemies":"Gremlin Nob","floor":6,"turns":4},{"damage":1,"enemies":"Lagavulin","floor":8,"turns":7},{"damage":0,"enemies":"Jaw Worm","floor":10,"turns":2},{"damage":19,"enemies":"3 Sentries","floor":13,"turns":10},{"damage":0,"enemies":"Cultist","floor":14,"turns":4},{"damage":0,"enemies":"Slime Boss","floor":16,"turns":7},{"damage":14,"enemies":"2 Thieves","floor":18,"turns":4},{"damage":16,"enemies":"Spheric Guardian","floor":21,"turns":5},{"damage":6,"enemies":"Chosen and Byrds","floor":22,"turns":5},{"damage":3,"enemies":"Gremlin Leader","floor":23,"turns":6},{"damage":61,"enemies":"Slavers","floor":28,"turns":5},{"damage":30,"enemies":"Shelled Parasite and Fungi","floor":31,"turns":5},{"damage":41,"enemies":"Automaton","floor":33,"turns":5}],"seed_played":"8434322969925652965","potions_obtained":[{"floor":6,"key":"EssenceOfSteel"},{"floor":13,"key":"SmokeBomb"},{"floor":16,"key":"LiquidBronze"},{"floor":18,"key":"Weak Potion"},{"floor":31,"key":"SteroidPotion"}],"is_trial":false,"path_per_floor":["M","?","?","$","?","E","R","E","T","M","R","$","E","M","R","B",null,"M","?","$","M","M","E","R","$","T","R","E","$","R","M","R","B"],"character_chosen":"IRONCLAD","items_purchased":["Inflame","Shrug It Off","True Grit","Armaments","Rupture","Disarm"],"campfire_rested":2,"item_purchase_floors":[4,4,12,12,20,20],"current_hp_per_floor":[80,80,60,60,65,62,62,67,67,73,73,73,60,66,66,72,85,77,77,77,67,67,70,70,70,70,70,15,15,40,16,41,0],"gold":72,"neow_bonus":"ONE_RARE_RELIC","is_prod":false,"is_daily":false,"chose_seed":false,"campfire_upgraded":5,"win_rate":0,"timestamp":1562985570,"path_taken":["M","?","?","$","?","E","R","E","T","M","R","$","E","M","R","BOSS","M","?","$","M","?","E","R","$","T","R","E","$","R","M","R","BOSS"],"build_version":"2019-07-05","purchased_purges":3,"victory":false,"max_hp_per_floor":[80,80,80,80,85,85,85,85,85,85,85,85,85,85,85,85,85,85,85,85,85,85,85,85,85,85,85,85,85,85,85,85,85],"card_choices":[{"not_picked":["Body Slam","Flex"],"picked":"Headbutt","floor":1},{"not_picked":["Flex","Sword Boomerang"],"picked":"Warcry","floor":6},{"not_picked":["Flame Barrier","Reckless Charge"],"picked":"Inflame","floor":8},{"not_picked":["Pommel Strike","Infernal Blade"],"picked":"Thunderclap","floor":10},{"not_picked":["Armaments","Juggernaut"],"picked":"Flame Barrier","floor":13},{"not_picked":["Warcry","True Grit"],"picked":"Cleave","floor":14},{"not_picked":["Bludgeon","Demon Form"],"picked":"Limit Break","floor":16},{"not_picked":["Shrug It Off+1","Burning Pact+1"],"picked":"Clash+1","floor":18},{"not_picked":["Dropkick+1","Twin Strike+1"],"picked":"Heavy Blade+1","floor":21},{"not_picked":["Clothesline","Carnage"],"picked":"Flex","floor":22},{"not_picked":["Shockwave","Double Tap"],"picked":"Anger","floor":23},{"not_picked":["Brutality","Headbutt+1"],"picked":"Inflame+1","floor":28},{"not_picked":["Entrench","Body Slam+1","Second Wind"],"picked":"SKIP","floor":31}],"player_experience":70118,"relics_obtained":[{"floor":6,"key":"Paper Frog"},{"floor":8,"key":"Omamori"},{"floor":9,"key":"Bag of Preparation"},{"floor":13,"key":"Kunai"},{"floor":23,"key":"Vajra"},{"floor":28,"key":"Letter Opener"}],"event_choices":[{"damage_healed":0,"gold_gain":175,"player_choice":"AGREE","damage_taken":0,"max_hp_gain":0,"max_hp_loss":0,"event_name":"Liars Game","floor":2,"gold_loss":0,"cards_obtained":["Doubt"]},{"damage_healed":0,"gold_gain":0,"player_choice":"Take Damage","damage_taken":20,"relics_obtained":["Golden Idol"],"max_hp_gain":0,"max_hp_loss":0,"event_name":"Golden Idol","floor":3,"gold_loss":0},{"damage_healed":0,"gold_gain":0,"player_choice":"Donut","damage_taken":0,"max_hp_gain":5,"max_hp_loss":0,"event_name":"Big Fish","floor":5,"gold_loss":0},{"damage_healed":0,"gold_gain":0,"cards_transformed":["Strike_R","Defend_R"],"player_choice":"Transformed Cards","damage_taken":0,"max_hp_gain":0,"max_hp_loss":0,"event_name":"Designer","floor":19,"gold_loss":60,"cards_obtained":["Warcry","Combust"]}],"is_beta":false,"boss_relics":[{"not_picked":["Eternal Feather","Fusion Hammer"],"picked":"Empty Cage"}],"items_purged_floors":[4,12,25],"is_endless":false,"potions_floor_spawned":[6,13,16,18,31],"killed_by":"Automaton","ascension_level":0}