{"gold_per_floor":[109,109,121,25,40,40,74,89,139,154,224,259,259,285,285,381,381,393,393,492,507,279,279,310,225,225,258,272,290,290,390,390,485,485,496,507,907,887,382,411,411,442,442,442,455,455,123,141,141,141],"floor_reached":51,"playtime":2529,"items_purged":["Headbutt","Armaments","Combust"],"score":943,"play_id":"df7c9789-edc7-4484-adb1-79eee88a4505","local_time":"20190630160852","is_ascension_mode":true,"campfire_choices":[{"data":"Armaments","floor":6.0,"key":"SMITH"},{"data":"Inflame","floor":13.0,"key":"SMITH"},{"data":"Feel No Pain","floor":15.0,"key":"SMITH"},{"data":"Demon Form","floor":23.0,"key":"SMITH"},{"data":"Evolve","floor":30,"key":"SMITH"},{"data":"Rage","floor":32,"key":"SMITH"},{"data":"1","floor":41,"key":"LIFT"},{"data":"2","floor":44,"key":"LIFT"},{"data":"3","floor":49,"key":"LIFT"}],"neow_cost":"","seed_source_timestamp":0,"circlet_count":0,"master_deck":["Heavy Blade","Thunderclap","Burning Pact","Armaments+1","Shrug It Off","Inflame+1","Hemokinesis+1","Flash of Steel","Sword Boomerang+1","Feed","Blood for Blood","Feel No Pain+1","Battle Trance","Demon Form+1","Shrug It Off","Rage+1","Uppercut+1","Reaper","Immolate","Second Wind","Ghostly Armor","Evolve+1","Pummel","Reaper","Fiend Fire","Impervious","Shrug It Off"],"special_seed":0,"relics":["Burning Blood","Pandora\u0027s Box","Paper Frog","PreservedInsect","Bottled Tornado","Lantern","Whetstone","Orrery","Matryoshka","Girya","Meat on the Bone","Bottled Flame","Red Mask","Champion Belt","Sundial","Coffee Dripper","Old Coin","Pantograph","Dream Catcher","Centennial Puzzle","Orichalcum","Letter Opener","Mummified Hand"],"potions_floor_usage":[31,50,50],"damage_taken":[{"damage":8.0,"enemies":"2 Louse","floor":1.0,"turns":3.0},{"damage":7.0,"enemies":"Jaw Worm","floor":3.0,"turns":3.0},{"damage":13.0,"enemies":"Small Slimes","floor":5.0,"turns":2.0},{"damage":27.0,"enemies":"Gremlin Nob","floor":7.0,"turns":4.0},{"damage":4.0,"enemies":"2 Fungi Beasts","floor":8.0,"turns":3.0},{"damage":6.0,"enemies":"3 Louse","floor":10.0,"turns":3.0},{"damage":4.0,"enemies":"Lagavulin","floor":12.0,"turns":3.0},{"damage":0.0,"enemies":"3 Sentries","floor":14.0,"turns":3.0},{"damage":25.0,"enemies":"The Guardian","floor":16.0,"turns":7.0},{"damage":19.0,"enemies":"Shell Parasite","floor":18.0,"turns":4.0},{"damage":15.0,"enemies":"Spheric Guardian","floor":21.0,"turns":5.0},{"damage":36.0,"enemies":"Slavers","floor":24.0,"turns":4.0},{"damage":38,"enemies":"Masked Bandits","floor":27,"turns":4},{"damage":16,"enemies":"Cultist and Chosen","floor":28,"turns":7},{"damage":35,"enemies":"3 Cultists","floor":29,"turns":5},{"damage":27,"enemies":"Colosseum Slavers","floor":31,"turns":3},{"damage":7,"enemies":"Colosseum Nobs","floor":31,"turns":3},{"damage":55,"enemies":"Automaton","floor":33,"turns":7},{"damage":32,"enemies":"3 Shapes","floor":35,"turns":5},{"damage":8,"enemies":"Orb Walker","floor":36,"turns":2},{"damage":5,"enemies":"Mind Bloom Boss Battle","floor":37,"turns":5},{"damage":29,"enemies":"Nemesis","floor":40,"turns":5},{"damage":23,"enemies":"Reptomancer","floor":42,"turns":5},{"damage":1,"enemies":"Sphere and 2 Shapes","floor":45,"turns":2},{"damage":21,"enemies":"Jaw Worm Horde","floor":48,"turns":3},{"damage":38,"enemies":"Awakened One","floor":50,"turns":10}],"seed_played":"6072110696371876026","potions_obtained":[{"floor":1.0,"key":"Regen Potion"},{"floor":7.0,"key":"Energy Potion"},{"floor":10.0,"key":"AttackPotion"},{"floor":16.0,"key":"SkillPotion"},{"floor":27,"key":"Swift Potion"},{"floor":29,"key":"Regen Potion"},{"floor":31,"key":"SpeedPotion"},{"floor":36,"key":"Energy Potion"},{"floor":38,"key":"Energy Potion"},{"floor":46,"key":"EssenceOfSteel"}],"is_trial":true,"path_per_floor":["M","?","M","$","M","R","E","M","T","M","T","E","R","E","R","B",null,"M","?","?","M","$","R","E","?","T","?","M","M","R","?","R","B",null,"M","M","?","?","$","E","R","E","T","R","M","?","$","M","R","B",null],"character_chosen":"IRONCLAD","items_purchased":["Flash of Steel","Immolate","Second Wind","Pantograph","Dream Catcher","Impervious","Shrug It Off"],"campfire_rested":0,"item_purchase_floors":[4,22,22,39,39,47,47],"current_hp_per_floor":[78,71,70,70,63,63,42,52,52,56,56,61,61,70,70,54,96,83,83,83,74,74,74,72,72,72,61,61,80,80,96,96,63,108,104,102,108,108,108,107,107,95,95,95,100,100,100,107,107,76],"gold":141,"neow_bonus":"","is_prod":false,"is_daily":false,"chose_seed":false,"campfire_upgraded":6,"win_rate":0,"timestamp":1561878532,"path_taken":["M","?","M","$","M","R","E","M","T","M","?","E","R","E","R","BOSS","M","?","?","M","$","R","E","?","T","?","M","M","R","?","R","BOSS","M","M","?","?","$","E","R","E","T","R","?","?","$","M","R","BOSS"],"build_version":"2019-01-23","purchased_purges":3,"victory":true,"max_hp_per_floor":[80,80,80,80,80,80,80,83,83,87,87,90,90,93,93,96,96,96,96,96,96,96,96,100,100,100,100,104,104,104,104,104,108,108,108,108,108,108,108,108,108,108,108,108,108,108,108,108,108,108],"card_choices":[{"not_picked":["Seeing Red","Blood for Blood"],"picked":"Hemokinesis","floor":1.0},{"not_picked":["Headbutt","Armaments"],"picked":"Combust","floor":3.0},{"not_picked":["Headbutt","Pommel Strike"],"picked":"Sword Boomerang","floor":5.0},{"not_picked":["Havoc","Ghostly Armor"],"picked":"Feed","floor":7.0},{"not_picked":["Searing Blow","Warcry"],"picked":"Blood for Blood","floor":8.0},{"not_picked":["Wild Strike","Havoc","Cleave"],"picked":"SKIP","floor":10.0},{"not_picked":["Berserk","Sentinel"],"picked":"Feel No Pain","floor":12.0},{"not_picked":["Body Slam","Flame Barrier"],"picked":"Battle Trance","floor":14.0},{"not_picked":["Brutality","Double Tap"],"picked":"Demon Form","floor":16.0},{"not_picked":["Hemokinesis","Anger"],"picked":"Shrug It Off","floor":17.0},{"not_picked":["Feel No Pain","Clash"],"picked":"Rage","floor":17.0},{"not_picked":["Thunderclap","Battle Trance"],"picked":"Uppercut+1","floor":18.0},{"not_picked":["Anger","Armaments+1","Metallicize"],"picked":"SKIP","floor":21.0},{"not_picked":["Flex+1","Sever Soul+1"],"picked":"Ghostly Armor","floor":24.0},{"not_picked":["Rupture+1","Infernal Blade"],"picked":"Evolve","floor":27},{"not_picked":["Blood for Blood+1","Havoc","Sword Boomerang"],"picked":"SKIP","floor":28},{"not_picked":["Inflame","Immolate","Pommel Strike+1"],"picked":"SKIP","floor":29},{"not_picked":["Rage","Burning Pact+1"],"picked":"Pummel","floor":31},{"not_picked":["Feed","Juggernaut"],"picked":"Reaper","floor":33},{"not_picked":["Blood for Blood+1","Warcry","Cleave"],"picked":"SKIP","floor":35},{"not_picked":["Body Slam+1","Sentinel","Hemokinesis"],"picked":"SKIP","floor":36},{"not_picked":["Shockwave","Thunderclap+1","Rampage+1"],"picked":"SKIP","floor":40},{"not_picked":["Burning Pact+1","Whirlwind","Entrench+1"],"picked":"SKIP","floor":42},{"not_picked":["Evolve","Twin Strike+1"],"picked":"Fiend Fire","floor":45},{"not_picked":["Hemokinesis+1","Heavy Blade","Spot Weakness+1"],"picked":"SKIP","floor":48}],"player_experience":158844,"relics_obtained":[{"floor":7.0,"key":"Paper Frog"},{"floor":9.0,"key":"PreservedInsect"},{"floor":11.0,"key":"Bottled Tornado"},{"floor":12.0,"key":"Lantern"},{"floor":14.0,"key":"Whetstone"},{"floor":24.0,"key":"Matryoshka"},{"floor":26,"key":"Meat on the Bone"},{"floor":26,"key":"Bottled Flame"},{"floor":27,"key":"Red Mask"},{"floor":31,"key":"Champion Belt"},{"floor":31,"key":"Sundial"},{"floor":37,"key":"Old Coin"},{"floor":40,"key":"Centennial Puzzle"},{"floor":42,"key":"Orichalcum"},{"floor":43,"key":"Letter Opener"},{"floor":43,"key":"Mummified Hand"}],"event_choices":[{"cards_removed":["Brutality"],"damage_healed":0.0,"max_hp_gain":0.0,"max_hp_loss":0.0,"gold_gain":0.0,"event_name":"Golden Wing","player_choice":"Card Removal","floor":2.0,"gold_loss":0.0,"damage_taken":7.0},{"damage_healed":0.0,"max_hp_gain":0.0,"max_hp_loss":0.0,"gold_gain":0.0,"cards_transformed":["Bash","Warcry"],"event_name":"Drug Dealer","player_choice":"Became Test Subject","floor":19.0,"gold_loss":0.0,"damage_taken":0.0,"cards_obtained":["Reaper","Armaments"]},{"damage_healed":0.0,"max_hp_gain":0.0,"max_hp_loss":0.0,"gold_gain":99.0,"event_name":"Nest","player_choice":"Stole From Cult","floor":20.0,"gold_loss":0.0,"damage_taken":0.0},{"damage_healed":0.0,"max_hp_gain":0.0,"max_hp_loss":0.0,"gold_gain":0.0,"event_name":"Addict","player_choice":"Obtained Relic","floor":25.0,"gold_loss":85.0,"damage_taken":0.0,"relics_obtained":["Girya"]},{"damage_healed":0,"gold_gain":0,"player_choice":"Fought Bandits","damage_taken":0,"max_hp_gain":0,"max_hp_loss":0,"event_name":"Masked Bandits","floor":27,"gold_loss":0},{"damage_healed":0,"gold_gain":0,"player_choice":"Fight","damage_taken":0,"max_hp_gain":0,"max_hp_loss":0,"event_name":"Colosseum","floor":31,"gold_loss":0},{"damage_healed":0,"gold_gain":0,"player_choice":"Fought Nobs","damage_taken":0,"max_hp_gain":0,"max_hp_loss":0,"event_name":"Colosseum","floor":31,"gold_loss":0},{"damage_healed":0,"gold_gain":0,"player_choice":"Fight","damage_taken":0,"max_hp_gain":0,"max_hp_loss":0,"event_name":"MindBloom","floor":37,"gold_loss":0},{"damage_healed":0,"gold_gain":0,"player_choice":"Bought 1 Potion","damage_taken":0,"max_hp_gain":0,"max_hp_loss":0,"event_name":"The Woman in Blue","floor":38,"gold_loss":0},{"damage_healed":0,"gold_gain":0,"player_choice":"Got Potions","damage_taken":0,"max_hp_gain":0,"max_hp_loss":0,"event_name":"Lab","floor":46,"gold_loss":0}],"is_beta":false,"boss_relics":[{"not_picked":["Pandora\u0027s Box","Calling Bell"],"picked":"Orrery"},{"not_picked":["Cursed Key","Sozu"],"picked":"Coffee Dripper"}],"items_purged_floors":[22,39,47],"is_endless":false,"potions_floor_spawned":[1,7,10,16,27,29,31,31,36,40,45,48],"ascension_level":2}