{"gold_per_floor":[110,110,35,51,51,51,27,27,77,5,24,24,24,91,91,195,195,206,282,332,344,394,394,444,348,348,358,358,373,13,23,23,125,125,137,187,205,255,275,275,425,425,450,450,462,473,2,101,101,101],"floor_reached":51,"playtime":3768,"items_purged":["Strike_R"],"score":633,"play_id":"6309e2b1-72f3-428c-b0da-342fcc870d44","local_time":"20190702235740","is_ascension_mode":false,"campfire_choices":[{"floor":6,"key":"REST"},{"data":"Armaments","floor":12,"key":"SMITH"},{"data":"Limit Break","floor":15,"key":"SMITH"},{"floor":23,"key":"REST"},{"data":"Bludgeon","floor":28,"key":"SMITH"},{"data":"Dual Wield","floor":32,"key":"SMITH"},{"data":"Whirlwind","floor":40,"key":"SMITH"},{"data":"Flame Barrier","floor":42,"key":"SMITH"},{"data":"Reaper","floor":44,"key":"SMITH"},{"floor":49,"key":"REST"}],"neow_cost":"NONE","seed_source_timestamp":10484027797083,"circlet_count":0,"master_deck":["Strike_R","Strike_R","Strike_R","Defend_R","Defend_R","Defend_R","Bash","Limit Break+1","Headbutt","Inflame","Heavy Blade","Armaments+1","Flame Barrier","Flex","Berserk","Bludgeon+1","Infernal Blade","Pommel Strike","Necronomicurse","Perfected Strike+1","RitualDagger","Shrug It Off","Entrench","Anger","Blood for Blood","Flame Barrier+1","Reaper+1","Dual Wield+1","Offering","Flex","Spot Weakness","Pommel Strike","Whirlwind+1","Disarm+1","Madness","Madness","Warcry+1","Flex+1","Pommel Strike+1","Whirlwind+1"],"relics":["Burning Blood","Incense Burner","Strawberry","SsserpentHead","Mark of Pain","Red Mask","Necronomicon","Bag of Marbles","Pen Nib","Orrery","Calipers","Bag of Preparation","Mummified Hand","Bird Faced Urn"],"potions_floor_usage":[16,16,21,27,29,50,50,50],"damage_taken":[{"damage":0,"enemies":"Small Slimes","floor":1,"turns":3},{"damage":6,"enemies":"Cultist","floor":4,"turns":3},{"damage":0,"enemies":"2 Louse","floor":11,"turns":2},{"damage":8,"enemies":"Gremlin Gang","floor":14,"turns":4},{"damage":52,"enemies":"Hexaghost","floor":16,"turns":10},{"damage":5,"enemies":"Chosen","floor":18,"turns":4},{"damage":38,"enemies":"Masked Bandits","floor":19,"turns":4},{"damage":19,"enemies":"2 Thieves","floor":21,"turns":4},{"damage":6,"enemies":"Shelled Parasite and Fungi","floor":27,"turns":3},{"damage":21,"enemies":"Centurion and Healer","floor":29,"turns":4},{"damage":10,"enemies":"Chosen and Byrds","floor":31,"turns":4},{"damage":98,"enemies":"Champ","floor":33,"turns":10},{"damage":0,"enemies":"Orb Walker","floor":35,"turns":3},{"damage":1,"enemies":"3 Shapes","floor":37,"turns":3},{"damage":6,"enemies":"Sphere and 2 Shapes","floor":39,"turns":3},{"damage":11,"enemies":"Mind Bloom Boss Battle","floor":41,"turns":3},{"damage":6,"enemies":"Writhing Mass","floor":45,"turns":1},{"damage":60,"enemies":"4 Shapes","floor":46,"turns":3},{"damage":22,"enemies":"2 Orb Walkers","floor":48,"turns":2},{"damage":46,"enemies":"Donu and Deca","floor":50,"turns":5}],"seed_played":"-5518378478527213143","potions_obtained":[{"floor":1,"key":"EssenceOfSteel"},{"floor":11,"key":"SpeedPotion"},{"floor":19,"key":"Weak Potion"},{"floor":21,"key":"Fire Potion"},{"floor":27,"key":"BloodPotion"},{"floor":37,"key":"PowerPotion"},{"floor":39,"key":"Dexterity Potion"},{"floor":41,"key":"EssenceOfSteel"}],"is_trial":false,"path_per_floor":["M","?","$","M","?","R","$","?","T","$","M","R","?","M","R","B",null,"M","?","?","M","?","R","?","$","T","M","R","M","$","M","R","B",null,"M","?","M","?","M","R","?","R","T","R","M","M","$","?","R","B",null],"character_chosen":"IRONCLAD","items_purchased":["Inflame","Armaments","Flame Barrier","Shrug It Off","Entrench","Flame Barrier","Reaper","Pen Nib","Mummified Hand","BloodPotion","Regen Potion"],"campfire_rested":3,"item_purchase_floors":[3,7,10,25,25,30,30,30,47,47,47],"current_hp_per_floor":[80,68,68,68,68,80,80,80,87,87,87,87,87,85,85,39,87,87,55,39,26,55,81,75,75,75,75,75,81,81,87,87,9,87,87,87,87,76,87,87,82,82,82,82,82,53,53,37,63,86],"gold":101,"neow_bonus":"ONE_RANDOM_RARE_CARD","is_prod":false,"is_daily":false,"chose_seed":false,"campfire_upgraded":7,"win_rate":0,"timestamp":1562108260,"path_taken":["M","?","$","M","?","R","$","?","T","$","?","R","?","?","R","BOSS","M","?","?","M","?","R","?","$","T","M","R","M","$","M","R","BOSS","M","?","M","?","M","R","?","R","T","R","M","M","$","?","R","BOSS"],"build_version":"2019-07-01","purchased_purges":1,"victory":true,"max_hp_per_floor":[80,80,80,80,80,80,80,80,87,87,87,87,87,87,87,87,87,87,87,87,87,87,87,87,87,87,87,87,87,87,87,87,87,87,87,87,87,87,87,87,87,87,87,87,87,87,87,87,87,87],"card_choices":[{"not_picked":["Blood for Blood","Heavy Blade"],"picked":"Headbutt","floor":1},{"not_picked":["True Grit","Iron Wave"],"picked":"Heavy Blade","floor":4},{"not_picked":["Warcry","Body Slam"],"picked":"Flex","floor":11},{"not_picked":["Burning Pact","True Grit"],"picked":"Berserk","floor":14},{"not_picked":["Feed","Fiend Fire"],"picked":"Bludgeon","floor":16},{"not_picked":["Searing Blow+1","Ghostly Armor"],"picked":"Infernal Blade","floor":18},{"not_picked":["Heavy Blade","Headbutt"],"picked":"Pommel Strike","floor":19},{"not_picked":["Warcry","Clash+1"],"picked":"Perfected Strike+1","floor":21},{"not_picked":["Spot Weakness+1","True Grit"],"picked":"Anger","floor":27},{"not_picked":["Infernal Blade","Clash"],"picked":"Blood for Blood","floor":29},{"not_picked":["Intimidate","Iron Wave"],"picked":"Dual Wield","floor":31},{"not_picked":["Dark Embrace","Brutality"],"picked":"Offering","floor":33},{"not_picked":["Cleave","Twin Strike+1"],"picked":"Flex","floor":34},{"not_picked":["Rupture","Second Wind"],"picked":"Spot Weakness","floor":34},{"not_picked":["Burning Pact","True Grit"],"picked":"Pommel Strike","floor":34},{"not_picked":["True Grit","Wild Strike"],"picked":"Whirlwind","floor":34},{"not_picked":["Anger","Rampage"],"picked":"Disarm+1","floor":35},{"not_picked":["Power Through","Second Wind","Cleave"],"picked":"SKIP","floor":37},{"not_picked":["Reckless Charge+1","Sword Boomerang+1"],"picked":"Warcry+1","floor":39},{"not_picked":["Dual Wield","Ghostly Armor+1"],"picked":"Flex+1","floor":41},{"not_picked":["Berserk","Thunderclap"],"picked":"Pommel Strike+1","floor":45},{"not_picked":["Pommel Strike","Iron Wave+1","Dropkick"],"picked":"SKIP","floor":46},{"not_picked":["Flame Barrier+1","Perfected Strike+1"],"picked":"Whirlwind+1","floor":48}],"player_experience":34275,"relics_obtained":[{"floor":9,"key":"Strawberry"},{"floor":19,"key":"Red Mask"},{"floor":20,"key":"Necronomicon"},{"floor":26,"key":"Bag of Marbles"},{"floor":41,"key":"Calipers"},{"floor":43,"key":"Bag of Preparation"},{"floor":48,"key":"Bird Faced Urn"}],"event_choices":[{"damage_healed":0,"gold_gain":0,"player_choice":"Success","damage_taken":12,"relics_obtained":["Incense Burner"],"max_hp_gain":0,"max_hp_loss":0,"event_name":"Scrap Ooze","floor":2,"gold_loss":0},{"damage_healed":0,"gold_gain":0,"player_choice":"Ignored","damage_taken":0,"max_hp_gain":0,"max_hp_loss":0,"event_name":"Shining Light","floor":5,"gold_loss":0},{"cards_removed":["Defend_R"],"damage_healed":0,"gold_gain":0,"player_choice":"Offered Basic","damage_taken":0,"max_hp_gain":0,"max_hp_loss":0,"event_name":"Bonfire Elementals","floor":8,"gold_loss":0},{"damage_healed":0,"gold_gain":0,"player_choice":"Trade","damage_taken":0,"relics_obtained":["SsserpentHead"],"max_hp_gain":0,"max_hp_loss":0,"event_name":"FaceTrader","floor":13,"gold_loss":0},{"damage_healed":0,"gold_gain":0,"player_choice":"Fought Bandits","damage_taken":0,"max_hp_gain":0,"max_hp_loss":0,"event_name":"Masked Bandits","floor":19,"gold_loss":0},{"damage_healed":0,"gold_gain":0,"player_choice":"Obtained Book","damage_taken":16,"max_hp_gain":0,"max_hp_loss":0,"event_name":"Cursed Tome","floor":20,"gold_loss":0},{"damage_healed":29,"gold_gain":0,"player_choice":"Heal","damage_taken":0,"max_hp_gain":0,"max_hp_loss":0,"event_name":"The Library","floor":22,"gold_loss":0},{"damage_healed":0,"gold_gain":0,"player_choice":"Joined the Cult","damage_taken":6,"max_hp_gain":0,"max_hp_loss":0,"event_name":"Nest","floor":24,"gold_loss":0,"cards_obtained":["RitualDagger"]},{"cards_removed":["Strike_R"],"damage_healed":0,"gold_gain":0,"player_choice":"Removed Attack","damage_taken":0,"max_hp_gain":0,"max_hp_loss":0,"event_name":"Falling","floor":36,"gold_loss":0},{"damage_healed":0,"gold_gain":0,"player_choice":"Embrace Madness","damage_taken":11,"max_hp_gain":0,"max_hp_loss":0,"event_name":"Winding Halls","floor":38,"gold_loss":0,"cards_obtained":["Madness","Madness"]},{"damage_healed":0,"gold_gain":0,"player_choice":"Fight","damage_taken":0,"max_hp_gain":0,"max_hp_loss":0,"event_name":"MindBloom","floor":41,"gold_loss":0},{"damage_healed":0,"gold_gain":0,"player_choice":"Fight","damage_taken":0,"max_hp_gain":0,"max_hp_loss":0,"event_name":"Mysterious Sphere","floor":48,"gold_loss":0}],"is_beta":false,"boss_relics":[{"not_picked":["Calling Bell","Busted Crown"],"picked":"Mark of Pain"},{"not_picked":["Philosopher\u0027s Stone","Cursed Key"],"picked":"Orrery"}],"items_purged_floors":[47],"is_endless":false,"potions_floor_spawned":[1,11,19,21,27,37,39,41,45],"ascension_level":0}