{"gold_per_floor":[112,130,150,167,187,212,212,245,295,295,315,315,75,93,93,166,166,182,209,229,5,5,37,37,50,50,81,81,109,109,124,124,201,201,218,229,329,329,22,22,47,70,82,94,120,132,173,205,217,229],"floor_reached":50,"playtime":1869,"items_purged":["Strike_R","Strike_R","Strike_R"],"score":1194,"play_id":"d41fbdec-e064-4afe-96a4-dc3f7efe8d6f","local_time":"20190714094408","is_ascension_mode":true,"campfire_choices":[{"floor":7,"key":"REST"},{"data":"Armaments","floor":15,"key":"SMITH"},{"floor":24,"key":"REST"},{"data":"Corruption","floor":28,"key":"SMITH"},{"floor":32,"key":"REST"},{"data":"Dark Embrace","floor":40,"key":"SMITH"},{"floor":44,"key":"REST"},{"floor":46,"key":"REST"},{"data":"Limit Break","floor":49,"key":"SMITH"}],"neow_cost":"NONE","seed_source_timestamp":179550128851663,"circlet_count":0,"master_deck":["AscendersBane","Defend_R","Defend_R","Defend_R","Bash","Flex","Twin Strike","Sword Boomerang","Bludgeon+1","Shrug It Off","Whirlwind+1","Armaments+1","Twin Strike","Immolate","Sever Soul","Heavy Blade+1","Spot Weakness","Combust","Dark Embrace+1","Ghostly Armor","Pommel Strike","Corruption+1","Second Wind","Uppercut+1","Power Through","Sword Boomerang+1","Limit Break+1","Disarm+1","Pummel+1","Purity","Seeing Red","Fiend Fire+1","Blood for Blood+1"],"relics":["Burning Blood","NeowsBlessing","Shuriken","Red Skull","Happy Flower","PreservedInsect","Runic Pyramid","Red Mask","Bottled Flame","Molten Egg 2","Omamori","Whetstone","Cursed Key","Magic Flower","MawBank","Champion Belt"],"potions_floor_usage":[6,8,16,19,23,29,33,33,41,47],"damage_taken":[{"damage":0,"enemies":"2 Louse","floor":1,"turns":1},{"damage":0,"enemies":"Small Slimes","floor":2,"turns":1},{"damage":0,"enemies":"Cultist","floor":3,"turns":1},{"damage":31,"enemies":"Exordium Wildlife","floor":4,"turns":5},{"damage":9,"enemies":"2 Fungi Beasts","floor":5,"turns":2},{"damage":37,"enemies":"3 Sentries","floor":6,"turns":8},{"damage":22,"enemies":"Lagavulin","floor":8,"turns":6},{"damage":0,"enemies":"Large Slime","floor":11,"turns":2},{"damage":0,"enemies":"Exordium Thugs","floor":14,"turns":2},{"damage":30,"enemies":"The Guardian","floor":16,"turns":9},{"damage":12,"enemies":"3 Byrds","floor":18,"turns":4},{"damage":30,"enemies":"Masked Bandits","floor":19,"turns":3},{"damage":11,"enemies":"Spheric Guardian","floor":20,"turns":3},{"damage":27,"enemies":"Book of Stabbing","floor":23,"turns":4},{"damage":2,"enemies":"Cultist and Chosen","floor":25,"turns":5},{"damage":2,"enemies":"Gremlin Leader","floor":27,"turns":4},{"damage":20,"enemies":"Slavers","floor":29,"turns":3},{"damage":3,"enemies":"Centurion and Healer","floor":31,"turns":5},{"damage":52,"enemies":"Automaton","floor":33,"turns":10},{"damage":12,"enemies":"3 Darklings","floor":35,"turns":3},{"damage":11,"enemies":"Orb Walker","floor":36,"turns":3},{"damage":0,"enemies":"Mind Bloom Boss Battle","floor":37,"turns":6},{"damage":18,"enemies":"Nemesis","floor":41,"turns":5},{"damage":46,"enemies":"Writhing Mass","floor":42,"turns":6},{"damage":20,"enemies":"Maw","floor":45,"turns":7},{"damage":15,"enemies":"Reptomancer","floor":47,"turns":4},{"damage":2,"enemies":"Transient","floor":48,"turns":6},{"damage":64,"enemies":"Donu and Deca","floor":50,"turns":3}],"seed_played":"-5696191525688625646","potions_obtained":[{"floor":3,"key":"SpeedPotion"},{"floor":5,"key":"Weak Potion"},{"floor":6,"key":"Fire Potion"},{"floor":11,"key":"LiquidBronze"},{"floor":18,"key":"EssenceOfSteel"},{"floor":19,"key":"GamblersBrew"},{"floor":23,"key":"Block Potion"},{"floor":29,"key":"Fire Potion"},{"floor":31,"key":"Block Potion"},{"floor":37,"key":"AttackPotion"},{"floor":41,"key":"Poison Potion"},{"floor":42,"key":"EssenceOfSteel"},{"floor":47,"key":"SteroidPotion"}],"is_trial":false,"path_per_floor":["M","M","M","M","M","E","R","E","T","?","M","?","$","M","R","B",null,"M","?","M","$","?","E","R","M","T","E","R","E","?","M","R","B",null,"M","M","?","?","$","R","E","M","T","R","M","R","E","M","R","B"],"character_chosen":"IRONCLAD","items_purchased":["PreservedInsect","Combust","Regen Potion","Purity","Regen Potion"],"campfire_rested":5,"item_purchase_floors":[13,21,21,39,39],"current_hp_per_floor":[74,75,75,50,47,16,38,22,22,22,28,28,28,34,34,10,59,53,29,24,24,24,15,37,41,41,45,45,31,31,34,56,10,59,53,48,54,54,54,54,67,30,30,52,41,63,57,64,64,0],"gold":229,"neow_bonus":"THREE_ENEMY_KILL","is_prod":false,"is_daily":false,"chose_seed":false,"campfire_upgraded":4,"win_rate":0,"timestamp":1563065048,"path_taken":["M","M","M","M","M","E","R","E","T","?","M","?","$","M","R","BOSS","M","?","M","$","?","E","R","M","T","E","R","E","?","M","R","BOSS","M","M","?","?","$","R","E","M","T","R","M","R","E","?","R","BOSS"],"build_version":"2019-07-05","purchased_purges":3,"victory":false,"max_hp_per_floor":[75,75,75,75,75,75,75,75,75,75,75,75,75,75,75,75,75,75,75,75,75,75,75,75,75,75,75,75,75,75,75,75,75,75,75,75,75,75,75,75,75,75,75,75,75,75,75,75,75,75],"card_choices":[{"not_picked":["Havoc","Sever Soul"],"picked":"Flex","floor":1},{"not_picked":["Cleave","Flex"],"picked":"Twin Strike","floor":2},{"not_picked":["True Grit","Flex"],"picked":"Sword Boomerang","floor":3},{"not_picked":["Reckless Charge","Thunderclap"],"picked":"Bludgeon","floor":4},{"not_picked":["Clash","Body Slam"],"picked":"Shrug It Off","floor":5},{"not_picked":["Iron Wave","Clothesline"],"picked":"Whirlwind","floor":6},{"not_picked":["Entrench","Spot Weakness"],"picked":"Armaments","floor":8},{"not_picked":["Warcry","Headbutt"],"picked":"Twin Strike","floor":11},{"not_picked":["Hemokinesis","Anger","Warcry"],"picked":"SKIP","floor":14},{"not_picked":["Barricade","Reaper"],"picked":"Immolate","floor":16},{"not_picked":["Clothesline","Sword Boomerang"],"picked":"Sever Soul","floor":18},{"not_picked":["True Grit","Havoc"],"picked":"Heavy Blade","floor":19},{"not_picked":["Headbutt","Sentinel"],"picked":"Spot Weakness","floor":20},{"not_picked":["Iron Wave","Infernal Blade"],"picked":"Pommel Strike","floor":23},{"not_picked":["Perfected Strike","Body Slam"],"picked":"Corruption","floor":25},{"not_picked":["Double Tap","Thunderclap+1"],"picked":"Second Wind","floor":27},{"not_picked":["Body Slam+1","Armaments"],"picked":"Uppercut+1","floor":29},{"not_picked":["Headbutt+1","Rage"],"picked":"Sword Boomerang+1","floor":31},{"not_picked":["Feed+1","Dark Embrace"],"picked":"Limit Break","floor":33},{"not_picked":["Spot Weakness","Power Through"],"picked":"Disarm+1","floor":35},{"not_picked":["Twin Strike+1","Heavy Blade+1"],"picked":"Pummel+1","floor":36},{"not_picked":["True Grit+1","Entrench"],"picked":"Seeing Red","floor":41},{"not_picked":["Armaments","Shrug It Off"],"picked":"Fiend Fire+1","floor":42},{"not_picked":["Twin Strike+1","Wild Strike+1","Anger+1"],"picked":"SKIP","floor":45},{"not_picked":["Wild Strike+1","Blood for Blood+1","Cleave+1"],"picked":"SKIP","floor":47},{"not_picked":["Armaments","Havoc"],"picked":"Blood for Blood+1","floor":48}],"player_experience":778153,"relics_obtained":[{"floor":6,"key":"Shuriken"},{"floor":8,"key":"Red Skull"},{"floor":9,"key":"Happy Flower"},{"floor":19,"key":"Red Mask"},{"floor":23,"key":"Bottled Flame"},{"floor":26,"key":"Molten Egg 2"},{"floor":27,"key":"Omamori"},{"floor":29,"key":"Whetstone"},{"floor":37,"key":"Magic Flower"},{"floor":41,"key":"MawBank"},{"floor":47,"key":"Champion Belt"}],"event_choices":[{"damage_healed":0,"gold_gain":0,"player_choice":"Ignored","damage_taken":0,"max_hp_gain":0,"max_hp_loss":0,"event_name":"Shining Light","floor":10,"gold_loss":0},{"cards_removed":["Strike_R"],"damage_healed":0,"gold_gain":0,"player_choice":"Purged","damage_taken":0,"max_hp_gain":0,"max_hp_loss":0,"event_name":"Purifier","floor":12,"gold_loss":0},{"damage_healed":0,"gold_gain":0,"player_choice":"Fought Bandits","damage_taken":0,"max_hp_gain":0,"max_hp_loss":0,"event_name":"Masked Bandits","floor":19,"gold_loss":0},{"damage_healed":0,"gold_gain":0,"cards_transformed":["Strike_R","Defend_R"],"player_choice":"Became Test Subject","damage_taken":0,"max_hp_gain":0,"max_hp_loss":0,"event_name":"Drug Dealer","floor":22,"gold_loss":0,"cards_obtained":["Dark Embrace","Ghostly Armor"]},{"damage_healed":0,"gold_gain":0,"player_choice":"Read","damage_taken":0,"max_hp_gain":0,"max_hp_loss":0,"event_name":"The Library","floor":30,"gold_loss":0,"cards_obtained":["Power Through"]},{"damage_healed":0,"gold_gain":0,"player_choice":"Fight","damage_taken":0,"max_hp_gain":0,"max_hp_loss":0,"event_name":"MindBloom","floor":37,"gold_loss":0},{"damage_healed":0,"gold_gain":0,"player_choice":"Forge","damage_taken":0,"max_hp_gain":0,"max_hp_loss":0,"event_name":"Accursed Blacksmith","floor":38,"gold_loss":0,"cards_upgraded":["Whirlwind"]}],"is_beta":false,"boss_relics":[{"not_picked":["Runic Cube","Busted Crown"],"picked":"Runic Pyramid"},{"not_picked":["Pandora\u0027s Box","Astrolabe"],"picked":"Cursed Key"}],"items_purged_floors":[13,21,39],"is_endless":false,"potions_floor_spawned":[3,5,6,11,18,19,23,29,31,37,41,42,47],"killed_by":"Donu and Deca","ascension_level":20}