{"gold_per_floor":[112,128,142,63,77,103,129,141,153,165,192,219,265,227,239,356,368,400,393,504,516,543,555,577,589,648,660,689,701,393,411,411,411],"floor_reached":33,"playtime":4462,"items_purged":["Defend_G"],"score":388,"play_id":"b3fa4cc1-be30-45f9-8109-97883be59fa7","local_time":"20190710184421","is_ascension_mode":true,"campfire_choices":[{"floor":8.0,"key":"REST"},{"floor":15.0,"key":"REST"},{"floor":23.0,"key":"REST"},{"floor":25.0,"key":"REST"},{"data":"Deadly Poison","floor":32,"key":"SMITH"}],"neow_cost":"NONE","seed_source_timestamp":44220867783354,"circlet_count":0,"master_deck":["Defend_G","Defend_G","Survivor","Neutralize","Footwork","Deflect","Deadly Poison+1","Dagger Throw","Blade Dance","Noxious Fumes","Flying Knee","Wraith Form v2","Well Laid Plans","Deflect","Escape Plan","Deadly Poison","Backflip","PiercingWail","Deadly Poison","Die Die Die","Riddle With Holes+1","Noxious Fumes+1","Calculated Gamble+1","Deadly Poison","Backflip+1","Flying Knee","Blur","Dodge and Roll+1","Deflect","Backflip","Ghostly","Ghostly","Ghostly","Ghostly","Ghostly","Bane","Backstab"],"special_seed":0,"relics":["Orrery","MawBank","Ginger","Peace Pipe","Astrolabe","PreservedInsect","Anchor"],"potions_floor_usage":[33],"damage_taken":[{"damage":0.0,"enemies":"Small Slimes","floor":1.0,"turns":3.0},{"damage":0.0,"enemies":"2 Louse","floor":2.0,"turns":2.0},{"damage":0.0,"enemies":"Jaw Worm","floor":3.0,"turns":4.0},{"damage":13.0,"enemies":"3 Louse","floor":5.0,"turns":4.0},{"damage":21.0,"enemies":"Lagavulin","floor":6.0,"turns":7.0},{"damage":10.0,"enemies":"Exordium Wildlife","floor":7.0,"turns":4.0},{"damage":1.0,"enemies":"Looter","floor":11.0,"turns":3.0},{"damage":5.0,"enemies":"3 Louse","floor":12.0,"turns":4.0},{"damage":12.0,"enemies":"3 Sentries","floor":13.0,"turns":7.0},{"damage":10.0,"enemies":"The Guardian","floor":16.0,"turns":10.0},{"damage":23.0,"enemies":"Chosen","floor":18.0,"turns":5.0},{"damage":25.0,"enemies":"2 Thieves","floor":19.0,"turns":4.0},{"damage":21.0,"enemies":"Shelled Parasite and Fungi","floor":22.0,"turns":5.0},{"damage":13.0,"enemies":"3 Cultists","floor":24.0,"turns":5.0},{"damage":4.0,"enemies":"Centurion and Healer","floor":28.0,"turns":7.0},{"damage":0.0,"enemies":"Snake Plant","floor":31.0,"turns":5.0},{"damage":40,"enemies":"Collector","floor":33,"turns":6}],"seed_played":"-6292242570978102462","potions_obtained":[{"floor":3.0,"key":"FearPotion"},{"floor":6.0,"key":"Weak Potion"},{"floor":11.0,"key":"SpeedPotion"},{"floor":13.0,"key":"Block Potion"},{"floor":18.0,"key":"Swift Potion"},{"floor":22.0,"key":"Energy Potion"},{"floor":28.0,"key":"FearPotion"}],"is_trial":false,"path_per_floor":["M","M","M","$","M","E","M","R","T","?","M","M","E","?","R","B",null,"M","M","?","?","M","R","M","R","T","?","M","?","$","M","R","B"],"character_chosen":"THE_SILENT","items_purchased":["Well Laid Plans","Anchor","Bane","Block Potion"],"campfire_rested":4,"item_purchase_floors":[4,30,30,30],"current_hp_per_floor":[70,70,70,70,57,36,26,47,47,40,39,34,22,22,43,33,70,47,22,22,22,1,22,9,30,30,53,49,35,35,35,35,0],"gold":411,"neow_bonus":"BOSS_RELIC","is_prod":false,"is_daily":false,"chose_seed":false,"campfire_upgraded":1,"win_rate":0,"timestamp":1562798661,"path_taken":["M","M","M","$","M","E","M","R","T","?","M","M","E","?","R","BOSS","M","M","?","?","M","R","M","R","T","?","?","?","$","M","R","BOSS"],"build_version":"2019-07-05","purchased_purges":1,"victory":false,"max_hp_per_floor":[70,70,70,70,70,70,70,70,70,70,70,70,70,70,70,70,70,70,70,70,70,70,70,70,70,70,70,70,35,35,35,35,35],"card_choices":[{"not_picked":["Setup","Outmaneuver"],"picked":"Footwork","floor":0.0},{"not_picked":["Flechettes","Expertise"],"picked":"Deflect","floor":0.0},{"not_picked":["Endless Agony","Quick Slash"],"picked":"Deadly Poison","floor":0.0},{"not_picked":["Endless Agony","Skewer"],"picked":"Dagger Throw","floor":0.0},{"not_picked":["Underhanded Strike","Masterful Stab"],"picked":"Blade Dance","floor":0.0},{"not_picked":["Finisher","Prepared"],"picked":"Noxious Fumes","floor":1.0},{"not_picked":["Slice","Quick Slash"],"picked":"Flying Knee","floor":2.0},{"not_picked":["Dagger Spray","All Out Attack"],"picked":"Wraith Form v2","floor":3.0},{"not_picked":["Concentrate","Caltrops"],"picked":"Deflect","floor":5.0},{"not_picked":["Concentrate","Poisoned Stab"],"picked":"Escape Plan","floor":6.0},{"not_picked":["Flechettes","Riddle With Holes"],"picked":"Deadly Poison","floor":7.0},{"not_picked":["Blade Dance","Distraction"],"picked":"Backflip","floor":11.0},{"not_picked":["Quick Slash","Dagger Spray"],"picked":"PiercingWail","floor":12.0},{"not_picked":["Quick Slash","Finisher"],"picked":"Deadly Poison","floor":13.0},{"not_picked":["Burst","Phantasmal Killer"],"picked":"Die Die Die","floor":16.0},{"not_picked":["Masterful Stab","Underhanded Strike"],"picked":"Deadly Poison","floor":18.0},{"not_picked":["Dodge and Roll","Underhanded Strike"],"picked":"Backflip+1","floor":19.0},{"not_picked":["Underhanded Strike","Dagger Spray"],"picked":"Dodge and Roll+1","floor":22.0},{"not_picked":["Underhanded Strike","Endless Agony"],"picked":"Deflect","floor":24.0},{"not_picked":["Prepared","Dagger Spray"],"picked":"Backflip","floor":28.0},{"not_picked":["Blade Dance+1","Flechettes"],"picked":"Backstab","floor":31.0}],"player_experience":445801,"relics_obtained":[{"floor":6.0,"key":"MawBank"},{"floor":9.0,"key":"Ginger"},{"floor":13.0,"key":"Peace Pipe"},{"floor":26.0,"key":"PreservedInsect"}],"event_choices":[{"cards_removed":["Strike_G"],"damage_healed":0.0,"max_hp_gain":0.0,"max_hp_loss":0.0,"gold_gain":0.0,"event_name":"Golden Wing","player_choice":"Card Removal","floor":10.0,"gold_loss":0.0,"damage_taken":7.0},{"cards_removed":["Strike_G"],"damage_healed":0.0,"max_hp_gain":0.0,"max_hp_loss":0.0,"gold_gain":0.0,"event_name":"The Cleric","player_choice":"Card Removal","floor":14.0,"gold_loss":50.0,"damage_taken":0.0},{"damage_healed":0.0,"max_hp_gain":0.0,"max_hp_loss":0.0,"gold_gain":99.0,"event_name":"Nest","player_choice":"Stole From Cult","floor":20.0,"gold_loss":0.0,"damage_taken":0.0},{"damage_healed":0.0,"max_hp_gain":0.0,"max_hp_loss":0.0,"gold_gain":0.0,"cards_transformed":["Strike_G","Defend_G"],"event_name":"Drug Dealer","player_choice":"Became Test Subject","floor":21.0,"gold_loss":0.0,"damage_taken":0.0,"cards_obtained":["Flying Knee","Blur"]},{"damage_healed":23.0,"max_hp_gain":0.0,"max_hp_loss":0.0,"gold_gain":0.0,"event_name":"The Library","player_choice":"Heal","floor":27.0,"gold_loss":0.0,"damage_taken":0.0},{"damage_healed":0.0,"max_hp_gain":0.0,"max_hp_loss":35.0,"gold_gain":0.0,"event_name":"Ghosts","player_choice":"Became a Ghost","floor":29.0,"gold_loss":0.0,"damage_taken":0.0,"cards_obtained":["Ghostly","Ghostly","Ghostly","Ghostly","Ghostly"]}],"is_beta":false,"boss_relics":[{"not_picked":["Runic Dome","Lizard Tail"],"picked":"Astrolabe"}],"items_purged_floors":[30],"is_endless":false,"potions_floor_spawned":[3,6,11,13,18,22,28],"killed_by":"Collector","ascension_level":4}