{"gold_per_floor":[118,118,118,132,145,175,175,189,189,205,221,231,231,244,244,349,349,369,369,369,294,294,294,294,294,320,65,76,76,87,100,100,202,202,212,227,240,240,251,251,270,270,270,270,281,298,313,0,0,0],"floor_reached":50,"playtime":3864,"items_purged":["Strike_R"],"score":475,"play_id":"2ba8c4cb-95ae-4679-b7f4-4ad965fd8ab8","local_time":"20190704002827","is_ascension_mode":false,"campfire_choices":[{"data":"Anger","floor":7,"key":"SMITH"},{"data":"Metallicize","floor":13,"key":"SMITH"},{"data":"Iron Wave","floor":15,"key":"SMITH"},{"data":"RitualDagger","floor":23,"key":"SMITH"},{"data":"Reaper","floor":25,"key":"SMITH"},{"data":"Metamorphosis","floor":29,"key":"SMITH"},{"data":"Panache","floor":32,"key":"SMITH"},{"data":"Offering","floor":40,"key":"SMITH"},{"data":"Flash of Steel","floor":42,"key":"SMITH"},{"data":"Reaper","floor":49,"key":"SMITH"}],"neow_cost":"PERCENT_DAMAGE","seed_source_timestamp":367900667237816,"circlet_count":0,"master_deck":["Strike_R","Strike_R","Defend_R","Defend_R","Defend_R","Bash","Flash of Steel+1","Panache+1","Anger+1","Headbutt","Shrug It Off","Clash","Metallicize+1","Thunderclap","Intimidate","Iron Wave+1","Sever Soul","Reaper+1","Armaments+1","RitualDagger+1","Ghostly","Ghostly","Ghostly","Ghostly","Ghostly","Metamorphosis+1","Reaper+1","True Grit+1","Offering+1","Madness","Madness","Violence","Magnetism","Carnage"],"relics":["Burning Blood","Bronze Scales","Boot","Coffee Dripper","Shuriken","Anchor","Busted Crown","Omamori","Red Mask"],"potions_floor_usage":[16,16,33,39,47,50,50],"damage_taken":[{"damage":7,"enemies":"Small Slimes","floor":1,"turns":3},{"damage":1,"enemies":"Cultist","floor":4,"turns":3},{"damage":6,"enemies":"Jaw Worm","floor":5,"turns":2},{"damage":20,"enemies":"Gremlin Nob","floor":6,"turns":4},{"damage":0,"enemies":"Looter","floor":8,"turns":2},{"damage":2,"enemies":"Large Slime","floor":10,"turns":4},{"damage":0,"enemies":"Red Slaver","floor":11,"turns":2},{"damage":4,"enemies":"2 Fungi Beasts","floor":12,"turns":3},{"damage":12,"enemies":"Large Slime","floor":14,"turns":4},{"damage":42,"enemies":"The Guardian","floor":16,"turns":10},{"damage":10,"enemies":"Chosen","floor":18,"turns":6},{"damage":0,"enemies":"2 Thieves","floor":28,"turns":4},{"damage":1,"enemies":"Snake Plant","floor":30,"turns":4},{"damage":17,"enemies":"Sentry and Sphere","floor":31,"turns":7},{"damage":37,"enemies":"Collector","floor":33,"turns":11},{"damage":1,"enemies":"Orb Walker","floor":35,"turns":2},{"damage":12,"enemies":"3 Shapes","floor":36,"turns":6},{"damage":28,"enemies":"Sphere and 2 Shapes","floor":37,"turns":5},{"damage":29,"enemies":"Maw","floor":39,"turns":7},{"damage":6,"enemies":"Jaw Worm Horde","floor":41,"turns":3},{"damage":1,"enemies":"3 Darklings","floor":45,"turns":5},{"damage":22,"enemies":"4 Shapes","floor":46,"turns":5},{"damage":6,"enemies":"Writhing Mass","floor":47,"turns":6},{"damage":61,"enemies":"Awakened One","floor":50,"turns":10}],"seed_played":"8705139886850475481","potions_obtained":[{"floor":4,"key":"Weak Potion"},{"floor":6,"key":"AttackPotion"},{"floor":8,"key":"Ancient Potion"},{"floor":14,"key":"SpeedPotion"},{"floor":18,"key":"Explosive Potion"},{"floor":35,"key":"Regen Potion"},{"floor":36,"key":"SpeedPotion"},{"floor":39,"key":"SteroidPotion"},{"floor":41,"key":"Swift Potion"},{"floor":45,"key":"Regen Potion"}],"is_trial":false,"path_per_floor":["M","?","?","M","M","E","R","M","T","M","M","M","R","M","R","B",null,"M","?","?","?","?","R","?","R","T","$","M","R","M","M","R","B",null,"M","M","M","?","M","R","M","R","T","?","M","M","M","?","R","B"],"character_chosen":"IRONCLAD","items_purchased":["Metamorphosis"],"campfire_rested":0,"item_purchase_floors":[27],"current_hp_per_floor":[55,48,48,53,53,39,39,45,45,49,55,57,57,51,51,15,80,76,70,40,40,40,40,40,40,40,40,40,40,40,34,34,9,40,40,34,28,23,26,26,40,40,40,30,40,32,32,32,32,0],"gold":0,"neow_bonus":"RANDOM_COLORLESS_2","is_prod":false,"is_daily":false,"chose_seed":false,"campfire_upgraded":10,"win_rate":0.0,"timestamp":1562167707,"path_taken":["M","?","?","M","M","E","R","?","T","M","M","?","R","M","R","BOSS","M","?","?","?","?","R","?","R","T","$","?","R","M","M","R","BOSS","M","M","M","?","M","R","M","R","T","?","M","M","M","?","R","BOSS"],"build_version":"2019-07-01","purchased_purges":1,"victory":false,"max_hp_per_floor":[80,80,80,80,80,80,80,80,80,80,80,80,80,80,80,80,80,80,80,40,40,40,40,40,40,40,40,40,40,40,40,40,40,40,40,40,40,40,40,40,40,40,40,40,40,40,40,40,40,40],"card_choices":[{"not_picked":["Sword Boomerang","Dropkick"],"picked":"Anger","floor":1},{"not_picked":["Uppercut","True Grit"],"picked":"Headbutt","floor":4},{"not_picked":["Pommel Strike","Clothesline"],"picked":"Shrug It Off","floor":5},{"not_picked":["Rage","Combust"],"picked":"Clash","floor":6},{"not_picked":["Pommel Strike","Cleave"],"picked":"Metallicize","floor":8},{"not_picked":["Perfected Strike","Limit Break"],"picked":"Thunderclap","floor":10},{"not_picked":["Pommel Strike","Hemokinesis"],"picked":"Intimidate","floor":11},{"not_picked":["Twin Strike","Pommel Strike"],"picked":"Iron Wave","floor":12},{"not_picked":["Shrug It Off","Clothesline"],"picked":"Sever Soul","floor":14},{"not_picked":["Feed","Bludgeon"],"picked":"Reaper","floor":16},{"not_picked":["Uppercut","Flex"],"picked":"Armaments+1","floor":18},{"not_picked":["Flame Barrier","Clash"],"picked":"Reaper","floor":28},{"not_picked":["Pommel Strike","Feel No Pain+1","Sword Boomerang"],"picked":"SKIP","floor":30},{"not_picked":["Twin Strike","Flex"],"picked":"True Grit+1","floor":31},{"not_picked":["Bludgeon","Dark Embrace"],"picked":"Offering","floor":33},{"not_picked":["Twin Strike"],"picked":"SKIP","floor":35},{"not_picked":["Thunderclap"],"picked":"SKIP","floor":36},{"not_picked":["Intimidate"],"picked":"SKIP","floor":37},{"not_picked":["Clash+1"],"picked":"SKIP","floor":39},{"not_picked":["Warcry"],"picked":"SKIP","floor":41},{"not_picked":[],"picked":"Violence","floor":44},{"not_picked":[],"picked":"Magnetism","floor":44},{"not_picked":["Cleave"],"picked":"SKIP","floor":45},{"not_picked":["Perfected Strike+1"],"picked":"SKIP","floor":46},{"not_picked":[],"picked":"Carnage","floor":47}],"player_experience":16879,"relics_obtained":[{"floor":6,"key":"Bronze Scales"},{"floor":9,"key":"Boot"},{"floor":26,"key":"Anchor"},{"floor":43,"key":"Omamori"}],"event_choices":[{"cards_removed":["Strike_R"],"damage_healed":0,"gold_gain":0,"player_choice":"Card Removal","damage_taken":7,"max_hp_gain":0,"max_hp_loss":0,"event_name":"Golden Wing","floor":2,"gold_loss":0},{"cards_removed":["Strike_R"],"damage_healed":0,"gold_gain":0,"player_choice":"Card Removal","damage_taken":0,"max_hp_gain":0,"max_hp_loss":0,"event_name":"Wheel of Change","floor":3,"gold_loss":0},{"damage_healed":0,"gold_gain":0,"player_choice":"Joined the Cult","damage_taken":6,"max_hp_gain":0,"max_hp_loss":0,"event_name":"Nest","floor":19,"gold_loss":0,"cards_obtained":["RitualDagger"]},{"damage_healed":0,"gold_gain":0,"player_choice":"Became a Ghost","damage_taken":0,"max_hp_gain":0,"max_hp_loss":40,"event_name":"Ghosts","floor":20,"gold_loss":0,"cards_obtained":["Ghostly","Ghostly","Ghostly","Ghostly","Ghostly"]},{"cards_removed":["Defend_R"],"damage_healed":0,"gold_gain":0,"player_choice":"Gave Gold","damage_taken":0,"max_hp_gain":0,"max_hp_loss":0,"event_name":"Beggar","floor":21,"gold_loss":75},{"damage_healed":0,"gold_gain":0,"player_choice":"Opened","damage_taken":0,"relics_obtained":["Shuriken"],"max_hp_gain":0,"max_hp_loss":0,"event_name":"The Mausoleum","floor":22,"gold_loss":0,"cards_obtained":["Writhe"]},{"cards_removed":["Writhe"],"damage_healed":0,"gold_gain":0,"player_choice":"Removed Curses","damage_taken":0,"max_hp_gain":0,"max_hp_loss":0,"event_name":"Fountain of Cleansing","floor":24,"gold_loss":0},{"damage_healed":0,"gold_gain":0,"player_choice":"Embrace Madness","damage_taken":5,"max_hp_gain":0,"max_hp_loss":0,"event_name":"Winding Halls","floor":38,"gold_loss":0,"cards_obtained":["Madness","Madness"]},{"damage_healed":0,"gold_gain":0,"player_choice":"Memory 3","damage_taken":10,"max_hp_gain":0,"max_hp_loss":0,"event_name":"SensoryStone","floor":44,"gold_loss":0},{"damage_healed":0,"gold_gain":0,"player_choice":"Paid","damage_taken":0,"relics_obtained":["Red Mask"],"max_hp_gain":0,"max_hp_loss":0,"event_name":"Tomb of Lord Red Mask","floor":48,"gold_loss":313}],"is_beta":false,"boss_relics":[{"not_picked":["Runic Dome","Empty Cage"],"picked":"Coffee Dripper"},{"not_picked":["Lizard Tail","Velvet Choker"],"picked":"Busted Crown"}],"items_purged_floors":[27],"is_endless":false,"potions_floor_spawned":[4,6,8,14,18,35,36,39,41,45],"killed_by":"Awakened One","ascension_level":0}