{"gold_per_floor":[367,367,367,383,401,401,435,435,735,760,910,923,353,353,353,427,427,442,3,3],"floor_reached":20,"playtime":745,"items_purged":["Doubt"],"score":360,"play_id":"b144d0be-5fb1-47a1-9a06-940bc86b2396","local_time":"20190702004045","is_ascension_mode":true,"campfire_choices":[{"data":"Clothesline","floor":6,"key":"SMITH"},{"data":"Flame Barrier","floor":8,"key":"SMITH"},{"floor":15,"key":"REST"}],"neow_cost":"CURSE","seed_source_timestamp":654350283414051,"circlet_count":0,"master_deck":["AscendersBane","Strike_R","Strike_R","Strike_R","Strike_R","Strike_R","Defend_R","Defend_R","Defend_R","Defend_R","Bash+1","Decay","Pommel Strike","Flame Barrier+1","Twin Strike","Clothesline+1","Spot Weakness","Anger","Burning Pact","Reaper","True Grit+1","Evolve","Disarm+1"],"relics":["Burning Blood","Prayer Wheel","Old Coin","Calipers","Medical Kit","Tiny Chest","Fusion Hammer","Toxic Egg 2"],"potions_floor_usage":[16,16],"damage_taken":[{"damage":5,"enemies":"2 Louse","floor":1,"turns":5},{"damage":0,"enemies":"Cultist","floor":4,"turns":3},{"damage":0,"enemies":"Small Slimes","floor":5,"turns":3},{"damage":26,"enemies":"Gremlin Nob","floor":7,"turns":4},{"damage":52,"enemies":"3 Sentries","floor":10,"turns":12},{"damage":8,"enemies":"Looter","floor":12,"turns":3},{"damage":28,"enemies":"The Guardian","floor":16,"turns":15},{"damage":35,"enemies":"Spheric Guardian","floor":18,"turns":5},{"damage":47,"enemies":"Chosen","floor":20,"turns":5}],"seed_played":"-2594975688339217527","potions_obtained":[{"floor":5,"key":"LiquidBronze"},{"floor":12,"key":"LiquidBronze"},{"floor":16,"key":"SpeedPotion"}],"is_trial":false,"path_per_floor":["M","?","?","M","M","R","E","R","T","E","?","M","$","?","R","B",null,"M","$","M"],"character_chosen":"IRONCLAD","items_purchased":["Medical Kit","Burning Pact","Tiny Chest","PowerPotion","Toxic Egg 2","Disarm+1","Ancient Potion"],"campfire_rested":1,"item_purchase_floors":[13,13,13,13,19,19,19],"current_hp_per_floor":[69,69,69,75,75,75,55,55,55,9,9,7,7,7,29,7,58,29,29,0],"gold":3,"neow_bonus":"TWO_FIFTY_GOLD","is_prod":false,"is_daily":false,"chose_seed":false,"campfire_upgraded":2,"win_rate":0,"timestamp":1562046045,"path_taken":["M","?","?","M","?","R","E","R","T","E","?","M","$","?","R","BOSS","M","$","M"],"build_version":"2019-06-30","purchased_purges":1,"victory":false,"max_hp_per_floor":[75,75,75,75,75,75,75,75,75,75,75,75,75,75,75,75,75,75,75,75],"card_choices":[{"not_picked":["Heavy Blade","Clash"],"picked":"Pommel Strike","floor":1},{"not_picked":["Ghostly Armor","Sword Boomerang"],"picked":"Twin Strike","floor":4},{"not_picked":["Headbutt","Sentinel"],"picked":"Clothesline","floor":5},{"not_picked":["Barricade","Warcry","Pommel Strike"],"picked":"SKIP","floor":7},{"not_picked":["Bloodletting","Intimidate"],"picked":"Spot Weakness","floor":10},{"not_picked":["Heavy Blade","Pommel Strike"],"picked":"Anger","floor":12},{"not_picked":["Seeing Red","Cleave","Wild Strike"],"picked":"SKIP","floor":12},{"not_picked":["Impervious","Brutality"],"picked":"Reaper","floor":16},{"not_picked":["Thunderclap+1","Sword Boomerang"],"picked":"True Grit+1","floor":18},{"not_picked":["Burning Pact","Reckless Charge"],"picked":"Evolve","floor":18}],"player_experience":1642597,"relics_obtained":[{"floor":7,"key":"Prayer Wheel"},{"floor":9,"key":"Old Coin"},{"floor":10,"key":"Calipers"}],"event_choices":[{"damage_healed":0,"gold_gain":0,"player_choice":"Grow","damage_taken":0,"max_hp_gain":0,"max_hp_loss":0,"event_name":"Living Wall","floor":2,"gold_loss":0,"cards_upgraded":["Bash"]},{"damage_healed":0,"gold_gain":0,"player_choice":"1 cards matched","damage_taken":0,"max_hp_gain":0,"max_hp_loss":0,"event_name":"Match and Keep!","floor":3,"gold_loss":0,"cards_obtained":["Flame Barrier"]},{"damage_healed":0,"gold_gain":150,"player_choice":"AGREE","damage_taken":0,"max_hp_gain":0,"max_hp_loss":0,"event_name":"Liars Game","floor":11,"gold_loss":0,"cards_obtained":["Doubt"]},{"damage_healed":0,"gold_gain":0,"player_choice":"Ignored","damage_taken":0,"max_hp_gain":0,"max_hp_loss":0,"event_name":"Shining Light","floor":14,"gold_loss":0}],"is_beta":true,"boss_relics":[{"not_picked":["Ectoplasm","Pandora\u0027s Box"],"picked":"Fusion Hammer"}],"items_purged_floors":[13],"is_endless":false,"potions_floor_spawned":[5,12,16],"killed_by":"Chosen","ascension_level":20}