{"gold_per_floor":[110,110,110,122,138,166,186,186,186,186,26,41,75,18,18,95,145,158,173,9,9,9,43,43,77,158,177,177,189,189],"floor_reached":30,"playtime":1409,"items_purged":["Strike_G"],"score":556,"play_id":"2b33dc24-96f2-47ac-bf81-1c0a1e0449f0","local_time":"20190712133854","is_ascension_mode":true,"campfire_choices":[{"data":"Neutralize","floor":8,"key":"SMITH"},{"data":"All Out Attack","floor":10,"key":"SMITH"},{"data":"Noxious Fumes","floor":15,"key":"SMITH"},{"data":"Well Laid Plans","floor":24,"key":"SMITH"},{"floor":28,"key":"REST"}],"neow_cost":"TEN_PERCENT_HP_LOSS","seed_source_timestamp":1564376325241317,"circlet_count":0,"master_deck":["AscendersBane","Strike_G+1","Strike_G","Strike_G+1","Strike_G","Defend_G","Defend_G","Defend_G+1","Defend_G","Defend_G+1","Survivor+1","Neutralize+1","Envenom+1","All Out Attack+1","Flying Knee","Well Laid Plans+1","Noxious Fumes+1","Dagger Spray","Skewer","PiercingWail","Die Die Die","Cloak And Dagger","Riddle With Holes","Catalyst+1","Infinite Blades+1","Backstab","Acrobatics"],"relics":["Ring of the Snake","Meat on the Bone","Centennial Puzzle","Blue Candle","War Paint","Tiny House","Whetstone","Dream Catcher","Happy Flower","Ninja Scroll","Question Card"],"potions_floor_usage":[6,13,16,23,23,23,30,30],"damage_taken":[{"damage":1,"enemies":"2 Louse","floor":1,"turns":5},{"damage":4,"enemies":"Small Slimes","floor":4,"turns":4},{"damage":8,"enemies":"Jaw Worm","floor":5,"turns":5},{"damage":25,"enemies":"Lagavulin","floor":6,"turns":9},{"damage":0,"enemies":"Red Slaver","floor":7,"turns":4},{"damage":12,"enemies":"Large Slime","floor":12,"turns":6},{"damage":24,"enemies":"Gremlin Nob","floor":13,"turns":4},{"damage":6,"enemies":"The Guardian","floor":16,"turns":9},{"damage":9,"enemies":"3 Byrds","floor":18,"turns":4},{"damage":11,"enemies":"Shell Parasite","floor":19,"turns":8},{"damage":11,"enemies":"Slavers","floor":23,"turns":5},{"damage":20,"enemies":"Gremlin Leader","floor":25,"turns":7},{"damage":13,"enemies":"Snake Plant","floor":27,"turns":5},{"damage":7,"enemies":"3 Cultists","floor":29,"turns":5},{"damage":44,"enemies":"Book of Stabbing","floor":30,"turns":5}],"seed_played":"2945887283741893180","potions_obtained":[{"floor":4,"key":"Dexterity Potion"},{"floor":6,"key":"Poison Potion"},{"floor":13,"key":"SteroidPotion"},{"floor":16,"key":"AttackPotion"},{"floor":17,"key":"EntropicBrew"},{"floor":27,"key":"GamblersBrew"}],"is_trial":false,"path_per_floor":["M","?","?","M","M","E","M","R","T","R","$","M","E","$","R","B",null,"M","M","$","?","?","E","R","E","T","M","R","M","E"],"character_chosen":"THE_SILENT","items_purchased":["Noxious Fumes","PiercingWail","Whetstone"],"campfire_rested":1,"item_purchase_floors":[11,14,20],"current_hp_per_floor":[58,58,53,49,41,28,40,40,40,40,40,40,28,28,28,34,59,50,39,39,39,39,40,40,32,32,31,50,43,0],"gold":189,"neow_bonus":"THREE_RARE_CARDS","is_prod":false,"is_daily":false,"chose_seed":false,"campfire_upgraded":4,"win_rate":0,"timestamp":1562956734,"path_taken":["M","?","?","M","M","E","M","R","T","R","$","?","E","?","R","BOSS","M","M","$","?","?","E","R","E","T","M","R","M","E"],"build_version":"2019-07-10","purchased_purges":1,"victory":false,"max_hp_per_floor":[60,60,60,60,60,60,60,60,60,60,60,60,60,60,60,60,65,65,65,65,65,65,65,65,65,65,65,65,65,65],"card_choices":[{"not_picked":["Burst","Bullet Time"],"picked":"Envenom","floor":0},{"not_picked":["Deflect","Finisher","Prepared"],"picked":"SKIP","floor":1},{"not_picked":["Bane","Acrobatics"],"picked":"All Out Attack","floor":4},{"not_picked":["Deflect","Expertise"],"picked":"Flying Knee","floor":5},{"not_picked":["Doppelganger","Reflex","Outmaneuver"],"picked":"SKIP","floor":6},{"not_picked":["Deflect","Dodge and Roll"],"picked":"Well Laid Plans","floor":7},{"not_picked":["Slice","Deadly Poison"],"picked":"Dagger Spray","floor":12},{"not_picked":["Dagger Throw","Bouncing Flask"],"picked":"Skewer","floor":13},{"not_picked":["Bullet Time","Glass Knife"],"picked":"Die Die Die","floor":16},{"not_picked":["Terror","Skewer"],"picked":"Cloak And Dagger","floor":17},{"not_picked":["Poisoned Stab","Dash","Expertise"],"picked":"SKIP","floor":18},{"not_picked":["Prepared","Predator"],"picked":"Riddle With Holes","floor":19},{"not_picked":["Outmaneuver","Accuracy","Flechettes"],"picked":"SKIP","floor":23},{"not_picked":["Blade Dance","Dagger Throw"],"picked":"Catalyst+1","floor":25},{"not_picked":["Unload","Accuracy","Bouncing Flask"],"picked":"Infinite Blades+1","floor":27},{"not_picked":["Bouncing Flask","Cloak And Dagger","Sucker Punch"],"picked":"Backstab","floor":28},{"not_picked":["Backstab","Dagger Spray+1","Expertise"],"picked":"Acrobatics","floor":29}],"player_experience":1668198,"relics_obtained":[{"floor":6,"key":"Centennial Puzzle"},{"floor":9,"key":"Blue Candle"},{"floor":13,"key":"War Paint"},{"floor":23,"key":"Happy Flower"},{"floor":25,"key":"Ninja Scroll"},{"floor":26,"key":"Question Card"}],"event_choices":[{"damage_healed":0,"gold_gain":0,"player_choice":"Grow","damage_taken":0,"max_hp_gain":0,"max_hp_loss":0,"event_name":"Living Wall","floor":2,"gold_loss":0,"cards_upgraded":["Envenom"]},{"damage_healed":0,"gold_gain":0,"player_choice":"Success","damage_taken":5,"relics_obtained":["Meat on the Bone"],"max_hp_gain":0,"max_hp_loss":0,"event_name":"Scrap Ooze","floor":3,"gold_loss":0},{"damage_healed":0,"gold_gain":0,"player_choice":"Opened","damage_taken":0,"relics_obtained":["Dream Catcher"],"max_hp_gain":0,"max_hp_loss":0,"event_name":"The Mausoleum","floor":21,"gold_loss":0,"cards_obtained":["Writhe"]},{"cards_removed":["Writhe"],"damage_healed":0,"gold_gain":0,"player_choice":"Removed Curses","damage_taken":0,"max_hp_gain":0,"max_hp_loss":0,"event_name":"Fountain of Cleansing","floor":22,"gold_loss":0}],"is_beta":true,"boss_relics":[{"not_picked":["WristBlade","Coffee Dripper"],"picked":"Tiny House"}],"items_purged_floors":[11],"is_endless":false,"potions_floor_spawned":[4,6,13,16,18,27],"killed_by":"Book of Stabbing","ascension_level":20}