{"gold_per_floor":[109,124,16,91,110,141,141,141,166,198,213,245,260,271,271,366,366,386,402,413,103,26,26],"floor_reached":23,"playtime":2188,"items_purged":["Defend_R","Strike_R"],"score":213,"play_id":"33017a5b-b698-4b4f-ba5c-5ad690b244d3","local_time":"20190712231614","is_ascension_mode":false,"campfire_choices":[{"data":"Demon Form","floor":8,"key":"SMITH"},{"data":"Body Slam","floor":15,"key":"SMITH"}],"neow_cost":"PERCENT_DAMAGE","seed_source_timestamp":1557995250276700,"circlet_count":0,"master_deck":["Strike_R","Strike_R","Defend_R","Defend_R","Defend_R","Bash","Headbutt","Carnage","Iron Wave","Entrench+1","Flame Barrier+1","Demon Form+1","Dark Embrace","Shrug It Off","Body Slam+1","Heavy Blade","Impervious","Barricade","Shrug It Off+1","Spot Weakness","Rage","Armaments"],"relics":["Burning Blood","War Paint","Regal Pillow","Vajra","Philosopher\u0027s Stone","Anchor"],"potions_floor_usage":[6,10,16,16,18,18,23,23],"damage_taken":[{"damage":3,"enemies":"Jaw Worm","floor":1,"turns":4},{"damage":0,"enemies":"Small Slimes","floor":2,"turns":4},{"damage":0,"enemies":"Cultist","floor":5,"turns":2},{"damage":17,"enemies":"3 Sentries","floor":6,"turns":11},{"damage":10,"enemies":"Lagavulin","floor":10,"turns":6},{"damage":0,"enemies":"Red Slaver","floor":11,"turns":5},{"damage":9,"enemies":"3 Sentries","floor":12,"turns":11},{"damage":5,"enemies":"Exordium Thugs","floor":13,"turns":3},{"damage":0,"enemies":"Looter","floor":14,"turns":3},{"damage":31,"enemies":"Slime Boss","floor":16,"turns":10},{"damage":36,"enemies":"2 Thieves","floor":18,"turns":4},{"damage":46,"enemies":"3 Byrds","floor":19,"turns":6},{"damage":1,"enemies":"Snecko","floor":20,"turns":5},{"damage":36,"enemies":"Slavers","floor":23,"turns":2}],"seed_played":"-4785796806577317619","potions_obtained":[{"floor":1,"key":"PowerPotion"},{"floor":2,"key":"Energy Potion"},{"floor":10,"key":"SteroidPotion"},{"floor":11,"key":"Swift Potion"},{"floor":13,"key":"Weak Potion"},{"floor":14,"key":"PowerPotion"},{"floor":16,"key":"LiquidBronze"},{"floor":20,"key":"SpeedPotion"}],"is_trial":false,"path_per_floor":["M","M","$","?","M","E","?","R","T","E","M","E","M","M","R","B",null,"M","M","M","$","$","E"],"character_chosen":"IRONCLAD","items_purchased":["Flame Barrier","Anchor","Armaments","BloodPotion"],"campfire_rested":0,"item_purchase_floors":[3,21,21,22],"current_hp_per_floor":[59,65,65,54,60,49,49,49,49,45,51,48,49,55,55,30,80,50,10,15,15,15,0],"gold":26,"neow_bonus":"TRANSFORM_TWO_CARDS","is_prod":false,"is_daily":false,"chose_seed":false,"campfire_upgraded":2,"win_rate":0,"timestamp":1562987774,"path_taken":["M","M","$","?","M","E","?","R","T","E","M","E","M","M","R","BOSS","M","M","?","?","$","E"],"build_version":"2019-07-05","purchased_purges":2,"victory":false,"max_hp_per_floor":[80,80,80,80,80,80,80,80,80,80,80,80,80,80,80,80,80,80,80,80,80,80,80],"card_choices":[{"not_picked":["Sword Boomerang","Blood for Blood"],"picked":"Iron Wave","floor":1},{"not_picked":["Infernal Blade","Rupture"],"picked":"Entrench","floor":2},{"not_picked":["Shrug It Off","Corruption"],"picked":"Demon Form","floor":5},{"not_picked":["Clothesline","Uppercut","Sword Boomerang"],"picked":"SKIP","floor":6},{"not_picked":["Clash","Sword Boomerang"],"picked":"Shrug It Off","floor":10},{"not_picked":["Second Wind","Carnage"],"picked":"Body Slam","floor":11},{"not_picked":["Cleave","Blood for Blood"],"picked":"Heavy Blade","floor":12},{"not_picked":["Twin Strike","Heavy Blade","Carnage"],"picked":"SKIP","floor":13},{"not_picked":["Shockwave","Twin Strike"],"picked":"Impervious","floor":14},{"not_picked":["Reaper","Dark Embrace"],"picked":"Barricade","floor":16},{"not_picked":["Carnage+1","Warcry"],"picked":"Shrug It Off+1","floor":18},{"not_picked":["Armaments","Headbutt"],"picked":"Spot Weakness","floor":19},{"not_picked":["Dropkick+1","Berserk"],"picked":"Rage","floor":20}],"player_experience":73311,"relics_obtained":[{"floor":6,"key":"War Paint"},{"floor":10,"key":"Regal Pillow"},{"floor":12,"key":"Vajra"}],"event_choices":[{"damage_healed":0,"gold_gain":75,"player_choice":"Gather Gold","damage_taken":11,"max_hp_gain":0,"max_hp_loss":0,"event_name":"World of Goop","floor":4,"gold_loss":0},{"damage_healed":0,"gold_gain":0,"player_choice":"1 cards matched","damage_taken":0,"max_hp_gain":0,"max_hp_loss":0,"event_name":"Match and Keep!","floor":7,"gold_loss":0,"cards_obtained":["Dark Embrace"]}],"is_beta":false,"boss_relics":[{"not_picked":["Eternal Feather","Lizard Tail"],"picked":"Philosopher\u0027s Stone"}],"items_purged_floors":[3,21],"is_endless":false,"potions_floor_spawned":[1,2,10,11,13,14,16,20],"killed_by":"Slavers","ascension_level":0}