{"gold_per_floor":[111,125,142,162,132,132,35,55,55,55,55,89,89,107,107,206,206,216,233,233,253,178,207,58,58,81,13,13,26,45,74,86,199,211,233,295,321,34,34,66,85,85,133,133,146,165,181,214,214,214],"floor_reached":51,"playtime":7606,"items_purged":["Strike_R","Defend_R"],"score":749,"play_id":"2b1e52cf-d72c-4529-aa91-075a69d89a0c","local_time":"20190615031456","is_ascension_mode":false,"campfire_choices":[{"data":"Bludgeon","floor":6,"key":"SMITH"},{"data":"Bloodletting","floor":11,"key":"SMITH"},{"floor":13,"key":"REST"},{"data":"Inflame","floor":15,"key":"SMITH"},{"floor":25,"key":"REST"},{"floor":28,"key":"REST"},{"data":"Limit Break","floor":32,"key":"SMITH"},{"floor":42,"key":"REST"},{"floor":44,"key":"REST"},{"floor":49,"key":"REST"}],"neow_cost":"NONE","seed_source_timestamp":92092888761764,"circlet_count":0,"master_deck":["Strike_R","Defend_R","Defend_R","Bash+1","Bludgeon+1","Bloodletting+1","Rupture","Twin Strike","Bandage Up","Heavy Blade+1","Pummel","Inflame+1","Limit Break+1","Thunderclap+1","Headbutt","RitualDagger","Headbutt+1","Limit Break","Uppercut","Combust","Dropkick","Flame Barrier+1","Disarm","Brutality","Feel No Pain+1","Second Wind+1","Demon Form+1","Pommel Strike","Disarm+1","Armaments+1","Limit Break","Blood for Blood","Heavy Blade+1","Anger","Thunderclap+1","Seeing Red+1","Spot Weakness+1","Inflame+1"],"relics":["Burning Blood","Pear","Self Forming Clay","Philosopher\u0027s Stone","Paper Frog","Bag of Marbles","MawBank","Astrolabe","Incense Burner","Toxic Egg 2","Bag of Preparation","Vajra"],"potions_floor_usage":[16,18,21,23,23,30,40,40,48],"damage_taken":[{"damage":1,"enemies":"Jaw Worm","floor":1,"turns":3},{"damage":1,"enemies":"Cultist","floor":2,"turns":3},{"damage":0,"enemies":"2 Louse","floor":3,"turns":3},{"damage":23,"enemies":"Large Slime","floor":4,"turns":7},{"damage":9,"enemies":"Blue Slaver","floor":8,"turns":3},{"damage":24,"enemies":"Lagavulin","floor":12,"turns":4},{"damage":0,"enemies":"2 Fungi Beasts","floor":14,"turns":3},{"damage":15,"enemies":"Slime Boss","floor":16,"turns":9},{"damage":17,"enemies":"Shell Parasite","floor":18,"turns":3},{"damage":10,"enemies":"Chosen","floor":19,"turns":3},{"damage":29,"enemies":"Shelled Parasite and Fungi","floor":21,"turns":4},{"damage":36,"enemies":"Slavers","floor":23,"turns":4},{"damage":23,"enemies":"Sentry and Sphere","floor":29,"turns":5},{"damage":8,"enemies":"Snecko","floor":30,"turns":3},{"damage":31,"enemies":"Gremlin Leader","floor":31,"turns":3},{"damage":42,"enemies":"Automaton","floor":33,"turns":5},{"damage":11,"enemies":"3 Shapes","floor":35,"turns":3},{"damage":62,"enemies":"2 Orb Walkers","floor":36,"turns":4},{"damage":26,"enemies":"3 Darklings","floor":37,"turns":5},{"damage":75,"enemies":"Reptomancer","floor":40,"turns":4},{"damage":22,"enemies":"Spire Growth","floor":41,"turns":4},{"damage":28,"enemies":"Sphere and 2 Shapes","floor":45,"turns":4},{"damage":23,"enemies":"Maw","floor":46,"turns":5},{"damage":22,"enemies":"Jaw Worm Horde","floor":47,"turns":4},{"damage":10,"enemies":"Giant Head","floor":48,"turns":4},{"damage":32,"enemies":"Time Eater","floor":50,"turns":5}],"seed_played":"-1249618399980299256","potions_obtained":[{"floor":3,"key":"Weak Potion"},{"floor":5,"key":"AttackPotion"},{"floor":5,"key":"SpeedPotion"},{"floor":16,"key":"Explosive Potion"},{"floor":18,"key":"SteroidPotion"},{"floor":19,"key":"AttackPotion"},{"floor":29,"key":"Explosive Potion"},{"floor":36,"key":"EssenceOfSteel"},{"floor":37,"key":"PowerPotion"},{"floor":41,"key":"Ancient Potion"},{"floor":47,"key":"Dexterity Potion"}],"is_trial":false,"path_per_floor":["M","M","M","M","?","R","$","M","T","?","R","E","R","M","R","B",null,"M","M","?","M","?","E","$","R","T","$","R","M","M","E","R","B",null,"M","?","M","$","?","E","M","R","T","R","M","M","M","E","R","B",null],"character_chosen":"IRONCLAD","items_purchased":["Bandage Up","Uppercut","Combust","Limit Break","Blood for Blood"],"campfire_rested":6,"item_purchase_floors":[7,24,27,38,38],"current_hp_per_floor":[80,80,80,63,63,63,63,64,74,56,56,42,69,79,79,74,90,83,83,77,58,58,32,32,59,59,59,86,73,75,54,54,22,90,85,33,17,17,90,25,9,36,36,63,47,34,22,18,45,23],"gold":214,"neow_bonus":"ONE_RANDOM_RARE_CARD","is_prod":false,"is_daily":false,"chose_seed":false,"campfire_upgraded":4,"win_rate":0,"timestamp":1560582896,"path_taken":["M","M","M","M","?","R","$","?","T","?","R","E","R","M","R","BOSS","M","M","?","M","?","E","$","R","T","$","R","M","M","E","R","BOSS","M","?","M","$","?","E","M","R","T","R","M","M","?","E","R","BOSS"],"build_version":"2019-01-23","purchased_purges":2,"victory":true,"max_hp_per_floor":[80,80,80,80,80,80,80,80,90,90,90,90,90,90,90,90,90,90,90,90,90,90,90,90,90,90,90,90,90,90,90,90,90,90,90,90,90,90,90,90,90,90,90,90,90,90,90,90,90,90],"card_choices":[{"not_picked":["Warcry","Combust"],"picked":"Bloodletting","floor":1},{"not_picked":["Rage","Headbutt"],"picked":"Rupture","floor":2},{"not_picked":["Warcry","Power Through"],"picked":"Fire Breathing","floor":3},{"not_picked":["Perfected Strike","Feel No Pain"],"picked":"Twin Strike","floor":4},{"not_picked":["Clash","Headbutt"],"picked":"Heavy Blade","floor":8},{"not_picked":["Clash","Armaments"],"picked":"Pummel","floor":12},{"not_picked":["Warcry","Armaments"],"picked":"Inflame","floor":14},{"not_picked":["Offering","Fiend Fire"],"picked":"Limit Break","floor":16},{"not_picked":["Body Slam","Disarm"],"picked":"Thunderclap+1","floor":18},{"not_picked":["Hemokinesis","Clothesline"],"picked":"Headbutt","floor":19},{"not_picked":["Searing Blow+1","Armaments"],"picked":"Headbutt+1","floor":21},{"not_picked":["Whirlwind","Entrench+1"],"picked":"Limit Break","floor":23},{"not_picked":["Headbutt","Flex"],"picked":"Dropkick","floor":29},{"not_picked":["Headbutt","Iron Wave"],"picked":"Flame Barrier+1","floor":30},{"not_picked":["Thunderclap","Iron Wave"],"picked":"Disarm","floor":31},{"not_picked":["Feed","Berserk"],"picked":"Brutality","floor":33},{"not_picked":["True Grit+1","Armaments"],"picked":"Pommel Strike","floor":35},{"not_picked":["Shrug It Off","Clothesline"],"picked":"Disarm+1","floor":36},{"not_picked":["Cleave","Flex"],"picked":"Armaments+1","floor":37},{"not_picked":["Intimidate+1","Carnage"],"picked":"Heavy Blade+1","floor":40},{"not_picked":["Feed","Body Slam+1"],"picked":"Anger","floor":41},{"not_picked":["Second Wind+1","Clothesline+1"],"picked":"Thunderclap+1","floor":45},{"not_picked":["Burning Pact+1","Hemokinesis"],"picked":"Seeing Red+1","floor":46},{"not_picked":["Heavy Blade","Body Slam+1"],"picked":"Spot Weakness+1","floor":47},{"not_picked":["Carnage+1","Flame Barrier+1"],"picked":"Inflame+1","floor":48}],"player_experience":63716,"relics_obtained":[{"floor":9,"key":"Pear"},{"floor":12,"key":"Self Forming Clay"},{"floor":23,"key":"Paper Frog"},{"floor":26,"key":"Bag of Marbles"},{"floor":31,"key":"MawBank"},{"floor":36,"key":"Incense Burner"},{"floor":40,"key":"Toxic Egg 2"},{"floor":43,"key":"Bag of Preparation"},{"floor":48,"key":"Vajra"}],"event_choices":[{"damage_healed":0,"gold_gain":0,"player_choice":"Bought 2 Potions","damage_taken":0,"max_hp_gain":0,"max_hp_loss":0,"event_name":"The Woman in Blue","floor":5,"gold_loss":0},{"damage_healed":0,"gold_gain":0,"player_choice":"Entered Light","damage_taken":18,"max_hp_gain":0,"max_hp_loss":0,"event_name":"Shining Light","floor":10,"gold_loss":0,"cards_upgraded":["Bash","Heavy Blade"]},{"damage_healed":0,"gold_gain":0,"player_choice":"Joined the Cult","damage_taken":6,"max_hp_gain":0,"max_hp_loss":0,"event_name":"Nest","floor":20,"gold_loss":0,"cards_obtained":["RitualDagger"]},{"cards_removed":["Strike_R"],"damage_healed":0,"gold_gain":0,"player_choice":"Gave Gold","damage_taken":0,"max_hp_gain":0,"max_hp_loss":0,"event_name":"Beggar","floor":22,"gold_loss":75},{"damage_healed":0,"gold_gain":0,"player_choice":"Fight","damage_taken":0,"max_hp_gain":0,"max_hp_loss":0,"event_name":"Mysterious Sphere","floor":36,"gold_loss":0},{"cards_removed":["Fire Breathing"],"damage_healed":73,"gold_gain":0,"player_choice":"Offered Uncommon","damage_taken":0,"max_hp_gain":0,"max_hp_loss":0,"event_name":"Bonfire Elementals","floor":39,"gold_loss":0}],"is_beta":false,"boss_relics":[{"not_picked":["Velvet Choker","Black Star"],"picked":"Philosopher\u0027s Stone"},{"not_picked":["Orrery","Runic Cube"],"picked":"Astrolabe"}],"items_purged_floors":[24,38],"is_endless":false,"potions_floor_spawned":[3,14,16,18,19,29,36,37,41,47],"ascension_level":0}