{"gold_per_floor":[116,41,51,68,82,82,107,107,133,165,177,27,27,42,42,119,119,132,47,64,0,13,13,31,31,107,126,51,51,77,96,96,173,173,192,192,97,114,77,77,22,122,122,174,192,192,192,217,217,217],"floor_reached":51,"playtime":2057,"items_purged":["Strike_R"],"score":1291,"play_id":"4853b16c-158e-4cda-b57c-bba9f7644b93","local_time":"20190713140628","is_ascension_mode":true,"campfire_choices":[{"data":"Bash","floor":6.0,"key":"SMITH"},{"data":"Pommel Strike","floor":8.0,"key":"SMITH"},{"data":"Flame Barrier","floor":15.0,"key":"SMITH"},{"floor":23.0,"key":"REST"},{"floor":29.0,"key":"REST"},{"floor":32.0,"key":"REST"},{"floor":40.0,"key":"REST"},{"floor":46.0,"key":"REST"},{"floor":49.0,"key":"REST"}],"neow_cost":"NONE","seed_source_timestamp":13279849935885,"circlet_count":0,"master_deck":["AscendersBane","Strike_R","Strike_R","Strike_R+1","Defend_R","Defend_R","Defend_R","Defend_R","Bash+1","Anger+1","Dropkick","Reckless Charge","Intimidate","Pommel Strike+1","Flame Barrier+1","Demon Form","Sword Boomerang","Immolate","Heavy Blade","Rage+1","Heavy Blade+1","Intimidate+1","Feed","Armaments+1","Apotheosis","PanicButton","Ghostly Armor+1","Inflame","Shrug It Off","Shrug It Off","Pommel Strike+1"],"special_seed":0,"relics":["Burning Blood","Centennial Puzzle","Bronze Scales","Vajra","MawBank","Fusion Hammer","Pantograph","Sundial","Blood Vial","White Beast Statue","Incense Burner","War Paint","Gambling Chip","Ornamental Fan"],"potions_floor_usage":[50,50],"damage_taken":[{"damage":4.0,"enemies":"2 Louse","floor":1.0,"turns":5.0},{"damage":2.0,"enemies":"Jaw Worm","floor":3.0,"turns":3.0},{"damage":0.0,"enemies":"Small Slimes","floor":4.0,"turns":2.0},{"damage":6.0,"enemies":"Blue Slaver","floor":5.0,"turns":3.0},{"damage":20.0,"enemies":"Gremlin Nob","floor":7.0,"turns":4.0},{"damage":20.0,"enemies":"3 Sentries","floor":10.0,"turns":6.0},{"damage":1.0,"enemies":"Large Slime","floor":14.0,"turns":5.0},{"damage":31.0,"enemies":"The Guardian","floor":16.0,"turns":8.0},{"damage":7.0,"enemies":"2 Thieves","floor":18.0,"turns":3.0},{"damage":0.0,"enemies":"3 Byrds","floor":20.0,"turns":2.0},{"damage":0.0,"enemies":"Snake Plant","floor":22.0,"turns":3.0},{"damage":0.0,"enemies":"3 Cultists","floor":24.0,"turns":2.0},{"damage":30.0,"enemies":"Snecko","floor":27.0,"turns":5.0},{"damage":10.0,"enemies":"Book of Stabbing","floor":30.0,"turns":3.0},{"damage":14.0,"enemies":"Cultist and Chosen","floor":31.0,"turns":4.0},{"damage":64.0,"enemies":"Collector","floor":33.0,"turns":6.0},{"damage":45.0,"enemies":"3 Shapes","floor":35.0,"turns":6.0},{"damage":8.0,"enemies":"3 Darklings","floor":38.0,"turns":4.0},{"damage":4.0,"enemies":"Mind Bloom Boss Battle","floor":42.0,"turns":7.0},{"damage":25.0,"enemies":"2 Orb Walkers","floor":44.0,"turns":4.0},{"damage":2.0,"enemies":"Sphere and 2 Shapes","floor":45.0,"turns":3.0},{"damage":18.0,"enemies":"Reptomancer","floor":48.0,"turns":7.0},{"damage":57,"enemies":"Time Eater","floor":50,"turns":7}],"seed_played":"-7840445497325867856","potions_obtained":[{"floor":3.0,"key":"EssenceOfSteel"},{"floor":5.0,"key":"Block Potion"},{"floor":14.0,"key":"Dexterity Potion"},{"floor":20.0,"key":"FairyPotion"},{"floor":31.0,"key":"PowerPotion"},{"floor":35.0,"key":"Strength Potion"},{"floor":38.0,"key":"SpeedPotion"},{"floor":42.0,"key":"Block Potion"},{"floor":44.0,"key":"Ancient Potion"},{"floor":45.0,"key":"SteroidPotion"},{"floor":48.0,"key":"Swift Potion"}],"is_trial":false,"path_per_floor":["M","?","M","M","M","R","E","R","T","E","?","$","?","M","R","B",null,"M","?","M","?","M","R","M","$","T","M","$","R","E","M","R","B",null,"M","?","$","M","$","R","$","?","T","?","M","R","?","E","R","B",null],"character_chosen":"IRONCLAD","items_purchased":["Demon Form","PanicButton","Inflame","Shrug It Off"],"campfire_rested":6,"item_purchase_floors":[12,37,39,41],"current_hp_per_floor":[70,70,74,75,75,75,61,61,61,47,72,72,49,54,54,29,64,63,63,69,69,75,75,75,75,75,51,51,73,69,63,75,17,61,27,27,27,27,27,50,50,78,78,59,65,78,78,66,78,27],"gold":217,"neow_bonus":"RANDOM_COMMON_RELIC","is_prod":false,"is_daily":false,"chose_seed":false,"campfire_upgraded":3,"win_rate":0,"timestamp":1563044788,"path_taken":["M","?","M","M","M","R","E","R","T","E","?","?","?","M","R","BOSS","M","?","M","?","M","R","M","$","T","M","$","R","E","M","R","BOSS","M","?","$","M","$","R","$","?","T","?","?","R","?","E","R","BOSS"],"build_version":"2019-07-05","purchased_purges":1,"victory":true,"max_hp_per_floor":[75,75,75,75,75,75,75,75,75,75,75,75,75,75,75,75,75,75,75,75,75,75,75,75,75,75,75,75,75,75,75,75,75,75,78,78,78,78,78,78,78,78,78,78,78,78,78,78,78,78],"card_choices":[{"not_picked":["Cleave","Twin Strike"],"picked":"Anger","floor":1.0},{"not_picked":["Thunderclap","Sword Boomerang"],"picked":"Dropkick","floor":3.0},{"not_picked":["Second Wind","Blood for Blood"],"picked":"Reckless Charge","floor":4.0},{"not_picked":["Dual Wield","Sword Boomerang"],"picked":"Intimidate","floor":5.0},{"not_picked":["Rupture","Heavy Blade"],"picked":"Pommel Strike","floor":7.0},{"not_picked":["Twin Strike","Clash"],"picked":"Flame Barrier","floor":10.0},{"not_picked":["Clothesline","Power Through"],"picked":"Sword Boomerang","floor":14.0},{"not_picked":["Dark Embrace","Juggernaut"],"picked":"Immolate","floor":16.0},{"not_picked":["Cleave","Iron Wave"],"picked":"Heavy Blade","floor":18.0},{"not_picked":["Searing Blow","Sword Boomerang"],"picked":"Rage","floor":20.0},{"not_picked":["Heavy Blade","Dark Embrace"],"picked":"Headbutt+1","floor":22.0},{"not_picked":["Thunderclap","Evolve+1"],"picked":"Heavy Blade+1","floor":24.0},{"not_picked":["Anger","Clothesline","Cleave"],"picked":"SKIP","floor":27.0},{"not_picked":["Pommel Strike","Dark Embrace"],"picked":"Intimidate","floor":30.0},{"not_picked":["Fire Breathing","Sentinel","Anger"],"picked":"SKIP","floor":31.0},{"not_picked":["Juggernaut","Exhume"],"picked":"Feed","floor":33.0},{"not_picked":["Twin Strike","Inflame"],"picked":"Armaments+1","floor":35.0},{"not_picked":["Secret Technique","Jack Of All Trades"],"picked":"Apotheosis","floor":36.0},{"not_picked":["Twin Strike+1","Cleave+1"],"picked":"Ghostly Armor+1","floor":38.0},{"not_picked":["Heavy Blade","Searing Blow"],"picked":"Shrug It Off","floor":44.0},{"not_picked":["Perfected Strike","Iron Wave"],"picked":"Pommel Strike+1","floor":45.0},{"not_picked":["Heavy Blade","Reckless Charge","Wild Strike+1"],"picked":"SKIP","floor":48.0}],"player_experience":195861,"relics_obtained":[{"floor":7.0,"key":"Bronze Scales"},{"floor":9.0,"key":"Vajra"},{"floor":10.0,"key":"MawBank"},{"floor":26.0,"key":"Sundial"},{"floor":30.0,"key":"Blood Vial"},{"floor":42.0,"key":"Incense Burner"},{"floor":43.0,"key":"War Paint"},{"floor":44.0,"key":"Gambling Chip"},{"floor":48.0,"key":"Ornamental Fan"}],"event_choices":[{"cards_removed":["Strike_R"],"damage_healed":0.0,"max_hp_gain":0.0,"max_hp_loss":0.0,"gold_gain":0.0,"event_name":"The Cleric","player_choice":"Card Removal","floor":2.0,"gold_loss":75.0,"damage_taken":0.0},{"damage_healed":25.0,"max_hp_gain":0.0,"max_hp_loss":0.0,"gold_gain":0.0,"event_name":"Big Fish","player_choice":"Banana","floor":11.0,"gold_loss":0.0,"damage_taken":0.0},{"damage_healed":0.0,"max_hp_gain":0.0,"max_hp_loss":0.0,"gold_gain":0.0,"event_name":"Shining Light","player_choice":"Entered Light","floor":13.0,"gold_loss":0.0,"damage_taken":23.0,"cards_upgraded":["Anger","Strike_R"]},{"damage_healed":0.0,"max_hp_gain":0.0,"max_hp_loss":0.0,"gold_gain":0.0,"event_name":"Addict","player_choice":"Obtained Relic","floor":19.0,"gold_loss":85.0,"damage_taken":0.0,"relics_obtained":["Pantograph"]},{"damage_healed":0.0,"max_hp_gain":0.0,"max_hp_loss":0.0,"gold_gain":0.0,"event_name":"Masked Bandits","player_choice":"Paid Fearfully","floor":21.0,"gold_loss":64.0,"damage_taken":0.0},{"damage_healed":0.0,"max_hp_gain":0.0,"max_hp_loss":0.0,"gold_gain":0.0,"event_name":"SensoryStone","player_choice":"Memory 1","floor":36.0,"gold_loss":0.0,"damage_taken":0.0},{"damage_healed":0.0,"max_hp_gain":0.0,"max_hp_loss":0.0,"gold_gain":0.0,"event_name":"MindBloom","player_choice":"Fight","floor":42.0,"gold_loss":0.0,"damage_taken":0.0},{"damage_healed":0.0,"max_hp_gain":0.0,"max_hp_loss":0.0,"gold_gain":0.0,"event_name":"Mysterious Sphere","player_choice":"Fight","floor":44.0,"gold_loss":0.0,"damage_taken":0.0},{"cards_removed":["Headbutt"],"damage_healed":0.0,"max_hp_gain":0.0,"max_hp_loss":0.0,"gold_gain":0.0,"event_name":"Falling","player_choice":"Removed Attack","floor":47.0,"gold_loss":0.0,"damage_taken":0.0}],"is_beta":false,"boss_relics":[{"not_picked":["Runic Pyramid","Lizard Tail"],"picked":"Fusion Hammer"},{"not_picked":["Tiny House","Calling Bell"],"picked":"White Beast Statue"}],"items_purged_floors":[28],"is_endless":false,"potions_floor_spawned":[3,5,14,20,24,31,35,38,42,44,45,48],"ascension_level":18}