{"gold_per_floor":[114,132,146,164,180,180,239,255,255,255,73,73,39,53,53,53],"floor_reached":16,"playtime":1897,"items_purged":[],"score":111,"play_id":"f60f0f31-1ea4-4a46-80e0-2a852a0e168a","local_time":"20190711171005","is_ascension_mode":true,"campfire_choices":[{"floor":6,"key":"REST"},{"floor":15,"key":"REST"}],"neow_cost":"TEN_PERCENT_HP_LOSS","seed_source_timestamp":127879834056637,"circlet_count":0,"master_deck":["Strike_B","Strike_B","Strike_B","Strike_B","Defend_B","Defend_B","Defend_B","Defend_B","Zap","Dualcast","Fusion","Genetic Algorithm","Barrage","Auto Shields","Reinforced Body","Multi-Cast","Ball Lightning","Defragment","Consume","Core Surge"],"special_seed":0,"relics":["Cracked Core","Nunchaku","Tiny Chest","Blue Candle","FaceOfCleric","Lantern"],"potions_floor_usage":[4,12,16],"damage_taken":[{"damage":0,"enemies":"2 Louse","floor":1,"turns":2},{"damage":0,"enemies":"Cultist","floor":2,"turns":4},{"damage":5,"enemies":"Small Slimes","floor":3,"turns":3},{"damage":22,"enemies":"Exordium Wildlife","floor":4,"turns":5},{"damage":5,"enemies":"Looter","floor":5,"turns":3},{"damage":35,"enemies":"Gremlin Nob","floor":7,"turns":5},{"damage":8,"enemies":"Exordium Thugs","floor":8,"turns":4},{"damage":0,"enemies":"Large Slime","floor":12,"turns":1},{"damage":0,"enemies":"Looter","floor":14,"turns":3},{"damage":41,"enemies":"Slime Boss","floor":16,"turns":10}],"seed_played":"775795131471344024","potions_obtained":[{"floor":2,"key":"FearPotion"},{"floor":3,"key":"Energy Potion"},{"floor":4,"key":"FairyPotion"},{"floor":5,"key":"Ancient Potion"},{"floor":8,"key":"SmokeBomb"}],"is_trial":false,"path_per_floor":["M","M","M","M","M","R","E","M","T","?","$","M","$","M","R","B"],"character_chosen":"DEFECT","items_purchased":["Defragment","Lantern","Consume"],"campfire_rested":2,"item_purchase_floors":[11,11,13],"current_hp_per_floor":[68,68,63,41,36,56,21,13,13,13,13,14,14,15,36,0],"gold":53,"neow_bonus":"ONE_RARE_RELIC","is_prod":false,"is_daily":false,"chose_seed":false,"campfire_upgraded":0,"win_rate":0,"timestamp":1562879405,"path_taken":["M","M","M","M","M","R","E","M","T","?","$","M","$","M","R","BOSS"],"build_version":"2019-07-05","purchased_purges":0,"victory":false,"max_hp_per_floor":[68,68,68,68,68,68,68,68,68,68,68,69,69,70,70,70],"card_choices":[{"not_picked":["Stack","Leap"],"picked":"Fusion","floor":1},{"not_picked":["Melter","BootSequence"],"picked":"Genetic Algorithm","floor":2},{"not_picked":["Sweeping Beam","Storm"],"picked":"Barrage","floor":3},{"not_picked":["Hologram","Gash"],"picked":"Auto Shields","floor":4},{"not_picked":["Hello World","Undo"],"picked":"Reinforced Body","floor":5},{"not_picked":["Stack","Streamline"],"picked":"Multi-Cast","floor":7},{"not_picked":["Stack","Barrage"],"picked":"Ball Lightning","floor":8},{"not_picked":["Storm","Auto Shields"],"picked":"Core Surge","floor":14}],"player_experience":458580,"relics_obtained":[{"floor":7,"key":"Tiny Chest"},{"floor":9,"key":"Blue Candle"}],"event_choices":[{"damage_healed":0,"gold_gain":0,"player_choice":"Trade","damage_taken":0,"relics_obtained":["FaceOfCleric"],"max_hp_gain":0,"max_hp_loss":0,"event_name":"FaceTrader","floor":10,"gold_loss":0}],"is_beta":false,"boss_relics":[],"items_purged_floors":[],"is_endless":false,"potions_floor_spawned":[2,3,4,5,8,12],"killed_by":"Slime Boss","ascension_level":1}