{"gold_per_floor":[113,113,113,132,143,143,143,143,143,143,143,143,72,103,103,206,206,226,238,238,163,175,175,175,175,175,25,52,52,152,77,77,182,182,195,195,249,349,3,3,3,3,3,3,19,19,19,19,19,19],"floor_reached":51,"playtime":2953,"items_purged":["Strike_B","Strike_B"],"score":726,"play_id":"8e9a36a7-95d1-4c23-b034-2b84c3ac4070","local_time":"20190706000411","daily_mods":["Vintage","Heirloom","Time Dilation","Flight"],"is_ascension_mode":false,"campfire_choices":[{"data":"Demon Form","floor":6,"key":"SMITH"},{"data":"Pain","floor":7,"key":"PURGE"},{"data":"Rainbow","floor":10,"key":"SMITH"},{"data":"Echo Form","floor":11,"key":"SMITH"},{"data":"Rebound","floor":12,"key":"SMITH"},{"data":"Defragment","floor":15,"key":"SMITH"},{"data":"Glacier","floor":23,"key":"SMITH"},{"data":"Wraith Form v2","floor":24,"key":"SMITH"},{"data":"Capacitor","floor":25,"key":"SMITH"},{"data":"Reinforced Body","floor":29,"key":"SMITH"},{"data":"Barrage","floor":32,"key":"SMITH"},{"data":"Fission","floor":40,"key":"SMITH"},{"data":"Dualcast","floor":41,"key":"SMITH"},{"data":"Zap","floor":42,"key":"SMITH"},{"data":"Strike_B","floor":44,"key":"PURGE"},{"data":"Defend_B","floor":49,"key":"PURGE"}],"neow_cost":"","seed_source_timestamp":0,"circlet_count":0,"master_deck":["Demon Form+1","Wraith Form v2+1","Echo Form+1","Defend_B","Defend_B","Defend_B","Zap+1","Dualcast+1","Rainbow+1","Defragment+1","Capacitor+1","Fission+1","Glacier+1","Reinforced Body+1","Barrage+1","Bandage Up","Coolheaded+1","Defragment+1"],"relics":["Cracked Core","Peace Pipe","Regal Pillow","Art of War","WarpedTongs","Blue Candle","DataDisk","Bottled Lightning","Torii","Nuclear Battery","Ornamental Fan","Mummified Hand","Darkstone Periapt","Symbiotic Virus","Centennial Puzzle","Singing Bowl","Gambling Chip","Bottled Tornado","Philosopher\u0027s Stone","Juzu Bracelet","Smiling Mask","FossilizedHelix","Calipers","Omamori","Kunai"],"potions_floor_usage":[16,30,30,50,50],"damage_taken":[{"damage":1,"enemies":"Jaw Worm","floor":1,"turns":5},{"damage":7,"enemies":"Small Slimes","floor":4,"turns":4},{"damage":9,"enemies":"Cultist","floor":5,"turns":4},{"damage":18,"enemies":"Gremlin Nob","floor":14,"turns":5},{"damage":27,"enemies":"The Guardian","floor":16,"turns":10},{"damage":1,"enemies":"Spheric Guardian","floor":18,"turns":4},{"damage":14,"enemies":"Shell Parasite","floor":19,"turns":5},{"damage":3,"enemies":"Snake Plant","floor":22,"turns":4},{"damage":0,"enemies":"Slavers","floor":28,"turns":5},{"damage":0,"enemies":"Colosseum Slavers","floor":30,"turns":4},{"damage":15,"enemies":"Colosseum Nobs","floor":30,"turns":4},{"damage":18,"enemies":"Automaton","floor":33,"turns":7},{"damage":1,"enemies":"Orb Walker","floor":35,"turns":2},{"damage":2,"enemies":"Mind Bloom Boss Battle","floor":38,"turns":6},{"damage":0,"enemies":"3 Darklings","floor":45,"turns":6},{"damage":54,"enemies":"Time Eater","floor":50,"turns":6}],"seed_played":"1354604037023103874","potions_obtained":[{"floor":4,"key":"Strength Potion"},{"floor":16,"key":"Swift Potion"},{"floor":18,"key":"Strength Potion"},{"floor":22,"key":"Poison Potion"},{"floor":35,"key":"AttackPotion"},{"floor":38,"key":"Strength Potion"}],"is_trial":true,"path_per_floor":["M","?","?","M","M","R","R","?","T","R","R","R","$","E","R","B",null,"M","M","?","?","M","R","R","R","T","$","E","R","?","$","R","B",null,"M","?","T","?","$","R","R","R","T","R","M","?","?","?","R","B",null],"character_chosen":"DEFECT","items_purchased":["Defragment","Centennial Puzzle","Calipers"],"campfire_rested":0,"item_purchase_floors":[13,27,39],"current_hp_per_floor":[74,62,62,55,46,46,46,46,46,46,46,46,46,28,28,1,75,74,60,60,60,57,57,57,57,57,57,57,57,42,42,42,26,77,76,70,70,72,72,72,72,72,72,72,80,80,80,80,80,38],"gold":19,"neow_bonus":"","is_prod":false,"is_daily":false,"chose_seed":false,"campfire_upgraded":13,"win_rate":0.0,"timestamp":1562339051,"path_taken":["M","?","?","M","?","R","R","?","T","R","R","R","?","E","R","BOSS","M","M","?","?","?","R","R","R","T","?","E","R","?","?","R","BOSS","M","?","?","?","$","R","R","R","T","R","M","?","?","?","R","BOSS"],"build_version":"2019-07-01","purchased_purges":2,"victory":true,"max_hp_per_floor":[75,75,75,75,75,75,75,75,75,75,75,75,75,75,75,75,75,75,75,75,75,75,75,75,75,75,75,75,75,75,75,75,77,77,77,81,81,81,81,81,81,81,81,81,81,81,81,81,81,81],"card_choices":[{"not_picked":["Rainbow","Streamline"],"picked":"Capacitor","floor":14},{"not_picked":["Buffer","Amplify"],"picked":"Fission","floor":16},{"not_picked":["Turbo","Machine Learning"],"picked":"Reinforced Body","floor":28},{"not_picked":["Conserve Battery+1","Compile Driver"],"picked":"Barrage","floor":30},{"not_picked":["Hyperbeam","Machine Learning","Thunder Strike"],"picked":"Singing Bowl","floor":33},{"not_picked":["Jack Of All Trades","Mayhem"],"picked":"Bandage Up","floor":36},{"not_picked":["Deep Breath","PanicButton","Dramatic Entrance"],"picked":"Singing Bowl","floor":36},{"not_picked":["Impatience","Trip","Mayhem"],"picked":"Singing Bowl","floor":36},{"not_picked":["Go for the Eyes","White Noise+1"],"picked":"Coolheaded+1","floor":38}],"player_experience":54243,"relics_obtained":[{"floor":1,"key":"Regal Pillow"},{"floor":4,"key":"Blue Candle"},{"floor":5,"key":"DataDisk"},{"floor":9,"key":"Bottled Lightning"},{"floor":14,"key":"Torii"},{"floor":18,"key":"Ornamental Fan"},{"floor":19,"key":"Mummified Hand"},{"floor":22,"key":"Darkstone Periapt"},{"floor":26,"key":"Symbiotic Virus"},{"floor":28,"key":"Singing Bowl"},{"floor":30,"key":"Gambling Chip"},{"floor":30,"key":"Bottled Tornado"},{"floor":35,"key":"Juzu Bracelet"},{"floor":37,"key":"Smiling Mask"},{"floor":38,"key":"FossilizedHelix"},{"floor":43,"key":"Omamori"},{"floor":45,"key":"Kunai"}],"event_choices":[{"damage_healed":0,"gold_gain":0,"player_choice":"Success","damage_taken":12,"relics_obtained":["Art of War"],"max_hp_gain":0,"max_hp_loss":0,"event_name":"Scrap Ooze","floor":2,"gold_loss":0},{"damage_healed":0,"gold_gain":0,"player_choice":"Rummage","damage_taken":0,"relics_obtained":["WarpedTongs"],"max_hp_gain":0,"max_hp_loss":0,"event_name":"Accursed Blacksmith","floor":3,"gold_loss":0,"cards_obtained":["Pain"]},{"damage_healed":0,"gold_gain":0,"player_choice":"2 cards matched","damage_taken":0,"max_hp_gain":0,"max_hp_loss":0,"event_name":"Match and Keep!","floor":8,"gold_loss":0,"cards_obtained":["Rebound","Rainbow"]},{"damage_healed":0,"gold_gain":0,"player_choice":"Read","damage_taken":0,"max_hp_gain":0,"max_hp_loss":0,"event_name":"The Library","floor":20,"gold_loss":0,"cards_obtained":["Glacier"]},{"cards_removed":["Strike_B"],"damage_healed":0,"gold_gain":0,"player_choice":"Gave Gold","damage_taken":0,"max_hp_gain":0,"max_hp_loss":0,"event_name":"Beggar","floor":21,"gold_loss":75},{"damage_healed":0,"gold_gain":0,"player_choice":"Fight","damage_taken":0,"max_hp_gain":0,"max_hp_loss":0,"event_name":"Colosseum","floor":30,"gold_loss":0},{"damage_healed":0,"gold_gain":0,"player_choice":"Fought Nobs","damage_taken":0,"max_hp_gain":0,"max_hp_loss":0,"event_name":"Colosseum","floor":30,"gold_loss":0},{"damage_healed":0,"gold_gain":0,"player_choice":"Memory 3","damage_taken":10,"max_hp_gain":0,"max_hp_loss":0,"event_name":"SensoryStone","floor":36,"gold_loss":0},{"damage_healed":0,"gold_gain":0,"player_choice":"Fight","damage_taken":0,"max_hp_gain":0,"max_hp_loss":0,"event_name":"MindBloom","floor":38,"gold_loss":0},{"cards_removed":["Rebound"],"damage_healed":0,"gold_gain":0,"player_choice":"Removed Attack","damage_taken":0,"max_hp_gain":0,"max_hp_loss":0,"event_name":"Falling","floor":46,"gold_loss":0},{"damage_healed":0,"gold_gain":0,"player_choice":"Copied","damage_taken":0,"max_hp_gain":0,"max_hp_loss":0,"event_name":"Duplicator","floor":47,"gold_loss":0,"cards_obtained":["Defragment"]},{"damage_healed":0,"gold_gain":0,"player_choice":"Got Potions","damage_taken":0,"max_hp_gain":0,"max_hp_loss":0,"event_name":"Lab","floor":48,"gold_loss":0}],"is_beta":false,"boss_relics":[{"not_picked":["Calling Bell","Orrery"],"picked":"Nuclear Battery"},{"not_picked":["Lizard Tail","Tiny House"],"picked":"Philosopher\u0027s Stone"}],"items_purged_floors":[31,39],"is_endless":false,"potions_floor_spawned":[4,16,18,22,28,30,35,38],"ascension_level":0}