{"gold_per_floor":[111,123,137,150,150,183,183,3,3,3,17,29,204,233,233,338,338,351,361,271,291,305,335,335,349,349,359,359,274,274,15,15,111,111,128,16,29,0,17,30,30,46,46,46,46,63,81,107,107,107],"floor_reached":51,"playtime":7994,"items_purged":["Strike_B"],"score":713,"play_id":"ed77a5e8-a9a3-4ad8-87ba-4832a06b5139","local_time":"20190710010705","is_ascension_mode":false,"campfire_choices":[{"data":"Dualcast","floor":7,"key":"SMITH"},{"data":"Streamline","floor":15,"key":"SMITH"},{"floor":24,"key":"REST"},{"floor":30,"key":"REST"},{"data":"Apotheosis","floor":32,"key":"SMITH"},{"data":"Defragment","floor":44,"key":"SMITH"},{"floor":49,"key":"REST"}],"neow_cost":"NONE","seed_source_timestamp":1299604878895900,"circlet_count":0,"master_deck":["Defend_B","Defend_B","Zap","Dualcast+1","Coolheaded","Conserve Battery","Go for the Eyes","Streamline+1","Sweeping Beam","Hologram","Genetic Algorithm+1","Steam Power+1","Doubt","Lockon","Biased Cognition","Coolheaded+1","Scrape+1","Melter+1","Go for the Eyes","Defragment","FTL","Ball Lightning","Gash","Redo+1","Steam","Static Discharge","Defragment+1","Apotheosis+1","Amplify+1","Capacitor","FTL","Conserve Battery+1","Steam+1","Hologram+1","Aggregate","Bandage Up","Finesse","Capacitor","Parasite","Ball Lightning+1","Chill"],"relics":["FrozenCore","Mummified Hand","Darkstone Periapt","Sundial","Oddly Smooth Stone","Astrolabe","Bag of Marbles","Matryoshka","Gremlin Horn","Red Mask","War Paint","Boot","Pantograph"],"potions_floor_usage":[14,16,16,23,25,33,39,46,47,50,50],"damage_taken":[{"damage":0,"enemies":"Small Slimes","floor":1,"turns":4},{"damage":3,"enemies":"2 Louse","floor":2,"turns":4},{"damage":0,"enemies":"Jaw Worm","floor":3,"turns":5},{"damage":8,"enemies":"Red Slaver","floor":4,"turns":5},{"damage":13,"enemies":"Gremlin Nob","floor":6,"turns":4},{"damage":9,"enemies":"Large Slime","floor":11,"turns":7},{"damage":4,"enemies":"Blue Slaver","floor":12,"turns":4},{"damage":24,"enemies":"Lagavulin","floor":14,"turns":8},{"damage":35,"enemies":"Hexaghost","floor":16,"turns":13},{"damage":8,"enemies":"3 Byrds","floor":18,"turns":6},{"damage":0,"enemies":"Chosen","floor":19,"turns":4},{"damage":14,"enemies":"Snake Plant","floor":21,"turns":6},{"damage":33,"enemies":"Snecko","floor":22,"turns":8},{"damage":37,"enemies":"Slavers","floor":23,"turns":6},{"damage":13,"enemies":"3 Cultists","floor":25,"turns":6},{"damage":11,"enemies":"Centurion and Healer","floor":27,"turns":6},{"damage":7,"enemies":"Champ","floor":33,"turns":10},{"damage":0,"enemies":"Orb Walker","floor":35,"turns":4},{"damage":5,"enemies":"3 Shapes","floor":37,"turns":4},{"damage":3,"enemies":"Transient","floor":39,"turns":5},{"damage":17,"enemies":"Spire Growth","floor":40,"turns":7},{"damage":0,"enemies":"Maw","floor":42,"turns":9},{"damage":27,"enemies":"3 Darklings","floor":46,"turns":5},{"damage":0,"enemies":"Writhing Mass","floor":47,"turns":8},{"damage":44,"enemies":"Reptomancer","floor":48,"turns":6},{"damage":56,"enemies":"Time Eater","floor":50,"turns":15}],"seed_played":"-279212506231991031","potions_obtained":[{"floor":2,"key":"SkillPotion"},{"floor":3,"key":"AttackPotion"},{"floor":12,"key":"EssenceOfSteel"},{"floor":16,"key":"SpeedPotion"},{"floor":21,"key":"FearPotion"},{"floor":23,"key":"Dexterity Potion"},{"floor":27,"key":"SpeedPotion"},{"floor":33,"key":"GamblersBrew"},{"floor":35,"key":"PowerPotion"},{"floor":40,"key":"PowerPotion"},{"floor":46,"key":"Fruit Juice"}],"is_trial":false,"path_per_floor":["M","M","M","M","?","E","R","$","T","?","M","M","?","E","R","B",null,"M","M","?","M","M","E","R","M","T","M","?","?","R","$","R","B",null,"M","$","M","?","M","M","$","M","T","R","?","M","M","E","R","B",null],"character_chosen":"DEFECT","items_purchased":["Hologram","Genetic Algorithm","Defragment","Apotheosis","Capacitor","FTL"],"campfire_rested":3,"item_purchase_floors":[8,8,31,31,36,36],"current_hp_per_floor":[82,79,79,71,59,46,46,46,46,72,63,59,65,41,41,6,94,86,86,86,72,39,2,29,16,16,5,5,5,32,32,32,25,91,91,91,86,86,83,66,66,66,66,66,61,38,55,15,45,20],"gold":107,"neow_bonus":"TEN_PERCENT_HP_BONUS","is_prod":false,"is_daily":false,"chose_seed":false,"campfire_upgraded":4,"win_rate":0.0,"timestamp":1562735225,"path_taken":["M","M","M","M","?","E","R","$","T","?","M","M","?","E","R","BOSS","M","M","?","M","M","E","R","M","T","?","?","?","R","?","R","BOSS","M","$","M","?","M","M","$","M","T","R","?","M","M","E","R","BOSS"],"build_version":"2019-07-05","purchased_purges":1,"victory":true,"max_hp_per_floor":[82,82,82,82,82,82,82,82,82,88,88,88,94,94,94,94,94,94,94,91,91,91,91,91,91,91,91,91,91,91,91,91,91,91,91,91,91,91,91,91,91,91,91,91,91,91,102,102,102,102],"card_choices":[{"not_picked":["Steam","Leap"],"picked":"Coolheaded","floor":1},{"not_picked":["Steam","Leap"],"picked":"Conserve Battery","floor":2},{"not_picked":["Cold Snap","Ball Lightning"],"picked":"Go for the Eyes","floor":3},{"not_picked":["Barrage","White Noise"],"picked":"Streamline","floor":4},{"not_picked":["Streamline","Buffer"],"picked":"Sweeping Beam","floor":6},{"not_picked":["Coolheaded","Force Field","Streamline"],"picked":"SKIP","floor":11},{"not_picked":["Cold Snap","Streamline"],"picked":"Steam Power","floor":12},{"not_picked":["Rip and Tear","Leap"],"picked":"Lockon","floor":14},{"not_picked":["Fission","Electrodynamics"],"picked":"Biased Cognition","floor":16},{"not_picked":["FTL+1","Stack+1","Scrape"],"picked":"SKIP","floor":18},{"not_picked":["Defragment","Compile Driver"],"picked":"Go for the Eyes","floor":19},{"not_picked":["Stack","Conserve Battery+1"],"picked":"Defragment","floor":21},{"not_picked":["Streamline","Barrage"],"picked":"FTL","floor":22},{"not_picked":["Coolheaded+1","Leap+1"],"picked":"Ball Lightning","floor":23},{"not_picked":["Coolheaded+1","Redo"],"picked":"Gash","floor":25},{"not_picked":["Coolheaded","Beam Cell"],"picked":"Redo+1","floor":27},{"not_picked":["Machine Learning","Fission"],"picked":"Amplify","floor":33},{"not_picked":["Streamline+1","Sweeping Beam+1","Leap"],"picked":"SKIP","floor":35},{"not_picked":["Coolheaded","Steam+1"],"picked":"Conserve Battery+1","floor":37},{"not_picked":["Coolheaded+1","Stack"],"picked":"Steam+1","floor":39},{"not_picked":["Steam Power","Barrage+1"],"picked":"Hologram+1","floor":40},{"not_picked":["Ball Lightning+1","Blizzard"],"picked":"Aggregate","floor":42},{"not_picked":["Sadistic Nature","The Bomb"],"picked":"Bandage Up","floor":45},{"not_picked":["Blind","Swift Strike"],"picked":"Finesse","floor":45},{"not_picked":["Sweeping Beam","Leap+1"],"picked":"Capacitor","floor":46},{"not_picked":["Compile Driver","Hologram"],"picked":"Ball Lightning+1","floor":47},{"not_picked":["Coolheaded+1","Conserve Battery+1"],"picked":"Chill","floor":48}],"player_experience":35470,"relics_obtained":[{"floor":6,"key":"Darkstone Periapt"},{"floor":9,"key":"Sundial"},{"floor":14,"key":"Oddly Smooth Stone"},{"floor":23,"key":"Bag of Marbles"},{"floor":26,"key":"Matryoshka"},{"floor":43,"key":"War Paint"},{"floor":43,"key":"Boot"},{"floor":48,"key":"Pantograph"}],"event_choices":[{"damage_healed":0,"gold_gain":0,"player_choice":"Success","damage_taken":12,"relics_obtained":["Mummified Hand"],"max_hp_gain":0,"max_hp_loss":0,"event_name":"Scrap Ooze","floor":5,"gold_loss":0},{"damage_healed":20,"gold_gain":0,"player_choice":"Healed and dodged fight","damage_taken":0,"max_hp_gain":0,"max_hp_loss":0,"event_name":"Mushrooms","floor":10,"gold_loss":0,"cards_obtained":["Parasite"]},{"damage_healed":0,"gold_gain":175,"player_choice":"AGREE","damage_taken":0,"max_hp_gain":0,"max_hp_loss":0,"event_name":"Liars Game","floor":13,"gold_loss":0,"cards_obtained":["Doubt"]},{"cards_removed":["Parasite"],"damage_healed":0,"gold_gain":0,"player_choice":"Upgrade and Remove","damage_taken":0,"max_hp_gain":0,"max_hp_loss":0,"event_name":"Designer","floor":20,"gold_loss":90,"cards_upgraded":["Genetic Algorithm"]},{"damage_healed":0,"gold_gain":0,"cards_transformed":["Defend_B","Defend_B"],"player_choice":"Became Test Subject","damage_taken":0,"max_hp_gain":0,"max_hp_loss":0,"event_name":"Drug Dealer","floor":28,"gold_loss":0,"cards_obtained":["Steam","Static Discharge"]},{"damage_healed":0,"gold_gain":0,"player_choice":"Obtained Relic","damage_taken":0,"relics_obtained":["Gremlin Horn"],"max_hp_gain":0,"max_hp_loss":0,"event_name":"Addict","floor":29,"gold_loss":85},{"damage_healed":0,"gold_gain":0,"player_choice":"Paid","damage_taken":0,"relics_obtained":["Red Mask"],"max_hp_gain":0,"max_hp_loss":0,"event_name":"Tomb of Lord Red Mask","floor":38,"gold_loss":29},{"damage_healed":0,"gold_gain":0,"player_choice":"Memory 2","damage_taken":5,"max_hp_gain":0,"max_hp_loss":0,"event_name":"SensoryStone","floor":45,"gold_loss":0}],"is_beta":false,"boss_relics":[{"not_picked":["Runic Pyramid","Snecko Eye"],"picked":"Astrolabe"},{"not_picked":["Busted Crown","Velvet Choker"],"picked":"FrozenCore"}],"items_purged_floors":[8],"is_endless":false,"potions_floor_spawned":[2,3,12,16,21,23,27,33,35,40,46],"ascension_level":0}