{"gold_per_floor":[114,124,124,139,153,153,188,207,233,250,250,250,250,263,263,334,334,354,370,370,370,370,405,405,430,430,430,430],"floor_reached":28,"playtime":963,"items_purged":[],"score":516,"play_id":"8045b668-1a1a-4f1e-8ddd-bea2b92778e0","local_time":"20190707200855","is_ascension_mode":true,"campfire_choices":[{"data":"Buffer","floor":6,"key":"SMITH"},{"data":"Zap","floor":12,"key":"SMITH"},{"data":"Storm","floor":15,"key":"SMITH"},{"floor":24,"key":"REST"},{"data":"Electrodynamics","floor":27,"key":"SMITH"}],"neow_cost":"TEN_PERCENT_HP_LOSS","seed_source_timestamp":1156222403275812,"circlet_count":0,"master_deck":["AscendersBane","Strike_B","Strike_B","Strike_B","Strike_B","Defend_B+1","Defend_B","Defend_B","Defend_B","Zap+1","Dualcast","Buffer+1","Gash","Thunder Strike","Genetic Algorithm","Glacier","Storm","Core Surge+1","Storm+1","Capacitor","Electrodynamics+1","Self Repair+1","Decay","Coolheaded","Conserve Battery+1"],"relics":["Cracked Core","Darkstone Periapt","Vajra","Anchor","Sozu","Shovel","DataDisk","WingedGreaves","Bag of Preparation"],"potions_floor_usage":[7,16],"damage_taken":[{"damage":2,"enemies":"Jaw Worm","floor":1,"turns":3},{"damage":0,"enemies":"Cultist","floor":2,"turns":3},{"damage":0,"enemies":"Small Slimes","floor":4,"turns":3},{"damage":15,"enemies":"Red Slaver","floor":5,"turns":5},{"damage":7,"enemies":"Lagavulin","floor":7,"turns":11},{"damage":1,"enemies":"Looter","floor":8,"turns":4},{"damage":0,"enemies":"2 Fungi Beasts","floor":10,"turns":3},{"damage":0,"enemies":"Large Slime","floor":14,"turns":6},{"damage":19,"enemies":"The Guardian","floor":16,"turns":7},{"damage":0,"enemies":"Chosen","floor":18,"turns":4},{"damage":9,"enemies":"2 Thieves","floor":19,"turns":3},{"damage":28,"enemies":"Gremlin Leader","floor":23,"turns":4},{"damage":15,"enemies":"Slavers","floor":25,"turns":3},{"damage":38,"enemies":"Book of Stabbing","floor":28,"turns":5}],"seed_played":"7672026578510224309","potions_obtained":[{"floor":1,"key":"Dexterity Potion"},{"floor":7,"key":"PowerPotion"},{"floor":10,"key":"AttackPotion"}],"is_trial":false,"path_per_floor":["M","M","?","M","M","R","E","M","T","M","?","R","?","M","R","B",null,"M","M","T","?","?","E","R","E","T","R","E"],"character_chosen":"DEFECT","items_purchased":[],"campfire_rested":1,"item_purchase_floors":[],"current_hp_per_floor":[62,62,62,62,47,47,40,39,39,39,20,20,20,20,20,1,48,48,39,39,39,45,27,48,33,33,33,0],"gold":430,"neow_bonus":"THREE_RARE_CARDS","is_prod":false,"is_daily":false,"chose_seed":false,"campfire_upgraded":4,"win_rate":0,"timestamp":1562548135,"path_taken":["M","M","?","?","M","R","E","M","T","M","?","R","?","M","R","BOSS","M","M","?","?","?","E","R","E","T","R","E"],"build_version":"2019-07-03","purchased_purges":0,"victory":false,"max_hp_per_floor":[64,64,64,64,64,64,64,64,64,64,64,64,64,64,64,64,64,64,64,64,64,70,70,70,70,70,70,70],"card_choices":[{"not_picked":["Core Surge","All For One"],"picked":"Buffer","floor":0},{"not_picked":["Compile Driver","Stack"],"picked":"Gash","floor":1},{"not_picked":["Lockon","Stack","Streamline"],"picked":"SKIP","floor":2},{"not_picked":["Gash","Beam Cell"],"picked":"Genetic Algorithm","floor":4},{"not_picked":["Blizzard","Defragment"],"picked":"Glacier","floor":5},{"not_picked":["Compile Driver","Go for the Eyes"],"picked":"Storm","floor":7},{"not_picked":["Turbo","Storm"],"picked":"Core Surge","floor":8},{"not_picked":["Beam Cell","Sweeping Beam"],"picked":"Storm","floor":10},{"not_picked":["Gash","Turbo"],"picked":"Capacitor","floor":14},{"not_picked":["Machine Learning","Seek"],"picked":"Electrodynamics","floor":16},{"not_picked":["Cold Snap+1","Rebound","Stack+1"],"picked":"SKIP","floor":18},{"not_picked":["Go for the Eyes","Skim"],"picked":"Self Repair+1","floor":19},{"not_picked":["Sweeping Beam","Rebound+1"],"picked":"Coolheaded","floor":23},{"not_picked":["Fusion","Static Discharge"],"picked":"Conserve Battery+1","floor":25}],"player_experience":1661123,"relics_obtained":[{"floor":7,"key":"Darkstone Periapt"},{"floor":9,"key":"Vajra"},{"floor":20,"key":"Shovel"},{"floor":23,"key":"DataDisk"},{"floor":25,"key":"WingedGreaves"},{"floor":26,"key":"Bag of Preparation"}],"event_choices":[{"damage_healed":0,"gold_gain":0,"player_choice":"1 cards matched","damage_taken":0,"max_hp_gain":0,"max_hp_loss":0,"event_name":"Match and Keep!","floor":3,"gold_loss":0,"cards_obtained":["Thunder Strike"]},{"damage_healed":0,"gold_gain":0,"player_choice":"Entered Light","damage_taken":19,"max_hp_gain":0,"max_hp_loss":0,"event_name":"Shining Light","floor":11,"gold_loss":0,"cards_upgraded":["Defend_B","Core Surge"]},{"damage_healed":0,"gold_gain":0,"player_choice":"Gave Potion","damage_taken":0,"relics_obtained":["Anchor"],"max_hp_gain":0,"max_hp_loss":0,"event_name":"WeMeetAgain","floor":13,"gold_loss":0},{"damage_healed":0,"gold_gain":0,"player_choice":"Ignored","damage_taken":0,"max_hp_gain":0,"max_hp_loss":0,"event_name":"The Mausoleum","floor":21,"gold_loss":0},{"damage_healed":0,"gold_gain":0,"player_choice":"Smashed Altar","damage_taken":0,"max_hp_gain":0,"max_hp_loss":0,"event_name":"Forgotten Altar","floor":22,"gold_loss":0,"cards_obtained":["Decay"]}],"is_beta":true,"boss_relics":[{"not_picked":["Ectoplasm","Coffee Dripper"],"picked":"Sozu"}],"items_purged_floors":[],"is_endless":false,"potions_floor_spawned":[1,7,10,19],"killed_by":"Book of Stabbing","ascension_level":20}