{"gold_per_floor":[117,129,140,31,44,74,74,84,84,84,165,240,52,70,70,201,201,225,100,100,100,119,119,119,159,184,184,198,219,69,88,88,88],"floor_reached":33,"playtime":983,"items_purged":["Strike_R","Strike_R","Defend_R"],"score":292,"play_id":"f9599bf2-ad2b-4a62-be82-147cf572fe4b","local_time":"20190711171515","is_ascension_mode":false,"campfire_choices":[{"data":"Trip","floor":7,"key":"SMITH"},{"floor":15,"key":"REST"},{"data":"Warcry","floor":23,"key":"SMITH"},{"floor":27,"key":"DIG"},{"data":"Bloodletting","floor":32,"key":"SMITH"}],"neow_cost":"PERCENT_DAMAGE","seed_source_timestamp":79098276906157,"circlet_count":0,"master_deck":["Defend_R","Defend_R","Defend_R","Bash","The Bomb","Trip+1","Headbutt","Reckless Charge","Twin Strike","Rampage","Uppercut","Warcry+1","Flash of Steel","Immolate","Bite","Bite","Bite","Bite","Bite","Flame Barrier+1","Bloodletting+1"],"relics":["Black Blood","Sundial","Pocketwatch","Golden Idol","Champion Belt","MutagenicStrength","Shovel","Omamori","Bottled Lightning","Lantern"],"potions_floor_usage":[11,11,16,29,31,33,33],"damage_taken":[{"damage":6,"enemies":"Cultist","floor":1,"turns":3},{"damage":6,"enemies":"Jaw Worm","floor":2,"turns":2},{"damage":10,"enemies":"2 Louse","floor":3,"turns":3},{"damage":5,"enemies":"Looter","floor":5,"turns":2},{"damage":27,"enemies":"3 Sentries","floor":6,"turns":4},{"damage":7,"enemies":"Blue Slaver","floor":8,"turns":2},{"damage":13,"enemies":"Lagavulin Event","floor":11,"turns":4},{"damage":4,"enemies":"2 Fungi Beasts","floor":14,"turns":3},{"damage":21,"enemies":"Hexaghost","floor":16,"turns":8},{"damage":15,"enemies":"Shell Parasite","floor":18,"turns":4},{"damage":6,"enemies":"Chosen","floor":22,"turns":2},{"damage":42,"enemies":"Slavers","floor":25,"turns":3},{"damage":9,"enemies":"Snecko","floor":28,"turns":4},{"damage":20,"enemies":"Shelled Parasite and Fungi","floor":29,"turns":3},{"damage":7,"enemies":"Centurion and Healer","floor":31,"turns":3},{"damage":52,"enemies":"Automaton","floor":33,"turns":6}],"seed_played":"-2460991257867291191","potions_obtained":[{"floor":1,"key":"Energy Potion"},{"floor":2,"key":"Energy Potion"},{"floor":5,"key":"Block Potion"},{"floor":16,"key":"Regen Potion"},{"floor":22,"key":"Swift Potion"},{"floor":25,"key":"Energy Potion"},{"floor":29,"key":"Explosive Potion"}],"is_trial":false,"path_per_floor":["M","M","M","$","M","E","R","M","T","?","?","?","$","M","R","B",null,"M","$","?","?","M","R","$","E","T","R","M","M","$","M","R","B"],"character_chosen":"IRONCLAD","items_purchased":["Rampage","Flash of Steel","Lantern"],"campfire_rested":1,"item_purchase_floors":[4,13,30],"current_hp_per_floor":[56,56,52,52,53,32,32,31,31,31,24,13,13,15,37,22,74,69,69,51,51,51,51,51,23,23,23,34,28,28,33,33,0],"gold":88,"neow_bonus":"RANDOM_COLORLESS_2","is_prod":false,"is_daily":false,"chose_seed":false,"campfire_upgraded":3,"win_rate":0,"timestamp":1562829315,"path_taken":["M","?","M","$","M","E","R","M","T","?","?","?","?","M","R","BOSS","M","$","?","?","M","R","?","E","T","R","M","?","?","M","R","BOSS"],"build_version":"2019-07-05","purchased_purges":3,"victory":false,"max_hp_per_floor":[80,80,80,80,80,80,80,80,80,74,74,74,74,74,74,74,74,74,74,51,51,51,51,51,51,51,51,51,51,51,51,51,51],"card_choices":[{"not_picked":["Carnage","Clash"],"picked":"Headbutt","floor":1},{"not_picked":["Metallicize","Rupture"],"picked":"Reckless Charge","floor":2},{"not_picked":["Inflame","Clothesline"],"picked":"Twin Strike","floor":3},{"not_picked":["Clash","Clothesline"],"picked":"Uppercut","floor":5},{"not_picked":["Heavy Blade","Metallicize","Exhume"],"picked":"SKIP","floor":6},{"not_picked":["Metallicize","Cleave","Sword Boomerang"],"picked":"SKIP","floor":8},{"not_picked":["Anger","Flex"],"picked":"Warcry","floor":11},{"not_picked":["Flex","Body Slam","Anger"],"picked":"SKIP","floor":14},{"not_picked":["Fiend Fire","Barricade"],"picked":"Immolate","floor":16},{"not_picked":["Metallicize+1","Perfected Strike","Heavy Blade"],"picked":"SKIP","floor":18},{"not_picked":["Sword Boomerang","Body Slam","Disarm"],"picked":"SKIP","floor":22},{"not_picked":["Uppercut+1","Body Slam","Heavy Blade"],"picked":"SKIP","floor":25},{"not_picked":["Battle Trance","Entrench"],"picked":"Flame Barrier+1","floor":28},{"not_picked":["Headbutt","Heavy Blade","Perfected Strike"],"picked":"SKIP","floor":29},{"not_picked":["Thunderclap","Clothesline"],"picked":"Bloodletting","floor":31}],"player_experience":27039,"relics_obtained":[{"floor":6,"key":"Sundial"},{"floor":9,"key":"Pocketwatch"},{"floor":25,"key":"Shovel"},{"floor":26,"key":"Omamori"},{"floor":27,"key":"Bottled Lightning"}],"event_choices":[{"damage_healed":0,"gold_gain":0,"player_choice":"Lose Max HP","damage_taken":0,"relics_obtained":["Golden Idol"],"max_hp_gain":0,"max_hp_loss":6,"event_name":"Golden Idol","floor":10,"gold_loss":0},{"damage_healed":0,"gold_gain":0,"player_choice":"Searched \u00273\u0027 times","damage_taken":0,"relics_obtained":["Champion Belt"],"max_hp_gain":0,"max_hp_loss":0,"event_name":"Dead Adventurer","floor":11,"gold_loss":0},{"damage_healed":0,"gold_gain":75,"player_choice":"Gather Gold","damage_taken":11,"max_hp_gain":0,"max_hp_loss":0,"event_name":"World of Goop","floor":12,"gold_loss":0},{"damage_healed":0,"gold_gain":0,"player_choice":"Became a vampire","damage_taken":0,"max_hp_gain":0,"max_hp_loss":23,"event_name":"Vampires","floor":20,"gold_loss":0,"cards_obtained":["Bite","Bite","Bite","Bite","Bite"]},{"damage_healed":0,"gold_gain":0,"player_choice":"Inject Mutagens","damage_taken":0,"relics_obtained":["MutagenicStrength"],"max_hp_gain":0,"max_hp_loss":0,"event_name":"Drug Dealer","floor":21,"gold_loss":0}],"is_beta":false,"boss_relics":[{"not_picked":["Velvet Choker","Fusion Hammer"],"picked":"Black Blood"}],"items_purged_floors":[4,13,19],"is_endless":false,"potions_floor_spawned":[1,2,5,16,22,25,29],"killed_by":"Automaton","ascension_level":0}