{"gold_per_floor":[109,126,126,137,151,151,167,187,187,197,197,197,197,197,197,299,299,309,309,327,116,136,136,136,136,162,207,227,227,245,263,263,263],"floor_reached":33,"playtime":2872,"items_purged":[],"score":266,"play_id":"8536ce7b-2274-4b8e-bd28-84d2ee129498","local_time":"20190703193949","is_ascension_mode":false,"campfire_choices":[{"data":"Feed","floor":6,"key":"SMITH"},{"data":"Flex","floor":11,"key":"SMITH"},{"data":"Warcry","floor":13,"key":"SMITH"},{"data":"Perfected Strike","floor":15,"key":"SMITH"},{"floor":23,"key":"REST"},{"floor":25,"key":"REST"},{"data":"Armaments","floor":29,"key":"SMITH"},{"floor":32,"key":"REST"}],"neow_cost":"NONE","seed_source_timestamp":1620959594290,"circlet_count":0,"master_deck":["Strike_R","Strike_R","Strike_R","Strike_R","Strike_R","Defend_R","Defend_R","Defend_R","Defend_R","Bash","Blood for Blood","Perfected Strike+1","Shrug It Off","Feed+1","Flex+1","Warcry+1","Impervious","Heavy Blade+1","Combust","Dual Wield","Armaments+1","Rupture","Hemokinesis","Seeing Red","Power Through+1"],"relics":["Burning Blood","NeowsBlessing","Centennial Puzzle","Bottled Flame","Eternal Feather","Bronze Scales","Bag of Marbles"],"potions_floor_usage":[8,16,16,20,22,33],"damage_taken":[{"damage":0,"enemies":"2 Louse","floor":1,"turns":1},{"damage":0,"enemies":"Cultist","floor":2,"turns":1},{"damage":0,"enemies":"Jaw Worm","floor":4,"turns":1},{"damage":1,"enemies":"Exordium Wildlife","floor":5,"turns":6},{"damage":9,"enemies":"Blue Slaver","floor":7,"turns":4},{"damage":8,"enemies":"Lots of Slimes","floor":8,"turns":4},{"damage":2,"enemies":"Looter","floor":10,"turns":4},{"damage":60,"enemies":"Slime Boss","floor":16,"turns":16},{"damage":41,"enemies":"3 Byrds","floor":18,"turns":8},{"damage":14,"enemies":"Chosen","floor":20,"turns":6},{"damage":37,"enemies":"Centurion and Healer","floor":22,"turns":7},{"damage":20,"enemies":"Snecko","floor":28,"turns":5},{"damage":37,"enemies":"Snake Plant","floor":30,"turns":5},{"damage":33,"enemies":"Sentry and Sphere","floor":31,"turns":5},{"damage":113,"enemies":"Champ","floor":33,"turns":11}],"seed_played":"-8765823365126987149","potions_obtained":[{"floor":1,"key":"SteroidPotion"},{"floor":5,"key":"Block Potion"},{"floor":7,"key":"SteroidPotion"},{"floor":18,"key":"Block Potion"},{"floor":30,"key":"SteroidPotion"}],"is_trial":false,"path_per_floor":["M","M","?","M","M","R","M","M","T","M","R","?","R","T","R","B",null,"M","?","M","$","M","R","?","R","T","T","M","R","M","M","R","B"],"character_chosen":"IRONCLAD","items_purchased":["Dual Wield","Armaments","Rupture","Block Potion"],"campfire_rested":3,"item_purchase_floors":[21,21,21,21],"current_hp_per_floor":[80,80,80,80,80,80,77,79,79,87,87,87,87,87,87,37,92,61,61,57,57,26,68,68,100,100,100,90,102,71,48,95,0],"gold":263,"neow_bonus":"THREE_ENEMY_KILL","is_prod":false,"is_daily":false,"chose_seed":false,"campfire_upgraded":5,"win_rate":0,"timestamp":1562179189,"path_taken":["M","M","?","M","M","R","M","M","T","?","R","?","R","?","R","BOSS","M","?","M","$","?","R","?","R","T","?","M","R","M","M","R","BOSS"],"build_version":"2019-07-01","purchased_purges":0,"victory":false,"max_hp_per_floor":[80,80,80,80,80,80,80,84,84,88,88,88,88,88,88,92,92,96,96,100,100,100,100,100,100,100,100,104,104,104,108,108,108],"card_choices":[{"not_picked":["Ghostly Armor","Clash"],"picked":"Blood for Blood","floor":1},{"not_picked":["Sword Boomerang","Disarm"],"picked":"Perfected Strike","floor":2},{"not_picked":["Dropkick","Warcry"],"picked":"Shrug It Off","floor":4},{"not_picked":["Heavy Blade","True Grit"],"picked":"Feed","floor":5},{"not_picked":["Twin Strike","Hemokinesis"],"picked":"Flex","floor":7},{"not_picked":["Sentinel","Metallicize","Second Wind"],"picked":"SKIP","floor":8},{"not_picked":["Shrug It Off","Disarm"],"picked":"Warcry","floor":10},{"not_picked":["Feed","Barricade"],"picked":"Impervious","floor":16},{"not_picked":["Headbutt","Clothesline+1"],"picked":"Heavy Blade+1","floor":18},{"not_picked":["Havoc","Sword Boomerang"],"picked":"Combust","floor":20},{"not_picked":["Wild Strike","Pummel"],"picked":"Hemokinesis","floor":22},{"not_picked":["Sever Soul","Rage","Rupture"],"picked":"SKIP","floor":28},{"not_picked":["Havoc","Wild Strike"],"picked":"Seeing Red","floor":30},{"not_picked":["Body Slam","Hemokinesis"],"picked":"Power Through+1","floor":31}],"player_experience":38043,"relics_obtained":[{"floor":9,"key":"Centennial Puzzle"},{"floor":14,"key":"Bottled Flame"},{"floor":26,"key":"Bronze Scales"},{"floor":27,"key":"Bag of Marbles"}],"event_choices":[{"damage_healed":0,"gold_gain":0,"player_choice":"Ignored","damage_taken":0,"max_hp_gain":0,"max_hp_loss":0,"event_name":"Purifier","floor":3,"gold_loss":0},{"damage_healed":0,"gold_gain":0,"player_choice":"Ignored","damage_taken":0,"max_hp_gain":0,"max_hp_loss":0,"event_name":"Liars Game","floor":12,"gold_loss":0},{"damage_healed":0,"gold_gain":0,"player_choice":"Ignored","damage_taken":0,"max_hp_gain":0,"max_hp_loss":0,"event_name":"N\u0027loth","floor":19,"gold_loss":0},{"damage_healed":0,"gold_gain":0,"player_choice":"Ignored","damage_taken":0,"max_hp_gain":0,"max_hp_loss":0,"event_name":"Beggar","floor":24,"gold_loss":0}],"is_beta":false,"boss_relics":[{"not_picked":["Astrolabe","Cursed Key"],"picked":"Eternal Feather"}],"items_purged_floors":[],"is_endless":false,"potions_floor_spawned":[1,5,7,18,30],"killed_by":"Champ","ascension_level":0}