{"gold_per_floor":[118,131,56,67,84,84,100,126,152,152,185,200,200,263,263,340,340,355,371,14,14],"floor_reached":21,"playtime":1174,"items_purged":["Strike_G"],"score":382,"play_id":"c984edcd-5a89-4545-8796-c49603194206","local_time":"20190630230406","is_ascension_mode":true,"campfire_choices":[{"data":"Deadly Poison","floor":6,"key":"SMITH"},{"data":"Malaise","floor":13,"key":"SMITH"},{"data":"Footwork","floor":15,"key":"SMITH"}],"neow_cost":"NONE","seed_source_timestamp":561722798566670,"circlet_count":0,"master_deck":["AscendersBane","Strike_G","Strike_G+1","Defend_G","Defend_G","Defend_G","Defend_G+1","Defend_G","Survivor+1","Neutralize","Noxious Fumes","Backflip","Deadly Poison+1","Sucker Punch+1","Bane","Wraith Form v2","Malaise+1","Predator","Footwork+1","Wraith Form v2","Dodge and Roll","Backstab","Dodge and Roll"],"relics":["Ring of the Snake","Whetstone","Bag of Marbles","Regal Pillow","War Paint","Orrery","Gremlin Horn"],"potions_floor_usage":[8,8],"damage_taken":[{"damage":9,"enemies":"Small Slimes","floor":1,"turns":6},{"damage":2,"enemies":"2 Louse","floor":2,"turns":5},{"damage":0,"enemies":"Cultist","floor":4,"turns":4},{"damage":8,"enemies":"Blue Slaver","floor":5,"turns":5},{"damage":0,"enemies":"2 Fungi Beasts","floor":7,"turns":4},{"damage":12,"enemies":"Lagavulin","floor":8,"turns":5},{"damage":22,"enemies":"3 Sentries","floor":11,"turns":7},{"damage":3,"enemies":"Looter","floor":12,"turns":3},{"damage":6,"enemies":"Gremlin Nob","floor":14,"turns":5},{"damage":4,"enemies":"The Guardian","floor":16,"turns":13},{"damage":20,"enemies":"3 Byrds","floor":18,"turns":7},{"damage":0,"enemies":"Spheric Guardian","floor":19,"turns":7},{"damage":71,"enemies":"3 Cultists","floor":21,"turns":8}],"seed_played":"-3438414210755168691","potions_obtained":[{"floor":4,"key":"EssenceOfSteel"},{"floor":5,"key":"Poison Potion"},{"floor":7,"key":"Regen Potion"},{"floor":12,"key":"FairyPotion"}],"is_trial":false,"path_per_floor":["M","M","?","M","M","R","M","E","T","?","E","M","R","?","R","B",null,"M","M","$","M"],"character_chosen":"THE_SILENT","items_purchased":["Gremlin Horn"],"campfire_rested":0,"item_purchase_floors":[20],"current_hp_per_floor":[56,54,54,54,46,46,46,49,49,49,27,24,24,18,18,14,58,38,38,38,0],"gold":14,"neow_bonus":"TEN_PERCENT_HP_BONUS","is_prod":false,"is_daily":false,"chose_seed":false,"campfire_upgraded":3,"win_rate":0,"timestamp":1561953846,"path_taken":["M","M","?","M","M","R","M","E","T","?","E","?","R","?","R","BOSS","M","M","$","M"],"build_version":"2019-06-29","purchased_purges":1,"victory":false,"max_hp_per_floor":[72,72,72,72,72,72,72,72,72,72,72,72,72,72,72,72,72,72,72,72,72],"card_choices":[{"not_picked":["Deflect","Leg Sweep"],"picked":"Noxious Fumes","floor":1},{"not_picked":["Choke","Cloak And Dagger"],"picked":"Backflip","floor":2},{"not_picked":["Backflip","Outmaneuver"],"picked":"Deadly Poison","floor":4},{"not_picked":["Terror","Flechettes"],"picked":"Sucker Punch","floor":5},{"not_picked":["Dodge and Roll","Prepared"],"picked":"Bane","floor":7},{"not_picked":["Terror","Skewer"],"picked":"Wraith Form v2","floor":8},{"not_picked":["Prepared","Acrobatics"],"picked":"Malaise","floor":11},{"not_picked":["Acrobatics","Sucker Punch"],"picked":"Predator","floor":12},{"not_picked":["Masterful Stab","Well Laid Plans"],"picked":"Footwork","floor":14},{"not_picked":["Venomology","Phantasmal Killer"],"picked":"Wraith Form v2","floor":16},{"not_picked":["Setup","Sucker Punch"],"picked":"Dodge and Roll","floor":17},{"not_picked":["Concentrate","Caltrops"],"picked":"Backstab","floor":17},{"not_picked":["Calculated Gamble","Finisher"],"picked":"Dodge and Roll","floor":17},{"not_picked":["Grand Finale","Reflex","Cloak And Dagger"],"picked":"SKIP","floor":18},{"not_picked":["Concentrate","Bane+1","Dagger Throw"],"picked":"SKIP","floor":19}],"player_experience":1617717,"relics_obtained":[{"floor":8,"key":"Whetstone"},{"floor":9,"key":"Bag of Marbles"},{"floor":11,"key":"Regal Pillow"},{"floor":14,"key":"War Paint"}],"event_choices":[{"cards_removed":["Strike_G"],"damage_healed":0,"gold_gain":0,"player_choice":"Card Removal","damage_taken":0,"max_hp_gain":0,"max_hp_loss":0,"event_name":"The Cleric","floor":3,"gold_loss":75},{"cards_removed":["Strike_G"],"damage_healed":0,"gold_gain":0,"player_choice":"Purged","damage_taken":0,"max_hp_gain":0,"max_hp_loss":0,"event_name":"Purifier","floor":10,"gold_loss":0},{"damage_healed":0,"gold_gain":0,"player_choice":"Searched \u00271\u0027 times","damage_taken":0,"max_hp_gain":0,"max_hp_loss":0,"event_name":"Dead Adventurer","floor":14,"gold_loss":0}],"is_beta":true,"boss_relics":[{"not_picked":["Tiny House","Lizard Tail"],"picked":"Orrery"}],"items_purged_floors":[20],"is_endless":false,"potions_floor_spawned":[4,5,7,12],"killed_by":"3 Cultists","ascension_level":20}