{"gold_per_floor":[115,190,1,1,1,27,27,57,83,83,148,148,158,178,178,279,279,298,298,298,11,11,11,11,11,58,78,89,124,124,124,124,124],"floor_reached":33,"playtime":1937,"items_purged":["Writhe"],"score":307,"play_id":"aa5d3016-cfd6-42b1-85fe-69d2813a9886","local_time":"20190703213316","is_ascension_mode":false,"campfire_choices":[{"floor":7,"key":"REST"},{"floor":10,"key":"REST"},{"data":"Inflame","floor":12,"key":"SMITH"},{"data":"Cleave","floor":15,"key":"SMITH"},{"data":"Transmutation","floor":23,"key":"SMITH"},{"data":"Juggernaut","floor":25,"key":"SMITH"},{"data":"Metallicize","floor":30,"key":"SMITH"},{"floor":32,"key":"REST"}],"neow_cost":"NONE","seed_source_timestamp":1459511458386200,"circlet_count":0,"master_deck":["Defend_R","Defend_R","Defend_R","Defend_R","Bash","Deep Breath","Heavy Blade","Inflame+1","Double Tap","Rage","Cleave+1","Juggernaut+1","Juggernaut","Feel No Pain","Ghostly","Ghostly","Ghostly","Ghostly","Ghostly","Transmutation+1","Flex","Bite","Bite","Bite","Bite","Bite","Thunderclap","True Grit","Metallicize+1","Madness","Clothesline"],"relics":["Burning Blood","Bronze Scales","Ornamental Fan","Red Skull","Dream Catcher","Busted Crown","Bag of Marbles","PreservedInsect","Bottled Tornado"],"potions_floor_usage":[16,28,33,33],"damage_taken":[{"damage":8,"enemies":"Small Slimes","floor":1,"turns":3},{"damage":42,"enemies":"Gremlin Nob","floor":6,"turns":5},{"damage":5,"enemies":"Jaw Worm","floor":13,"turns":2},{"damage":7,"enemies":"2 Louse","floor":14,"turns":2},{"damage":46,"enemies":"Hexaghost","floor":16,"turns":5},{"damage":16,"enemies":"Shell Parasite","floor":18,"turns":4},{"damage":5,"enemies":"Chosen","floor":27,"turns":4},{"damage":0,"enemies":"Snake Plant","floor":28,"turns":3},{"damage":13,"enemies":"Book of Stabbing","floor":29,"turns":5},{"damage":31,"enemies":"Collector","floor":33,"turns":6}],"seed_played":"-8095485900531282698","potions_obtained":[{"floor":13,"key":"SkillPotion"},{"floor":27,"key":"Energy Potion"},{"floor":29,"key":"EssenceOfSteel"}],"is_trial":false,"path_per_floor":["M","?","$","?","$","E","R","?","T","R","?","R","M","M","R","B",null,"M","?","?","$","?","R","$","R","T","M","M","E","R","?","R","B"],"character_chosen":"IRONCLAD","items_purchased":["Inflame","Bronze Scales","Transmutation","Flex"],"campfire_rested":3,"item_purchase_floors":[3,3,21,21],"current_hp_per_floor":[78,67,67,55,55,19,43,43,43,67,67,67,68,67,67,27,80,70,40,40,40,28,28,28,28,28,28,28,21,21,3,11,0],"gold":124,"neow_bonus":"RANDOM_COLORLESS","is_prod":false,"is_daily":false,"chose_seed":false,"campfire_upgraded":5,"win_rate":0.0,"timestamp":1562203996,"path_taken":["M","?","$","?","$","E","R","?","T","R","?","R","M","M","R","BOSS","M","?","?","?","?","R","$","R","T","M","M","E","R","?","R","BOSS"],"build_version":"2019-07-01","purchased_purges":1,"victory":false,"max_hp_per_floor":[80,80,80,80,80,80,80,80,80,80,80,80,80,80,80,80,80,80,40,40,40,28,28,28,28,28,28,28,28,28,28,28,28],"card_choices":[{"not_picked":["Iron Wave","Clothesline"],"picked":"Heavy Blade","floor":1},{"not_picked":["True Grit","Headbutt"],"picked":"Double Tap","floor":6},{"not_picked":["Clothesline","Pommel Strike"],"picked":"Rage","floor":10},{"not_picked":["Body Slam","Warcry"],"picked":"Cleave","floor":13},{"not_picked":["Armaments","Clash"],"picked":"Juggernaut","floor":14},{"not_picked":["Impervious","Offering"],"picked":"Juggernaut","floor":16},{"not_picked":[],"picked":"Feel No Pain","floor":18},{"not_picked":[],"picked":"Thunderclap","floor":27},{"not_picked":[],"picked":"True Grit","floor":28},{"not_picked":[],"picked":"Metallicize","floor":29},{"not_picked":[],"picked":"Clothesline","floor":32}],"player_experience":10480,"relics_obtained":[{"floor":6,"key":"Red Skull"},{"floor":9,"key":"Dream Catcher"},{"floor":26,"key":"PreservedInsect"},{"floor":29,"key":"Bottled Tornado"}],"event_choices":[{"damage_healed":0,"gold_gain":75,"player_choice":"Gather Gold","damage_taken":11,"max_hp_gain":0,"max_hp_loss":0,"event_name":"World of Goop","floor":2,"gold_loss":0},{"damage_healed":0,"gold_gain":0,"player_choice":"Success","damage_taken":12,"relics_obtained":["Ornamental Fan"],"max_hp_gain":0,"max_hp_loss":0,"event_name":"Scrap Ooze","floor":4,"gold_loss":0},{"damage_healed":0,"gold_gain":30,"player_choice":"Searched \u00272\u0027 times","damage_taken":0,"max_hp_gain":0,"max_hp_loss":0,"event_name":"Dead Adventurer","floor":8,"gold_loss":0},{"damage_healed":0,"gold_gain":65,"player_choice":"Gained Gold","damage_taken":0,"max_hp_gain":0,"max_hp_loss":0,"event_name":"Golden Wing","floor":11,"gold_loss":0},{"damage_healed":0,"gold_gain":0,"player_choice":"Became a Ghost","damage_taken":0,"max_hp_gain":0,"max_hp_loss":40,"event_name":"Ghosts","floor":19,"gold_loss":0,"cards_obtained":["Ghostly","Ghostly","Ghostly","Ghostly","Ghostly"]},{"damage_healed":0,"gold_gain":0,"player_choice":"Opened","damage_taken":0,"relics_obtained":["Bag of Marbles"],"max_hp_gain":0,"max_hp_loss":0,"event_name":"The Mausoleum","floor":20,"gold_loss":0,"cards_obtained":["Writhe"]},{"damage_healed":0,"gold_gain":0,"player_choice":"Became a vampire","damage_taken":0,"max_hp_gain":0,"max_hp_loss":12,"event_name":"Vampires","floor":22,"gold_loss":0,"cards_obtained":["Bite","Bite","Bite","Bite","Bite"]},{"damage_healed":0,"gold_gain":0,"player_choice":"POTION CARD ","damage_taken":18,"max_hp_gain":0,"max_hp_loss":0,"event_name":"Knowing Skull","floor":31,"potions_obtained":["SneckoOil"],"gold_loss":0,"cards_obtained":["Madness"]}],"is_beta":false,"boss_relics":[{"not_picked":["Tiny House","Black Star"],"picked":"Busted Crown"}],"items_purged_floors":[21],"is_endless":false,"potions_floor_spawned":[13,27,29],"killed_by":"Collector","ascension_level":0}