{"gold_per_floor":[119,119,129,145,95,123,123,153,153,153,133,133,147,78,78,174,174,188,203,100,100,112,112],"floor_reached":23,"playtime":1384,"items_purged":[],"score":234,"play_id":"9420c442-3bcc-49f2-af1c-61c49218afbd","local_time":"20190712235144","is_ascension_mode":true,"campfire_choices":[{"floor":7,"key":"REST"},{"floor":10,"key":"RECALL"},{"data":"Coolheaded","floor":12,"key":"SMITH"},{"data":"Capacitor","floor":15,"key":"SMITH"}],"neow_cost":"NONE","seed_source_timestamp":172588789132100,"circlet_count":0,"master_deck":["Strike_B","Strike_B","Strike_B","Defend_B","Defend_B","Defend_B","Defend_B","Zap","Dualcast","Leap","Amplify","Glacier","Coolheaded+1","Redo","Ball Lightning","Capacitor+1","Core Surge","Gash","Gash","Leap","Storm","Hologram","Streamline","Defragment","Loop","Streamline","Gash"],"relics":["Cracked Core","Bronze Scales","Ginger","Orrery"],"potions_floor_usage":[8,8,13,16,22,23],"damage_taken":[{"damage":0,"enemies":"2 Louse","floor":1,"turns":1},{"damage":0,"enemies":"Small Slimes","floor":3,"turns":3},{"damage":5,"enemies":"Cultist","floor":4,"turns":4},{"damage":30,"enemies":"3 Sentries","floor":6,"turns":14},{"damage":24,"enemies":"Lagavulin","floor":8,"turns":9},{"damage":14,"enemies":"Lots of Slimes","floor":13,"turns":3},{"damage":46,"enemies":"Slime Boss","floor":16,"turns":10},{"damage":11,"enemies":"Spheric Guardian","floor":18,"turns":4},{"damage":0,"enemies":"Chosen","floor":19,"turns":6},{"damage":13,"enemies":"Snake Plant","floor":22,"turns":4},{"damage":54,"enemies":"Slavers","floor":23,"turns":4}],"seed_played":"-3382315259682397605","potions_obtained":[{"floor":1,"key":"Weak Potion"},{"floor":6,"key":"SneckoOil"},{"floor":8,"key":"SkillPotion"},{"floor":11,"key":"Regen Potion"},{"floor":13,"key":"GamblersBrew"},{"floor":16,"key":"Ancient Potion"},{"floor":19,"key":"SkillPotion"}],"is_trial":false,"path_per_floor":["M","?","M","M","?","E","R","E","T","R","?","R","M","$","R","B",null,"M","M","$","?","M","E"],"character_chosen":"DEFECT","items_purchased":["Capacitor","Loop","Streamline"],"campfire_rested":1,"item_purchase_floors":[14,20,20],"current_hp_per_floor":[82,87,87,82,82,52,78,54,54,54,54,54,52,52,52,6,87,76,76,76,59,46,0],"gold":112,"neow_bonus":"TEN_PERCENT_HP_BONUS","is_prod":false,"is_daily":false,"chose_seed":false,"campfire_upgraded":2,"win_rate":0,"timestamp":1562989904,"path_taken":["M","?","M","M","?","E","R","E","T","R","?","R","M","$","R","BOSS","M","?","?","?","M","E"],"build_version":"2019-07-05","purchased_purges":0,"victory":false,"max_hp_per_floor":[82,87,87,87,87,87,87,87,87,87,87,87,87,87,87,87,87,87,87,87,92,92,92],"card_choices":[{"not_picked":["Steam Power","Compile Driver"],"picked":"Leap","floor":1},{"not_picked":["Coolheaded","Steam"],"picked":"Amplify","floor":3},{"not_picked":["Sunder","Turbo"],"picked":"Glacier","floor":4},{"not_picked":["White Noise","Rebound"],"picked":"Coolheaded","floor":6},{"not_picked":["Rebound","Leap"],"picked":"Redo","floor":8},{"not_picked":["Barrage","Redo"],"picked":"Ball Lightning","floor":13},{"not_picked":["Rainbow","Reboot"],"picked":"Core Surge","floor":16},{"not_picked":["Cold Snap","Sweeping Beam"],"picked":"Gash","floor":17},{"not_picked":["Fusion","Biased Cognition"],"picked":"Gash","floor":17},{"not_picked":["Reinforced Body","Skim"],"picked":"Leap","floor":17},{"not_picked":["Sunder","Melter"],"picked":"Storm","floor":17},{"not_picked":["Barrage","Compile Driver"],"picked":"Hologram","floor":17},{"not_picked":["Beam Cell+1","Turbo"],"picked":"Streamline","floor":18},{"not_picked":["Hologram","Blizzard+1"],"picked":"Defragment","floor":19},{"not_picked":["Capacitor","Compile Driver"],"picked":"Gash","floor":22}],"player_experience":181684,"relics_obtained":[{"floor":6,"key":"Bronze Scales"},{"floor":8,"key":"Ginger"}],"event_choices":[{"damage_healed":0,"gold_gain":0,"player_choice":"Donut","damage_taken":0,"max_hp_gain":5,"max_hp_loss":0,"event_name":"Big Fish","floor":2,"gold_loss":0},{"cards_removed":["Strike_B"],"damage_healed":0,"gold_gain":0,"player_choice":"Card Removal","damage_taken":0,"max_hp_gain":0,"max_hp_loss":0,"event_name":"The Cleric","floor":5,"gold_loss":50},{"damage_healed":0,"gold_gain":0,"player_choice":"Bought 1 Potion","damage_taken":0,"max_hp_gain":0,"max_hp_loss":0,"event_name":"The Woman in Blue","floor":11,"gold_loss":0},{"damage_healed":0,"gold_gain":0,"player_choice":"Shed Blood","damage_taken":22,"max_hp_gain":5,"max_hp_loss":0,"event_name":"Forgotten Altar","floor":21,"gold_loss":0}],"is_beta":false,"boss_relics":[{"not_picked":["Runic Dome","Pandora\u0027s Box"],"picked":"Orrery"}],"items_purged_floors":[],"is_endless":false,"potions_floor_spawned":[1,6,8,13,16,19],"killed_by":"Slavers","ascension_level":1}