{"gold_per_floor":[10,24,24,24,24,24,43,76,76,76,115,40,63,76,76,174,174,192,82,103,24,24,24,57,57],"floor_reached":25,"playtime":889,"items_purged":["Strike_B"],"score":458,"play_id":"1668c6fd-f10e-43d1-8598-8fd710375d09","local_time":"20190609190136","is_ascension_mode":true,"campfire_choices":[{"data":"Zap","floor":6,"key":"SMITH"},{"data":"Sunder","floor":10,"key":"SMITH"},{"floor":15,"key":"REST"},{"data":"Strike_B","floor":23,"key":"PURGE"}],"neow_cost":"NO_GOLD","seed_source_timestamp":1001682073657066,"circlet_count":0,"master_deck":["AscendersBane","Strike_B","Defend_B","Defend_B","Defend_B","Defend_B","Zap+1","Dualcast","Defragment","Sunder+1","Gash+1","Coolheaded","Sweeping Beam","Gash","Biased Cognition","Chill","Capacitor","Self Repair","Self Repair"],"relics":["Cracked Core","Golden Idol","Dead Branch","Peace Pipe","Happy Flower","Fusion Hammer","Lantern","Blood Vial"],"potions_floor_usage":[8,16,20],"damage_taken":[{"damage":7,"enemies":"Cultist","floor":1,"turns":4},{"damage":0,"enemies":"Small Slimes","floor":2,"turns":2},{"damage":11,"enemies":"2 Louse","floor":7,"turns":3},{"damage":20,"enemies":"Lagavulin","floor":8,"turns":5},{"damage":20,"enemies":"3 Sentries","floor":11,"turns":6},{"damage":18,"enemies":"Blue Slaver","floor":13,"turns":4},{"damage":6,"enemies":"Exordium Thugs","floor":14,"turns":2},{"damage":10,"enemies":"The Guardian","floor":16,"turns":13},{"damage":0,"enemies":"Spheric Guardian","floor":18,"turns":3},{"damage":5,"enemies":"Shell Parasite","floor":20,"turns":6},{"damage":50,"enemies":"Gremlin Leader","floor":24,"turns":8},{"damage":21,"enemies":"Centurion and Healer","floor":25,"turns":3}],"seed_played":"-3849114824964140221","potions_obtained":[{"floor":1,"key":"Weak Potion"},{"floor":8,"key":"AttackPotion"},{"floor":13,"key":"Strength Potion"},{"floor":16,"key":"Weak Potion"}],"is_trial":false,"path_per_floor":["M","M","$","?","?","R","M","E","T","R","E","$","M","M","R","B",null,"M","?","M","$","T","R","E","M"],"character_chosen":"DEFECT","items_purchased":["Self Repair"],"campfire_rested":1,"item_purchase_floors":[21],"current_hp_per_floor":[71,71,71,71,76,76,65,45,45,45,25,25,7,1,25,15,65,65,65,60,60,60,60,17,0],"gold":57,"neow_bonus":"TWENTY_PERCENT_HP_BONUS","is_prod":false,"is_daily":false,"chose_seed":false,"campfire_upgraded":2,"win_rate":0,"timestamp":1560124896,"path_taken":["M","M","?","?","?","R","M","E","T","R","E","?","M","M","R","BOSS","M","?","M","$","?","R","E","?"],"build_version":"2019-01-23","purchased_purges":1,"victory":false,"max_hp_per_floor":[85,85,85,77,82,82,82,82,82,82,82,82,82,82,82,82,82,82,82,82,82,82,82,82,82],"card_choices":[{"not_picked":["Sweeping Beam","Leap"],"picked":"Defragment","floor":1},{"not_picked":["Steam","Fusion","Lockon"],"picked":"SKIP","floor":2},{"not_picked":["Stack","Consume"],"picked":"Sunder","floor":7},{"not_picked":["Tempest","Reinforced Body"],"picked":"Gash","floor":8},{"not_picked":["Double Energy","White Noise"],"picked":"Coolheaded","floor":11},{"not_picked":["FTL","Rebound"],"picked":"Sweeping Beam","floor":13},{"not_picked":["Stack","Reprogram"],"picked":"Gash","floor":14},{"not_picked":["Creative AI","Meteor Strike"],"picked":"Biased Cognition","floor":16},{"not_picked":["Scrape","Gash"],"picked":"Chill","floor":18},{"not_picked":["Undo+1","Redo"],"picked":"Capacitor","floor":20},{"not_picked":["Steam","Stack"],"picked":"Self Repair","floor":24}],"player_experience":1735888,"relics_obtained":[{"floor":8,"key":"Dead Branch"},{"floor":9,"key":"Peace Pipe"},{"floor":11,"key":"Happy Flower"},{"floor":22,"key":"Lantern"},{"floor":24,"key":"Blood Vial"}],"event_choices":[{"damage_healed":0,"gold_gain":0,"player_choice":"Lose Max HP","damage_taken":0,"relics_obtained":["Golden Idol"],"max_hp_gain":0,"max_hp_loss":8,"event_name":"Golden Idol","floor":4,"gold_loss":0},{"damage_healed":0,"gold_gain":0,"player_choice":"Donut","damage_taken":0,"max_hp_gain":5,"max_hp_loss":0,"event_name":"Big Fish","floor":5,"gold_loss":0},{"cards_removed":["Strike_B"],"damage_healed":0,"gold_gain":0,"player_choice":"Upgrade and Remove","damage_taken":0,"max_hp_gain":0,"max_hp_loss":0,"event_name":"Designer","floor":19,"gold_loss":110,"cards_upgraded":["Gash"]}],"is_beta":false,"boss_relics":[{"not_picked":["Orrery","Philosopher\u0027s Stone"],"picked":"Fusion Hammer"}],"items_purged_floors":[12],"is_endless":false,"potions_floor_spawned":[1,8,13,16,18],"killed_by":"Centurion and Healer","ascension_level":20}