{"gold_per_floor":[10,26,26,26,45,45,77,92,92,92,105,116,145,13,13,90,90,102,552,525,525],"floor_reached":21,"playtime":830,"items_purged":[],"score":372,"play_id":"8784bfb6-a0d6-4bfd-ae0c-485c3212147b","local_time":"20190630121518","is_ascension_mode":true,"campfire_choices":[{"data":"Static Discharge","floor":6,"key":"SMITH"},{"floor":10,"key":"REST"},{"data":"Zap","floor":15,"key":"SMITH"}],"neow_cost":"NO_GOLD","seed_source_timestamp":523138769108895,"circlet_count":0,"master_deck":["AscendersBane","Strike_B","Strike_B","Defend_B","Defend_B","Defend_B","Defend_B","Zap+1","Dualcast","Go for the Eyes","Self Repair","Compile Driver","Cold Snap","Decay","Static Discharge+1","Loop","Ball Lightning","Sweeping Beam","Glacier","Coolheaded","White Noise","Thunder Strike","Capacitor+1"],"relics":["Cracked Core","Regal Pillow","Pantograph","Darkstone Periapt","Velvet Choker"],"potions_floor_usage":[16,20,20],"damage_taken":[{"damage":1,"enemies":"Cultist","floor":1,"turns":4},{"damage":4,"enemies":"Small Slimes","floor":2,"turns":4},{"damage":4,"enemies":"Jaw Worm","floor":5,"turns":3},{"damage":28,"enemies":"3 Sentries","floor":7,"turns":6},{"damage":28,"enemies":"Lots of Slimes","floor":8,"turns":3},{"damage":16,"enemies":"Red Slaver","floor":11,"turns":4},{"damage":4,"enemies":"Exordium Wildlife","floor":12,"turns":3},{"damage":13,"enemies":"Lagavulin","floor":13,"turns":7},{"damage":27,"enemies":"Hexaghost","floor":16,"turns":6},{"damage":18,"enemies":"Spheric Guardian","floor":18,"turns":4},{"damage":15,"enemies":"2 Thieves","floor":20,"turns":4},{"damage":15,"enemies":"3 Cultists","floor":21,"turns":3}],"seed_played":"6055572374219761382","potions_obtained":[{"floor":1,"key":"Dexterity Potion"},{"floor":2,"key":"FearPotion"},{"floor":8,"key":"EssenceOfSteel"},{"floor":11,"key":"Explosive Potion"},{"floor":18,"key":"Swift Potion"}],"is_trial":false,"path_per_floor":["M","M","?","?","M","R","E","M","T","R","M","M","E","$","R","B",null,"M","?","M","M"],"character_chosen":"DEFECT","items_purchased":["White Noise","Strength Potion"],"campfire_rested":1,"item_purchase_floors":[14,14],"current_hp_per_floor":[70,71,76,76,76,76,55,27,27,64,55,58,52,52,52,56,71,60,18,10,0],"gold":525,"neow_bonus":"TRANSFORM_TWO_CARDS","is_prod":false,"is_daily":false,"chose_seed":false,"campfire_upgraded":2,"win_rate":0,"timestamp":1561914918,"path_taken":["M","?","?","?","M","R","E","M","T","R","?","M","E","$","R","BOSS","M","?","M","M"],"build_version":"2019-06-29","purchased_purges":0,"victory":false,"max_hp_per_floor":[71,71,76,76,76,76,76,76,76,76,76,76,76,76,76,76,76,76,76,76,76],"card_choices":[{"not_picked":["Go for the Eyes","Loop"],"picked":"Compile Driver","floor":1},{"not_picked":["Coolheaded","Steam"],"picked":"Cold Snap","floor":2},{"not_picked":["Go for the Eyes","Compile Driver"],"picked":"Static Discharge","floor":5},{"not_picked":["Redo","Darkness"],"picked":"Loop","floor":7},{"not_picked":["Leap","Hologram"],"picked":"Ball Lightning","floor":8},{"not_picked":["Stack","Hologram"],"picked":"Sweeping Beam","floor":11},{"not_picked":["Lockon","Sunder"],"picked":"Glacier","floor":12},{"not_picked":["Chaos","Ball Lightning"],"picked":"Coolheaded","floor":13},{"not_picked":["Creative AI","Multi-Cast"],"picked":"Thunder Strike","floor":16},{"not_picked":["Melter","Coolheaded"],"picked":"Capacitor+1","floor":18},{"not_picked":["Ball Lightning","Chaos","Beam Cell"],"picked":"SKIP","floor":20}],"player_experience":1581760,"relics_obtained":[{"floor":7,"key":"Regal Pillow"},{"floor":9,"key":"Pantograph"},{"floor":13,"key":"Darkstone Periapt"}],"event_choices":[{"damage_healed":0,"gold_gain":0,"player_choice":"Donut","damage_taken":0,"max_hp_gain":5,"max_hp_loss":0,"event_name":"Big Fish","floor":3,"gold_loss":0},{"damage_healed":0,"gold_gain":0,"player_choice":"Cursed","damage_taken":0,"max_hp_gain":0,"max_hp_loss":0,"event_name":"Wheel of Change","floor":4,"gold_loss":0,"cards_obtained":["Decay"]},{"damage_healed":0,"gold_gain":450,"player_choice":"GOLD GOLD GOLD GOLD GOLD ","damage_taken":42,"max_hp_gain":0,"max_hp_loss":0,"event_name":"Knowing Skull","floor":19,"potions_obtained":[],"gold_loss":0,"cards_obtained":[]}],"is_beta":true,"boss_relics":[{"not_picked":["Pandora\u0027s Box","Tiny House"],"picked":"Velvet Choker"}],"items_purged_floors":[],"is_endless":false,"potions_floor_spawned":[1,2,8,11,12,18],"killed_by":"3 Cultists","ascension_level":19}