{"gold_per_floor":[116,13,29,29,47,47,60,60,138,152,166,198,214,238,238,238],"floor_reached":16,"playtime":1491,"items_purged":[],"score":104,"play_id":"68afeea4-3696-4b84-b645-a8149bfc0f3e","local_time":"20190626062422","is_ascension_mode":false,"campfire_choices":[{"data":"Whirlwind","floor":6,"key":"SMITH"},{"data":"Whirlwind","floor":8,"key":"SMITH"},{"data":"Armaments","floor":15,"key":"SMITH"}],"neow_cost":"PERCENT_DAMAGE","seed_source_timestamp":1060003841580689,"circlet_count":0,"master_deck":["Strike_R","Strike_R","Strike_R","Strike_R","Defend_R","Defend_R","Defend_R","Bash","Whirlwind+1","Power Through","Headbutt","Shrug It Off","Inflame","Armaments","Whirlwind+1","Thunderclap","Armaments+1","Seeing Red","Seeing Red"],"relics":["Burning Blood","Tiny Chest","Red Skull","Art of War"],"potions_floor_usage":[],"damage_taken":[{"damage":1,"enemies":"Cultist","floor":1,"turns":3},{"damage":11,"enemies":"Jaw Worm","floor":3,"turns":5},{"damage":0,"enemies":"Small Slimes","floor":5,"turns":2},{"damage":0,"enemies":"3 Louse","floor":7,"turns":2},{"damage":1,"enemies":"Large Slime","floor":10,"turns":5},{"damage":0,"enemies":"Red Slaver","floor":11,"turns":4},{"damage":10,"enemies":"Lagavulin","floor":12,"turns":8},{"damage":0,"enemies":"Exordium Wildlife","floor":13,"turns":3},{"damage":82,"enemies":"Hexaghost","floor":16,"turns":11}],"seed_played":"-8195167350772077057","potions_obtained":[{"floor":3,"key":"Explosive Potion"},{"floor":5,"key":"Strength Potion"},{"floor":12,"key":"SmokeBomb"},{"floor":13,"key":"Block Potion"}],"is_trial":false,"path_per_floor":["M","$","M","$","M","R","M","R","T","M","M","E","M","T","R","B"],"character_chosen":"IRONCLAD","items_purchased":["Shrug It Off","Inflame"],"campfire_rested":0,"item_purchase_floors":[2,2],"current_hp_per_floor":[61,61,56,56,62,62,68,68,68,73,79,75,80,80,80,0],"gold":238,"neow_bonus":"TRANSFORM_TWO_CARDS","is_prod":false,"is_daily":false,"chose_seed":false,"campfire_upgraded":3,"win_rate":0,"timestamp":1561544662,"path_taken":["M","$","M","$","M","R","M","R","T","M","?","E","M","?","R","BOSS"],"build_version":"2019-01-23","purchased_purges":0,"victory":false,"max_hp_per_floor":[80,80,80,80,80,80,80,80,80,80,80,80,80,80,80,80],"card_choices":[{"not_picked":["Flex","Corruption"],"picked":"Headbutt","floor":1},{"not_picked":["Body Slam","Shockwave","Perfected Strike"],"picked":"SKIP","floor":3},{"not_picked":["Body Slam","Shockwave","Perfected Strike"],"picked":"SKIP","floor":3},{"not_picked":["Rupture","Havoc"],"picked":"Armaments","floor":5},{"not_picked":["Havoc","Clash"],"picked":"Whirlwind","floor":7},{"not_picked":["Rampage","Warcry"],"picked":"Thunderclap","floor":10},{"not_picked":["Blood for Blood","Rampage"],"picked":"Armaments","floor":11},{"not_picked":["Berserk","Headbutt"],"picked":"Seeing Red","floor":12},{"not_picked":["Pommel Strike","Perfected Strike"],"picked":"Seeing Red","floor":13}],"player_experience":247602,"relics_obtained":[{"floor":9,"key":"Tiny Chest"},{"floor":12,"key":"Red Skull"},{"floor":14,"key":"Art of War"}],"event_choices":[],"is_beta":false,"boss_relics":[],"items_purged_floors":[],"is_endless":false,"potions_floor_spawned":[3,5,12,13],"killed_by":"Hexaghost","ascension_level":0}