{"gold_per_floor":[118,137,137,137,152,152,177,177,229,4,4,32,32,32],"floor_reached":14,"playtime":854,"items_purged":[],"score":96,"play_id":"b7694c55-ce15-4eb0-9c32-9c278abd4739","local_time":"20190703203944","is_ascension_mode":false,"campfire_choices":[{"data":"Neutralize","floor":6,"key":"SMITH"},{"data":"Tools of the Trade","floor":8,"key":"SMITH"},{"data":"Chrysalis","floor":11,"key":"SMITH"}],"neow_cost":"NONE","seed_source_timestamp":357188121736511,"circlet_count":0,"master_deck":["Strike_G","Strike_G","Strike_G","Strike_G","Strike_G","Defend_G","Defend_G","Defend_G","Defend_G","Defend_G","Survivor","Neutralize+1","Heel Hook","Underhanded Strike","Regret","Distraction","Tools of the Trade+1","Well Laid Plans","Chrysalis+1","Predator"],"relics":["Ring of the Snake","Centennial Puzzle","Oddly Smooth Stone","Mummified Hand","Snake Skull","Question Card","Golden Idol"],"potions_floor_usage":[],"damage_taken":[{"damage":0,"enemies":"Cultist","floor":1,"turns":4},{"damage":5,"enemies":"Small Slimes","floor":2,"turns":4},{"damage":0,"enemies":"2 Louse","floor":5,"turns":4},{"damage":20,"enemies":"Lagavulin","floor":7,"turns":8},{"damage":26,"enemies":"3 Sentries","floor":12,"turns":14},{"damage":9,"enemies":"The Mushroom Lair","floor":14,"turns":2}],"seed_played":"1433552692267603423","potions_obtained":[{"floor":1,"key":"Explosive Potion"},{"floor":7,"key":"AttackPotion"}],"is_trial":false,"path_per_floor":["M","M","?","?","M","R","E","R","T","$","R","E","?","?"],"character_chosen":"THE_SILENT","items_purchased":["Well Laid Plans","Chrysalis"],"campfire_rested":0,"item_purchase_floors":[10,10],"current_hp_per_floor":[77,72,72,69,69,69,49,49,49,49,49,23,4,0],"gold":32,"neow_bonus":"TEN_PERCENT_HP_BONUS","is_prod":false,"is_daily":false,"chose_seed":false,"campfire_upgraded":3,"win_rate":0.0,"timestamp":1562153984,"path_taken":["M","?","?","?","M","R","E","R","T","$","R","E","?","?"],"build_version":"2019-07-01","purchased_purges":0,"victory":false,"max_hp_per_floor":[77,77,77,77,77,77,77,77,77,77,77,77,77,77],"card_choices":[{"not_picked":["Quick Slash","Deadly Poison"],"picked":"Heel Hook","floor":1},{"not_picked":["Deadly Poison","Prepared"],"picked":"Underhanded Strike","floor":2},{"not_picked":["Infinite Blades","Dodge and Roll"],"picked":"Distraction","floor":5},{"not_picked":["Terror","Sucker Punch"],"picked":"Tools of the Trade","floor":7},{"not_picked":["Prepared","Finisher"],"picked":"Predator","floor":12}],"player_experience":7013,"relics_obtained":[{"floor":7,"key":"Mummified Hand"},{"floor":9,"key":"Snake Skull"},{"floor":12,"key":"Question Card"}],"event_choices":[{"damage_healed":0,"gold_gain":0,"player_choice":"Box","damage_taken":0,"relics_obtained":["Centennial Puzzle"],"max_hp_gain":0,"max_hp_loss":0,"event_name":"Big Fish","floor":3,"gold_loss":0,"cards_obtained":["Regret"]},{"damage_healed":0,"gold_gain":0,"player_choice":"Success","damage_taken":3,"relics_obtained":["Oddly Smooth Stone"],"max_hp_gain":0,"max_hp_loss":0,"event_name":"Scrap Ooze","floor":4,"gold_loss":0},{"damage_healed":0,"gold_gain":0,"player_choice":"Take Damage","damage_taken":19,"relics_obtained":["Golden Idol"],"max_hp_gain":0,"max_hp_loss":0,"event_name":"Golden Idol","floor":13,"gold_loss":0},{"damage_healed":0,"gold_gain":0,"player_choice":"Fought Mushrooms","damage_taken":0,"max_hp_gain":0,"max_hp_loss":0,"event_name":"Mushrooms","floor":14,"gold_loss":0}],"is_beta":false,"boss_relics":[],"items_purged_floors":[],"is_endless":false,"potions_floor_spawned":[1,7],"killed_by":"The Mushroom Lair","ascension_level":0}