{"gold_per_floor":[109,126,126,51,66,66,91,91,116,116,141,159,159,176,176,254,254,271,371,371,386,23,56,69,96,96,96,106,106,116,16,16,16],"floor_reached":33,"playtime":1589,"items_purged":["Strike_R","Strike_R+1"],"score":590,"play_id":"2afe3e86-bcd2-405f-bfb4-c9d8b35bb956","local_time":"20190531213525","is_ascension_mode":true,"campfire_choices":[{"data":"Blood for Blood","floor":6.0,"key":"SMITH"},{"data":"Uppercut","floor":8,"key":"SMITH"},{"data":"Disarm","floor":10,"key":"SMITH"},{"floor":13,"key":"REST"},{"data":"Anger","floor":15,"key":"SMITH"},{"floor":27,"key":"REST"},{"floor":29,"key":"DIG"},{"floor":32,"key":"DIG"}],"neow_cost":"TEN_PERCENT_HP_LOSS","seed_source_timestamp":232595043976598,"circlet_count":0,"master_deck":["AscendersBane","Strike_R+1","Defend_R","Defend_R","Defend_R","Defend_R","Bash+1","Thunderclap","Disarm+1","Blood for Blood+1","Armaments","Uppercut+1","Evolve","Anger+1","Double Tap","Immolate","Armaments","Burning Pact","Rampage+1","Spot Weakness","Reckless Charge","Disarm","Clothesline+1","Shrug It Off"],"special_seed":0,"relics":["Burning Blood","Ancient Tea Set","Lantern","Anchor","Fusion Hammer","Shovel","Dodecahedron","Whetstone","Bag of Preparation","Gambling Chip","Shuriken","Blood Vial"],"potions_floor_usage":[11,16,18,19,23,23,24,33,33],"damage_taken":[{"damage":12.0,"enemies":"Cultist","floor":1.0,"turns":4.0},{"damage":0.0,"enemies":"2 Louse","floor":2.0,"turns":3.0},{"damage":10.0,"enemies":"Small Slimes","floor":5.0,"turns":6.0},{"damage":26,"enemies":"Lagavulin","floor":7,"turns":8},{"damage":34,"enemies":"3 Sentries","floor":11,"turns":7},{"damage":5,"enemies":"Red Slaver","floor":12,"turns":4},{"damage":0,"enemies":"3 Louse","floor":14,"turns":2},{"damage":37,"enemies":"Slime Boss","floor":16,"turns":8},{"damage":16,"enemies":"3 Byrds","floor":18,"turns":4},{"damage":6,"enemies":"Colosseum Slavers","floor":19,"turns":3},{"damage":15,"enemies":"Colosseum Nobs","floor":19,"turns":4},{"damage":0,"enemies":"2 Thieves","floor":21,"turns":2},{"damage":25,"enemies":"Slavers","floor":23,"turns":4},{"damage":12,"enemies":"Snake Plant","floor":24,"turns":4},{"damage":19,"enemies":"Gremlin Leader","floor":25,"turns":6},{"damage":0,"enemies":"Centurion and Healer","floor":28,"turns":4},{"damage":2,"enemies":"Shelled Parasite and Fungi","floor":30,"turns":5},{"damage":55,"enemies":"Collector","floor":33,"turns":6}],"seed_played":"3097463659277055050","potions_obtained":[{"floor":5.0,"key":"SkillPotion"},{"floor":7,"key":"FearPotion"},{"floor":11,"key":"Strength Potion"},{"floor":16,"key":"BloodPotion"},{"floor":19,"key":"SneckoOil"},{"floor":20,"key":"Ancient Potion"},{"floor":20,"key":"Dexterity Potion"},{"floor":23,"key":"Block Potion"},{"floor":25,"key":"GamblersBrew"},{"floor":28,"key":"EssenceOfSteel"}],"is_trial":false,"path_per_floor":["M","M","?","$","M","R","E","R","T","R","E","M","R","M","R","B",null,"M","?","?","M","$","E","M","E","T","R","M","R","M","$","R","B"],"character_chosen":"IRONCLAD","items_purchased":["Blood for Blood","Spot Weakness","Whetstone","Reckless Charge"],"campfire_rested":2,"item_purchase_floors":[4,22,22,22],"current_hp_per_floor":[62,68,68,68,64,64,44,44,44,44,16,17,37,43,43,12,54,50,41,41,47,47,28,22,9,9,29,35,35,39,39,39,0],"gold":16,"neow_bonus":"REMOVE_TWO","is_prod":false,"is_daily":false,"chose_seed":false,"campfire_upgraded":4,"win_rate":0,"timestamp":1559356525,"path_taken":["M","?","?","$","M","R","E","R","T","R","E","M","R","M","R","BOSS","M","?","?","M","$","E","?","E","T","R","M","R","M","$","R","BOSS"],"build_version":"2019-01-23","purchased_purges":2,"victory":false,"max_hp_per_floor":[68,68,68,68,68,68,68,68,68,68,68,68,68,68,68,68,68,68,68,68,68,68,68,68,68,68,68,68,68,68,68,68,68],"card_choices":[{"not_picked":["True Grit","Infernal Blade"],"picked":"Thunderclap","floor":1.0},{"not_picked":["Clash","Inflame"],"picked":"Disarm","floor":2.0},{"not_picked":["Warcry","Clothesline"],"picked":"Armaments","floor":5.0},{"not_picked":["Pummel","Flex"],"picked":"Uppercut","floor":7},{"not_picked":["Uppercut","Seeing Red"],"picked":"Evolve","floor":11},{"not_picked":["Havoc","Armaments"],"picked":"Anger","floor":12},{"not_picked":["Perfected Strike","Clash"],"picked":"Double Tap","floor":14},{"not_picked":["Juggernaut","Fiend Fire"],"picked":"Immolate","floor":16},{"not_picked":["Sword Boomerang","Body Slam"],"picked":"Armaments","floor":18},{"not_picked":["Warcry","Havoc"],"picked":"Burning Pact","floor":19},{"not_picked":["Rupture+1","Wild Strike"],"picked":"Rampage+1","floor":21},{"not_picked":["Seeing Red","Heavy Blade","Metallicize"],"picked":"SKIP","floor":23},{"not_picked":["Rupture+1","Twin Strike","Perfected Strike"],"picked":"SKIP","floor":24},{"not_picked":["Bludgeon","Havoc"],"picked":"Disarm","floor":25},{"not_picked":["Thunderclap","True Grit"],"picked":"Clothesline+1","floor":28},{"not_picked":["Burning Pact","Anger"],"picked":"Shrug It Off","floor":30}],"player_experience":1624851,"relics_obtained":[{"floor":7,"key":"Ancient Tea Set"},{"floor":9,"key":"Lantern"},{"floor":11,"key":"Anchor"},{"floor":19,"key":"Shovel"},{"floor":19,"key":"Dodecahedron"},{"floor":23,"key":"Bag of Preparation"},{"floor":25,"key":"Gambling Chip"},{"floor":29,"key":"Shuriken"},{"floor":32,"key":"Blood Vial"}],"event_choices":[{"damage_healed":0.0,"max_hp_gain":0.0,"max_hp_loss":0.0,"gold_gain":0.0,"event_name":"Living Wall","player_choice":"Grow","floor":3.0,"gold_loss":0.0,"damage_taken":0.0,"cards_upgraded":["Bash"]},{"damage_healed":0,"gold_gain":0,"player_choice":"Fight","damage_taken":0,"max_hp_gain":0,"max_hp_loss":0,"event_name":"Colosseum","floor":19,"gold_loss":0},{"damage_healed":0,"gold_gain":0,"player_choice":"Fought Nobs","damage_taken":0,"max_hp_gain":0,"max_hp_loss":0,"event_name":"Colosseum","floor":19,"gold_loss":0},{"damage_healed":0,"gold_gain":0,"player_choice":"Got Potions","damage_taken":0,"max_hp_gain":0,"max_hp_loss":0,"event_name":"Lab","floor":20,"gold_loss":0}],"is_beta":false,"boss_relics":[{"not_picked":["Empty Cage","Busted Crown"],"picked":"Fusion Hammer"}],"items_purged_floors":[22,31],"is_endless":false,"potions_floor_spawned":[5,7,11,16,19,21,23,25,28],"killed_by":"Collector","ascension_level":20}