{"gold_per_floor":[115,130,130,155,168,168,208,208,234,234,252,252,265,298,310,322],"floor_reached":16,"playtime":455,"items_purged":[],"score":224,"play_id":"93f78971-51dc-442c-9e3b-ddf1bdc012de","local_time":"20190609183829","is_ascension_mode":true,"campfire_choices":[{"data":"Bash","floor":6,"key":"SMITH"},{"data":"Feed","floor":8,"key":"SMITH"},{"data":"Anger","floor":10,"key":"SMITH"},{"data":"True Grit","floor":15,"key":"SMITH"}],"neow_cost":"NONE","seed_source_timestamp":1000730953910605,"circlet_count":0,"master_deck":["AscendersBane","Strike_R","Strike_R","Strike_R","Strike_R","Strike_R","Defend_R","Defend_R","Defend_R","Defend_R","Bash+1","Feed+1","Anger+1","Cleave","Whirlwind","Disarm+1","Offering","True Grit+1"],"relics":["Burning Blood","Golden Idol","Smiling Mask","Oddly Smooth Stone","MawBank"],"potions_floor_usage":[7,16,16],"damage_taken":[{"damage":7,"enemies":"Small Slimes","floor":1,"turns":3},{"damage":3,"enemies":"2 Louse","floor":2,"turns":2},{"damage":6,"enemies":"Cultist","floor":4,"turns":4},{"damage":7,"enemies":"Looter","floor":5,"turns":4},{"damage":25,"enemies":"Lagavulin","floor":7,"turns":7},{"damage":14,"enemies":"Large Slime","floor":11,"turns":7},{"damage":10,"enemies":"2 Fungi Beasts","floor":13,"turns":3},{"damage":38,"enemies":"3 Sentries","floor":14,"turns":8},{"damage":35,"enemies":"The Guardian","floor":16,"turns":5}],"seed_played":"-235793137275420343","potions_obtained":[{"floor":2,"key":"SteroidPotion"},{"floor":4,"key":"PowerPotion"},{"floor":7,"key":"BloodPotion"}],"is_trial":false,"path_per_floor":["M","M","?","M","M","R","E","R","T","R","M","?","M","E","R","B"],"character_chosen":"IRONCLAD","items_purchased":[],"campfire_rested":0,"item_purchase_floors":[],"current_hp_per_floor":[70,76,73,76,75,75,56,56,56,56,52,52,52,24,24,0],"gold":322,"neow_bonus":"ONE_RANDOM_RARE_CARD","is_prod":false,"is_daily":false,"chose_seed":false,"campfire_upgraded":4,"win_rate":0,"timestamp":1560123509,"path_taken":["M","M","?","M","M","R","E","R","T","R","M","?","M","E","R","BOSS"],"build_version":"2019-01-23","purchased_purges":0,"victory":false,"max_hp_per_floor":[78,81,73,76,76,76,76,76,76,76,80,80,84,88,88,88],"card_choices":[{"not_picked":["Wild Strike","Sentinel"],"picked":"Anger","floor":1},{"not_picked":["Thunderclap","Havoc","Clash"],"picked":"SKIP","floor":2},{"not_picked":["Wild Strike","Flex"],"picked":"Cleave","floor":4},{"not_picked":["Pummel","Clash"],"picked":"Whirlwind","floor":5},{"not_picked":["Armaments","Corruption"],"picked":"Disarm","floor":7},{"not_picked":["Heavy Blade","Rampage","Pummel"],"picked":"SKIP","floor":11},{"not_picked":["Clash","Bloodletting"],"picked":"Offering","floor":13},{"not_picked":["Anger","Inflame"],"picked":"True Grit","floor":14}],"player_experience":1734954,"relics_obtained":[{"floor":7,"key":"Smiling Mask"},{"floor":9,"key":"Oddly Smooth Stone"},{"floor":14,"key":"MawBank"}],"event_choices":[{"damage_healed":0,"gold_gain":0,"player_choice":"Lose Max HP","damage_taken":0,"relics_obtained":["Golden Idol"],"max_hp_gain":0,"max_hp_loss":8,"event_name":"Golden Idol","floor":3,"gold_loss":0},{"damage_healed":0,"gold_gain":0,"player_choice":"Grow","damage_taken":0,"max_hp_gain":0,"max_hp_loss":0,"event_name":"Living Wall","floor":12,"gold_loss":0,"cards_upgraded":["Disarm"]}],"is_beta":false,"boss_relics":[],"items_purged_floors":[],"is_endless":false,"potions_floor_spawned":[2,4,7,14],"killed_by":"The Guardian","ascension_level":20}