{"gold_per_floor":[113,24,43,43,57,57,82,94,117,117,13,13,40,105,105,182,182,201,201,236,250,67,67],"floor_reached":23,"playtime":993,"items_purged":["Strike_R","Strike_R"],"score":394,"play_id":"568ae2e4-0154-41dc-af99-a4a497fbea13","local_time":"20190620001625","is_ascension_mode":true,"campfire_choices":[{"data":"Bash","floor":6,"key":"SMITH"},{"data":"Rampage","floor":10,"key":"SMITH"},{"data":"Havoc","floor":12,"key":"SMITH"},{"data":"Anger","floor":15,"key":"SMITH"}],"neow_cost":"PERCENT_DAMAGE","seed_source_timestamp":1884468370490321,"circlet_count":0,"master_deck":["AscendersBane","Strike_R+1","Strike_R+1","Strike_R","Defend_R","Defend_R","Defend_R","Defend_R","Bash+1","Bandage Up","Dark Shackles","Battle Trance","Feel No Pain","Combust+1","Feel No Pain","Evolve","Rampage+1","Havoc+1","Anger+1","Feed","Ghostly","Ghostly","Ghostly","Clothesline","Rage"],"relics":["Burning Blood","Boot","Whetstone","Oddly Smooth Stone","Pen Nib","Sozu","Red Mask"],"potions_floor_usage":[7,14,14,16,16],"damage_taken":[{"damage":5,"enemies":"Small Slimes","floor":1,"turns":4},{"damage":3,"enemies":"Cultist","floor":3,"turns":4},{"damage":12,"enemies":"2 Louse","floor":5,"turns":4},{"damage":21,"enemies":"Gremlin Nob","floor":7,"turns":4},{"damage":16,"enemies":"Large Slime","floor":8,"turns":7},{"damage":11,"enemies":"Lagavulin","floor":13,"turns":6},{"damage":28,"enemies":"Gremlin Nob","floor":14,"turns":4},{"damage":23,"enemies":"Slime Boss","floor":16,"turns":7},{"damage":18,"enemies":"3 Byrds","floor":18,"turns":5},{"damage":33,"enemies":"Masked Bandits","floor":20,"turns":5},{"damage":10,"enemies":"Shell Parasite","floor":21,"turns":6},{"damage":26,"enemies":"Book of Stabbing","floor":23,"turns":5}],"seed_played":"4220484894088549579","potions_obtained":[{"floor":3,"key":"Block Potion"},{"floor":5,"key":"Poison Potion"},{"floor":13,"key":"BloodPotion"},{"floor":14,"key":"Regen Potion"},{"floor":16,"key":"Fruit Juice"}],"is_trial":false,"path_per_floor":["M","$","M","?","M","R","E","M","T","R","$","R","E","?","R","B",null,"M","?","?","M","$","E"],"character_chosen":"IRONCLAD","items_purchased":["Feel No Pain","Havoc","Rage"],"campfire_rested":0,"item_purchase_floors":[2,11,22],"current_hp_per_floor":[55,55,62,62,60,60,49,43,43,43,43,43,42,31,31,38,70,65,41,21,21,21,0],"gold":67,"neow_bonus":"RANDOM_COLORLESS_2","is_prod":false,"is_daily":false,"chose_seed":false,"campfire_upgraded":4,"win_rate":0,"timestamp":1561007785,"path_taken":["M","$","M","?","M","R","E","M","T","R","?","R","E","?","R","BOSS","M","?","?","M","$","E"],"build_version":"2019-01-23","purchased_purges":2,"victory":false,"max_hp_per_floor":[75,75,75,75,75,75,75,75,75,75,75,75,75,75,75,80,80,83,41,44,44,44,44],"card_choices":[{"not_picked":["Anger","Hemokinesis"],"picked":"Battle Trance","floor":1},{"not_picked":["Body Slam","Thunderclap"],"picked":"Combust","floor":3},{"not_picked":["Body Slam","Perfected Strike"],"picked":"Feel No Pain","floor":5},{"not_picked":["Shrug It Off","True Grit"],"picked":"Evolve","floor":7},{"not_picked":["Evolve","Carnage"],"picked":"Rampage","floor":8},{"not_picked":["Heavy Blade","Rampage","Combust"],"picked":"SKIP","floor":13},{"not_picked":["Uppercut","Wild Strike"],"picked":"Anger","floor":14},{"not_picked":["Impervious","Berserk"],"picked":"Feed","floor":16},{"not_picked":["Flex","Warcry","Cleave"],"picked":"SKIP","floor":18},{"not_picked":["Wild Strike","Twin Strike"],"picked":"Clothesline","floor":21}],"player_experience":1814801,"relics_obtained":[{"floor":7,"key":"Boot"},{"floor":9,"key":"Whetstone"},{"floor":13,"key":"Oddly Smooth Stone"},{"floor":14,"key":"Pen Nib"},{"floor":20,"key":"Red Mask"}],"event_choices":[{"damage_healed":0,"gold_gain":0,"player_choice":"Upgraded","damage_taken":0,"max_hp_gain":0,"max_hp_loss":0,"event_name":"Upgrade Shrine","floor":4,"gold_loss":0,"cards_upgraded":["Combust"]},{"damage_healed":0,"gold_gain":30,"player_choice":"Searched \u00272\u0027 times","damage_taken":0,"max_hp_gain":0,"max_hp_loss":0,"event_name":"Dead Adventurer","floor":14,"gold_loss":0},{"damage_healed":0,"gold_gain":0,"player_choice":"Became a Ghost","damage_taken":0,"max_hp_gain":0,"max_hp_loss":42,"event_name":"Ghosts","floor":19,"gold_loss":0,"cards_obtained":["Ghostly","Ghostly","Ghostly"]},{"damage_healed":0,"gold_gain":0,"player_choice":"Fought Bandits","damage_taken":0,"max_hp_gain":0,"max_hp_loss":0,"event_name":"Masked Bandits","floor":20,"gold_loss":0}],"is_beta":false,"boss_relics":[{"not_picked":["Velvet Choker","White Beast Statue"],"picked":"Sozu"}],"items_purged_floors":[11,22],"is_endless":false,"potions_floor_spawned":[3,5,13,14,16,20],"killed_by":"Book of Stabbing","ascension_level":20}