{"gold_per_floor":[218,228,16,35,35,35,63,79,102,102],"floor_reached":10,"playtime":290,"items_purged":["Strike_B"],"score":133,"play_id":"5286a693-c23f-4c8d-8109-36d5538967a1","local_time":"20190630153742","is_ascension_mode":true,"campfire_choices":[{"data":"Blizzard","floor":6,"key":"SMITH"}],"neow_cost":"NONE","seed_source_timestamp":535823540743124,"circlet_count":0,"master_deck":["AscendersBane","Strike_B","Strike_B","Defend_B","Defend_B","Defend_B","Defend_B","Zap","Dualcast","Conserve Battery","Cold Snap","Blizzard+1","Hologram","Cold Snap","Gash","Static Discharge"],"relics":["Cracked Core","Bronze Scales","Art of War"],"potions_floor_usage":[7,8],"damage_taken":[{"damage":0,"enemies":"Cultist","floor":1,"turns":3},{"damage":0,"enemies":"Jaw Worm","floor":2,"turns":4},{"damage":8,"enemies":"Small Slimes","floor":4,"turns":4},{"damage":44,"enemies":"Gremlin Nob","floor":7,"turns":5},{"damage":1,"enemies":"Exordium Wildlife","floor":8,"turns":4},{"damage":7,"enemies":"3 Louse","floor":10,"turns":1}],"seed_played":"-5339237228033544639","potions_obtained":[{"floor":1,"key":"SpeedPotion"},{"floor":2,"key":"Energy Potion"},{"floor":7,"key":"FocusPotion"}],"is_trial":false,"path_per_floor":["M","M","$","M","?","R","E","M","T","M"],"character_chosen":"DEFECT","items_purchased":["Blizzard","Hologram"],"campfire_rested":0,"item_purchase_floors":[3,3],"current_hp_per_floor":[64,64,64,56,49,49,5,4,4,0],"gold":102,"neow_bonus":"HUNDRED_GOLD","is_prod":false,"is_daily":false,"chose_seed":false,"campfire_upgraded":1,"win_rate":0,"timestamp":1561927062,"path_taken":["M","M","$","M","?","R","E","M","T","M"],"build_version":"2019-06-29","purchased_purges":1,"victory":false,"max_hp_per_floor":[71,71,71,71,71,71,71,71,71,71],"card_choices":[{"not_picked":["Lockon","Skim"],"picked":"Conserve Battery","floor":1},{"not_picked":["Turbo","Sweeping Beam"],"picked":"Cold Snap","floor":2},{"not_picked":["Compile Driver","Leap"],"picked":"Cold Snap","floor":4},{"not_picked":["Conserve Battery","Skim"],"picked":"Gash","floor":7},{"not_picked":["Hologram","Compile Driver"],"picked":"Static Discharge","floor":8}],"player_experience":1594192,"relics_obtained":[{"floor":7,"key":"Bronze Scales"},{"floor":9,"key":"Art of War"}],"event_choices":[{"cards_removed":["Strike_B"],"damage_healed":0,"gold_gain":0,"player_choice":"Card Removal","damage_taken":7,"max_hp_gain":0,"max_hp_loss":0,"event_name":"Golden Wing","floor":5,"gold_loss":0}],"is_beta":true,"boss_relics":[],"items_purged_floors":[3],"is_endless":false,"potions_floor_spawned":[1,2,7],"killed_by":"3 Louse","ascension_level":19}