{"gold_per_floor":[117,133,143,68,81,81,112,112,112,140,140,159,176,176],"floor_reached":14,"playtime":529,"items_purged":[],"score":204,"play_id":"1ecc1e5d-3542-4401-8df2-1b01d6a3d5ed","local_time":"20190609192524","is_ascension_mode":true,"campfire_choices":[{"data":"Bouncing Flask","floor":6,"key":"SMITH"},{"data":"Neutralize","floor":8,"key":"SMITH"},{"floor":11,"key":"REST"}],"neow_cost":"NONE","seed_source_timestamp":1003446151034776,"circlet_count":0,"master_deck":["AscendersBane","Defend_G","Defend_G","Defend_G","Defend_G","Defend_G","Strike_G","Strike_G","Strike_G","Strike_G","Strike_G","Survivor","Neutralize+1","Bouncing Flask+1","Poisoned Stab","Footwork","Noxious Fumes","Backflip","PiercingWail","Escape Plan","After Image"],"special_seed":0,"relics":["Ring of the Snake","Ornamental Fan","Kunai"],"potions_floor_usage":[1,7,7,10,14,14],"damage_taken":[{"damage":2,"enemies":"Cultist","floor":1,"turns":5},{"damage":10,"enemies":"Small Slimes","floor":2,"turns":5},{"damage":0,"enemies":"2 Louse","floor":3,"turns":4},{"damage":18,"enemies":"Lots of Slimes","floor":5,"turns":4},{"damage":6,"enemies":"Gremlin Nob","floor":7,"turns":3},{"damage":7,"enemies":"Lagavulin","floor":10,"turns":5},{"damage":9,"enemies":"Exordium Wildlife","floor":12,"turns":6},{"damage":0,"enemies":"Blue Slaver","floor":13,"turns":4},{"damage":28,"enemies":"Gremlin Nob","floor":14,"turns":4}],"seed_played":"8562580845222675474","potions_obtained":[{"floor":0.0,"key":"FearPotion"},{"floor":0.0,"key":"Swift Potion"},{"floor":3,"key":"Fire Potion"},{"floor":7,"key":"SkillPotion"},{"floor":12,"key":"Strength Potion"},{"floor":13,"key":"GamblersBrew"}],"is_trial":false,"path_per_floor":["M","M","M","$","M","R","E","R","T","E","R","M","M","E"],"character_chosen":"THE_SILENT","items_purchased":["Noxious Fumes"],"campfire_rested":1,"item_purchase_floors":[4],"current_hp_per_floor":[57,47,47,47,29,29,23,23,23,16,35,26,26,0],"gold":176,"neow_bonus":"THREE_SMALL_POTIONS","is_prod":false,"is_daily":false,"chose_seed":false,"campfire_upgraded":2,"win_rate":0,"timestamp":1560126324,"path_taken":["M","M","?","$","M","R","E","R","T","E","R","M","M","E"],"build_version":"2019-01-23","purchased_purges":0,"victory":false,"max_hp_per_floor":[66,66,66,66,66,66,66,66,66,66,66,66,66,66],"card_choices":[{"not_picked":["Backflip","Underhanded Strike"],"picked":"Bouncing Flask","floor":1},{"not_picked":["Dagger Spray","Concentrate"],"picked":"Poisoned Stab","floor":2},{"not_picked":["Escape Plan","Finisher"],"picked":"Footwork","floor":3},{"not_picked":["Accuracy","Blade Dance"],"picked":"Backflip","floor":5},{"not_picked":["Sucker Punch","Poisoned Stab"],"picked":"PiercingWail","floor":7},{"not_picked":["Setup","Backflip"],"picked":"Escape Plan","floor":10},{"not_picked":["Prepared","Quick Slash","Riddle With Holes"],"picked":"SKIP","floor":12},{"not_picked":["Well Laid Plans","Outmaneuver"],"picked":"After Image","floor":13}],"player_experience":1737631,"relics_obtained":[{"floor":7,"key":"Ornamental Fan"},{"floor":10,"key":"Kunai"}],"event_choices":[],"is_beta":false,"boss_relics":[],"items_purged_floors":[],"is_endless":false,"potions_floor_spawned":[3,7,12,13],"killed_by":"Gremlin Nob","ascension_level":20}