{"gold_per_floor":[114,114,127,127,142,142,154,183,232,264,264,291,291,303,303,380,380,354,370,370,370,370,370,402,68,68,84,84,94,123,48,48,48],"floor_reached":33,"playtime":1482,"items_purged":["Bite"],"score":631,"play_id":"f18ab403-671b-43be-bce6-bd89f6b409fe","local_time":"20190712165613","is_ascension_mode":true,"campfire_choices":[{"data":"Bash","floor":6,"key":"SMITH"},{"floor":11,"key":"REST"},{"data":"Disarm","floor":13,"key":"SMITH"},{"data":"True Grit","floor":15,"key":"SMITH"},{"data":"Carnage","floor":23,"key":"SMITH"},{"floor":28,"key":"REST"},{"data":"Corruption","floor":32,"key":"SMITH"}],"neow_cost":"TEN_PERCENT_HP_LOSS","seed_source_timestamp":1576141233219593,"circlet_count":0,"master_deck":["AscendersBane","Defend_R","Defend_R+1","Defend_R","Defend_R","Bash+1","Feed","Thunderclap","Carnage+1","Shrug It Off","True Grit+1","Headbutt","Disarm+1","Anger","Feed","Shockwave","Corruption+1","Bite","Bite","Bite","Bite","Juggernaut","Apotheosis","Whirlwind","Exhume","Limit Break"],"relics":["Burning Blood","Thread and Needle","Bag of Preparation","Bronze Scales","Mummified Hand","Eternal Feather","Nloth\u0027s Gift","Omamori","Bottled Tornado","Bottled Flame"],"potions_floor_usage":[12,18,24,30,33,33],"damage_taken":[{"damage":6,"enemies":"2 Louse","floor":1,"turns":3},{"damage":0,"enemies":"Cultist","floor":3,"turns":4},{"damage":0,"enemies":"Small Slimes","floor":5,"turns":3},{"damage":7,"enemies":"2 Fungi Beasts","floor":7,"turns":3},{"damage":32,"enemies":"Lagavulin","floor":8,"turns":8},{"damage":19,"enemies":"3 Sentries","floor":10,"turns":8},{"damage":17,"enemies":"Gremlin Nob","floor":12,"turns":4},{"damage":0,"enemies":"Looter","floor":14,"turns":3},{"damage":5,"enemies":"The Guardian","floor":16,"turns":14},{"damage":24,"enemies":"2 Thieves","floor":18,"turns":4},{"damage":26,"enemies":"Spheric Guardian","floor":19,"turns":7},{"damage":45,"enemies":"Slavers","floor":24,"turns":6},{"damage":37,"enemies":"Cultist and Chosen","floor":27,"turns":7},{"damage":0,"enemies":"Snecko","floor":29,"turns":6},{"damage":13,"enemies":"Book of Stabbing","floor":30,"turns":4},{"damage":108,"enemies":"Automaton","floor":33,"turns":8}],"seed_played":"-4402277554655816272","potions_obtained":[{"floor":3,"key":"Ancient Potion"},{"floor":5,"key":"GamblersBrew"},{"floor":14,"key":"Strength Potion"},{"floor":19,"key":"LiquidBronze"},{"floor":24,"key":"BloodPotion"},{"floor":30,"key":"PowerPotion"}],"is_trial":false,"path_per_floor":["M","?","M","?","M","R","M","E","T","E","R","E","R","M","R","B",null,"M","M","?","?","?","R","E","$","T","M","R","M","E","?","R","B"],"character_chosen":"IRONCLAD","items_purchased":["Apotheosis","Whirlwind"],"campfire_rested":2,"item_purchase_floors":[25,25],"current_hp_per_floor":[68,68,71,50,59,59,61,38,38,28,52,41,41,50,50,51,77,62,45,45,45,45,57,31,31,31,17,54,66,69,69,79,0],"gold":48,"neow_bonus":"ONE_RARE_RELIC","is_prod":false,"is_daily":false,"chose_seed":false,"campfire_upgraded":5,"win_rate":0,"timestamp":1562968573,"path_taken":["M","?","?","?","M","R","M","E","T","E","R","E","R","M","R","BOSS","M","M","?","?","?","R","E","$","T","M","R","?","E","?","R","BOSS"],"build_version":"2019-07-10","purchased_purges":1,"victory":false,"max_hp_per_floor":[68,68,71,71,74,74,77,80,80,83,83,83,83,86,86,86,86,89,92,92,64,64,64,67,67,67,75,75,75,79,79,79,79],"card_choices":[{"not_picked":["Cleave","Warcry"],"picked":"Sword Boomerang","floor":1},{"not_picked":["Perfected Strike","Sword Boomerang"],"picked":"Carnage","floor":3},{"not_picked":["Brutality","Entrench"],"picked":"Shrug It Off","floor":5},{"not_picked":["Ghostly Armor","Clothesline"],"picked":"True Grit","floor":7},{"not_picked":["Evolve","Intimidate"],"picked":"Headbutt","floor":8},{"not_picked":["Reaper","Iron Wave"],"picked":"Disarm","floor":10},{"not_picked":["Second Wind","Thunderclap"],"picked":"Anger","floor":12},{"not_picked":["Havoc","True Grit","Twin Strike"],"picked":"SKIP","floor":14},{"not_picked":["Barricade","Fiend Fire"],"picked":"Feed","floor":16},{"not_picked":["Searing Blow","Wild Strike"],"picked":"Shockwave","floor":18},{"not_picked":["Anger","Shrug It Off"],"picked":"Corruption","floor":19},{"not_picked":["Seeing Red","Body Slam"],"picked":"Juggernaut","floor":24},{"not_picked":["Sentinel","Reckless Charge"],"picked":"Exhume","floor":27},{"not_picked":["Intimidate","Body Slam","Headbutt"],"picked":"SKIP","floor":29},{"not_picked":["Havoc","Twin Strike"],"picked":"Limit Break","floor":30}],"player_experience":1679849,"relics_obtained":[{"floor":8,"key":"Darkstone Periapt"},{"floor":9,"key":"Bag of Preparation"},{"floor":10,"key":"Bronze Scales"},{"floor":12,"key":"Mummified Hand"},{"floor":24,"key":"Omamori"},{"floor":26,"key":"Bottled Tornado"},{"floor":30,"key":"Bottled Flame"}],"event_choices":[{"damage_healed":0,"gold_gain":0,"player_choice":"2 cards matched","damage_taken":0,"max_hp_gain":0,"max_hp_loss":0,"event_name":"Match and Keep!","floor":2,"gold_loss":0,"cards_obtained":["Feed","Thunderclap"]},{"damage_healed":0,"gold_gain":0,"player_choice":"Entered Light","damage_taken":21,"max_hp_gain":0,"max_hp_loss":0,"event_name":"Shining Light","floor":4,"gold_loss":0,"cards_upgraded":["Defend_R","Strike_R"]},{"damage_healed":0,"gold_gain":0,"player_choice":"Ignored","damage_taken":0,"max_hp_gain":0,"max_hp_loss":0,"event_name":"The Mausoleum","floor":20,"gold_loss":0},{"damage_healed":0,"gold_gain":0,"player_choice":"Became a vampire","damage_taken":0,"max_hp_gain":0,"max_hp_loss":28,"event_name":"Vampires","floor":21,"gold_loss":0,"cards_obtained":["Bite","Bite","Bite","Bite","Bite"]},{"damage_healed":0,"gold_gain":0,"player_choice":"Traded Relic","damage_taken":0,"relics_obtained":["Nloth\u0027s Gift"],"max_hp_gain":0,"max_hp_loss":0,"event_name":"N\u0027loth","floor":22,"relics_lost":["Darkstone Periapt"],"gold_loss":0},{"cards_removed":["Sword Boomerang"],"damage_healed":0,"gold_gain":0,"player_choice":"Gave Gold","damage_taken":0,"max_hp_gain":0,"max_hp_loss":0,"event_name":"Beggar","floor":31,"gold_loss":75}],"is_beta":true,"boss_relics":[{"not_picked":["Busted Crown","Runic Dome"],"picked":"Eternal Feather"}],"items_purged_floors":[25],"is_endless":false,"potions_floor_spawned":[3,5,14,16,19,24,30],"killed_by":"Automaton","ascension_level":20}