{"gold_per_floor":[365,4,4,4,23,50,50,79,79,111,111,123,134,150,150,229,229,256,183,207,219],"floor_reached":21,"playtime":909,"items_purged":[],"score":398,"play_id":"679dabac-7f69-4475-b83d-ebaec9deb7c7","local_time":"20190701193320","is_ascension_mode":true,"campfire_choices":[{"floor":7,"key":"REST"},{"floor":11,"key":"REST"},{"data":"Cloak And Dagger","floor":15,"key":"SMITH"}],"neow_cost":"TEN_PERCENT_HP_LOSS","seed_source_timestamp":635741734384506,"circlet_count":0,"master_deck":["AscendersBane","Strike_G","Strike_G","Strike_G","Strike_G","Strike_G","Defend_G","Defend_G","Defend_G","Defend_G","Defend_G","Survivor","Neutralize","Flying Knee","Slice","Dagger Spray","Deadly Poison","Cloak And Dagger+1","Envenom","Well Laid Plans","Leg Sweep","Malaise","Malaise","Regret","Regret","Parasite","Infinite Blades"],"relics":["Ring of the Snake","Shuriken","Ninja Scroll","The Courier","Ancient Tea Set","Darkstone Periapt","Calling Bell","MawBank","Sundial","WingedGreaves","Shovel"],"potions_floor_usage":[10,10,16],"damage_taken":[{"damage":0,"enemies":"2 Louse","floor":1,"turns":4},{"damage":0,"enemies":"Jaw Worm","floor":5,"turns":3},{"damage":47,"enemies":"Lagavulin","floor":6,"turns":6},{"damage":5,"enemies":"3 Sentries","floor":8,"turns":6},{"damage":6,"enemies":"Lagavulin","floor":10,"turns":5},{"damage":0,"enemies":"Cultist","floor":12,"turns":2},{"damage":0,"enemies":"Looter","floor":13,"turns":3},{"damage":1,"enemies":"Large Slime","floor":14,"turns":5},{"damage":10,"enemies":"Slime Boss","floor":16,"turns":9},{"damage":42,"enemies":"Spheric Guardian","floor":18,"turns":9},{"damage":9,"enemies":"Chosen","floor":20,"turns":5},{"damage":22,"enemies":"Centurion and Healer","floor":21,"turns":6}],"seed_played":"-6490462748435522149","potions_obtained":[{"floor":6,"key":"Strength Potion"},{"floor":8,"key":"SpeedPotion"},{"floor":13,"key":"Explosive Potion"}],"is_trial":false,"path_per_floor":["M","$","?","$","M","E","R","E","T","E","R","M","M","M","R","B",null,"M","?","M","M"],"character_chosen":"THE_SILENT","items_purchased":["Shuriken","Slice","Dagger Spray"],"campfire_rested":2,"item_purchase_floors":[2,2,2],"current_hp_per_floor":[59,59,59,59,59,12,30,25,25,19,37,37,37,36,36,26,70,28,28,19,0],"gold":219,"neow_bonus":"TWO_FIFTY_GOLD","is_prod":false,"is_daily":false,"chose_seed":false,"campfire_upgraded":1,"win_rate":0,"timestamp":1562027600,"path_taken":["M","$","?","?","M","E","R","E","T","E","R","M","?","M","R","BOSS","M","?","M","M"],"build_version":"2019-06-30","purchased_purges":0,"victory":false,"max_hp_per_floor":[60,60,60,60,60,60,60,60,60,60,60,60,60,60,60,60,78,78,78,78,78],"card_choices":[{"not_picked":["Cloak And Dagger","Acrobatics"],"picked":"Flying Knee","floor":1},{"not_picked":["Sucker Punch","Flying Knee","Bane"],"picked":"SKIP","floor":5},{"not_picked":["Quick Slash","Well Laid Plans"],"picked":"Deadly Poison","floor":6},{"not_picked":["Dash","Glass Knife"],"picked":"Cloak And Dagger","floor":8},{"not_picked":["Dodge and Roll","Caltrops"],"picked":"Envenom","floor":10},{"not_picked":["Acrobatics","Outmaneuver"],"picked":"Well Laid Plans","floor":12},{"not_picked":["Bane","Acrobatics"],"picked":"Leg Sweep","floor":13},{"not_picked":["Reflex","Quick Slash"],"picked":"Malaise","floor":14},{"not_picked":["Bullet Time","Grand Finale"],"picked":"Malaise","floor":16},{"not_picked":["PiercingWail","Cloak And Dagger"],"picked":"Infinite Blades","floor":18},{"not_picked":["Caltrops","Deadly Poison","Flying Knee"],"picked":"SKIP","floor":20}],"player_experience":1631880,"relics_obtained":[{"floor":6,"key":"Ninja Scroll"},{"floor":8,"key":"The Courier"},{"floor":9,"key":"Ancient Tea Set"},{"floor":10,"key":"Darkstone Periapt"},{"floor":17,"key":"MawBank"},{"floor":17,"key":"Sundial"},{"floor":17,"key":"WingedGreaves"}],"event_choices":[{"damage_healed":0,"gold_gain":0,"player_choice":"Ignored","damage_taken":0,"max_hp_gain":0,"max_hp_loss":0,"event_name":"Liars Game","floor":3,"gold_loss":0},{"damage_healed":0,"gold_gain":0,"player_choice":"Obtained Relic","damage_taken":0,"relics_obtained":["Shovel"],"max_hp_gain":0,"max_hp_loss":0,"event_name":"Addict","floor":19,"gold_loss":85}],"is_beta":true,"boss_relics":[{"not_picked":["Runic Pyramid","Busted Crown"],"picked":"Calling Bell"}],"items_purged_floors":[],"is_endless":false,"potions_floor_spawned":[6,8,13],"killed_by":"Centurion and Healer","ascension_level":20}