{"gold_per_floor":[115,115,130,140,154,184,202,277,347,347,357,357,382,402,402,499,499,499,259,259,259,259,259,259,259,259,259,259,259,259,259,259,259,259,259,259,259,3,3,3,3,3,3,3,3,3,3,3,3,3,3,3,3,3,3],"floor_reached":56,"playtime":3733,"items_purged":[],"score":1305,"play_id":"52bee676-2469-484f-b3f5-96e083ea0698","local_time":"20190712130715","is_ascension_mode":true,"campfire_choices":[{"data":"Uppercut","floor":10,"key":"SMITH"},{"floor":12,"key":"RECALL"},{"data":"Hemokinesis","floor":15,"key":"SMITH"},{"data":"Demon Form","floor":23,"key":"SMITH"},{"data":"Limit Break","floor":30,"key":"SMITH"},{"data":"Heavy Blade","floor":32,"key":"SMITH"},{"floor":40,"key":"REST"},{"data":"Uppercut","floor":45,"key":"SMITH"},{"floor":49,"key":"REST"},{"data":"Heavy Blade","floor":52,"key":"SMITH"}],"neow_cost":"NONE","seed_source_timestamp":131547533438799,"circlet_count":0,"master_deck":["Strike_R+1","Strike_R+1","Strike_R+1","Strike_R+1","Strike_R+1","Defend_R+1","Defend_R+1","Defend_R+1","Defend_R+1","Bash","Heavy Blade+1","Uppercut+1","Twin Strike","Limit Break+1","Hemokinesis+1","Shrug It Off+1","Anger","Demon Form+1","Pommel Strike","Flex+1","Armaments+1","Uppercut+1","Reaper","Limit Break+1","Flex+1","Twin Strike+1","Heavy Blade+1","Flex+1"],"relics":["Black Blood","PreservedInsect","Orichalcum","Magic Flower","Singing Bowl","War Paint","Ectoplasm","Matryoshka","GremlinMask","Blood Vial","Pen Nib","Sundial","Bottled Tornado","Dodecahedron","Ancient Tea Set","Smiling Mask","Lantern","Happy Flower","Ornamental Fan"],"potions_floor_usage":[13,16,16,27,33,46,50,55,55],"damage_taken":[{"damage":0,"enemies":"2 Louse","floor":1,"turns":3},{"damage":0,"enemies":"Cultist","floor":3,"turns":3},{"damage":0,"enemies":"Small Slimes","floor":4,"turns":3},{"damage":0,"enemies":"3 Louse","floor":5,"turns":3},{"damage":8,"enemies":"Gremlin Nob","floor":6,"turns":3},{"damage":4,"enemies":"Looter","floor":7,"turns":2},{"damage":7,"enemies":"Gremlin Gang","floor":11,"turns":6},{"damage":17,"enemies":"Lagavulin","floor":13,"turns":4},{"damage":7,"enemies":"Lots of Slimes","floor":14,"turns":5},{"damage":51,"enemies":"The Guardian","floor":16,"turns":7},{"damage":20,"enemies":"Shell Parasite","floor":18,"turns":4},{"damage":2,"enemies":"Chosen","floor":22,"turns":3},{"damage":16,"enemies":"Book of Stabbing","floor":24,"turns":3},{"damage":3,"enemies":"Snecko","floor":25,"turns":4},{"damage":13,"enemies":"Slavers","floor":27,"turns":3},{"damage":11,"enemies":"Snake Plant","floor":28,"turns":3},{"damage":16,"enemies":"Centurion and Healer","floor":29,"turns":5},{"damage":6,"enemies":"Book of Stabbing","floor":31,"turns":2},{"damage":32,"enemies":"Automaton","floor":33,"turns":5},{"damage":18,"enemies":"3 Darklings","floor":35,"turns":5},{"damage":16,"enemies":"Orb Walker","floor":37,"turns":3},{"damage":40,"enemies":"Jaw Worm Horde","floor":39,"turns":4},{"damage":6,"enemies":"Nemesis","floor":41,"turns":3},{"damage":10,"enemies":"Maw","floor":44,"turns":4},{"damage":6,"enemies":"Giant Head","floor":46,"turns":4},{"damage":17,"enemies":"Sphere and 2 Shapes","floor":47,"turns":4},{"damage":29,"enemies":"Jaw Worm Horde","floor":48,"turns":3},{"damage":44,"enemies":"Time Eater","floor":50,"turns":5},{"damage":42,"enemies":"Shield and Spear","floor":54,"turns":4},{"damage":95,"enemies":"The Heart","floor":55,"turns":6}],"seed_played":"5662395563957483806","potions_obtained":[{"floor":1,"key":"FearPotion"},{"floor":5,"key":"SmokeBomb"},{"floor":6,"key":"PowerPotion"},{"floor":7,"key":"PowerPotion"},{"floor":13,"key":"Regen Potion"},{"floor":18,"key":"Explosive Potion"},{"floor":24,"key":"Explosive Potion"},{"floor":27,"key":"Swift Potion"},{"floor":33,"key":"Block Potion"},{"floor":46,"key":"Fire Potion"},{"floor":54,"key":"BloodPotion"}],"is_trial":false,"path_per_floor":["M","?","M","M","M","E","M","?","T","R","M","R","E","M","R","B",null,"M","$","?","?","M","R","E","M","T","E","M","M","R","E","R","B",null,"M","?","M","$","M","R","E","$","T","M","R","E","M","M","R","B",null,"R","$","E","B",null],"character_chosen":"IRONCLAD","items_purchased":["Matryoshka","Dodecahedron"],"campfire_rested":2,"item_purchase_floors":[19,38],"current_hp_per_floor":[80,80,80,80,80,78,80,69,69,69,73,73,65,69,69,46,84,73,73,73,73,80,80,75,86,86,84,87,83,83,91,91,69,92,91,91,96,96,77,98,98,98,98,100,100,100,100,86,100,100,100,100,100,75,41],"gold":3,"neow_bonus":"RANDOM_COMMON_RELIC","is_prod":false,"is_daily":false,"chose_seed":false,"campfire_upgraded":7,"win_rate":0,"timestamp":1562951235,"path_taken":["M","?","?","M","M","E","M","?","T","R","M","R","E","M","R","BOSS","M","$","?","?","M","R","E","?","T","E","?","M","R","E","R","BOSS","M","?","M","$","M","R","E","$","T","M","R","E","?","M","R","BOSS","R","$","E","BOSS"],"build_version":"2019-07-05","purchased_purges":0,"victory":true,"max_hp_per_floor":[80,80,80,80,80,80,80,80,80,80,82,82,82,84,84,84,84,84,84,84,84,84,84,86,88,88,88,90,90,90,92,92,92,92,94,94,96,96,98,98,98,98,98,100,100,100,100,100,100,100,100,100,100,102,102],"card_choices":[{"not_picked":["Carnage","Thunderclap"],"picked":"Heavy Blade","floor":1},{"not_picked":["Clash","Body Slam"],"picked":"Uppercut","floor":3},{"not_picked":["Body Slam","Havoc"],"picked":"Twin Strike","floor":4},{"not_picked":["Pummel","Sever Soul"],"picked":"Limit Break","floor":5},{"not_picked":["Thunderclap","Heavy Blade"],"picked":"Hemokinesis","floor":6},{"not_picked":["Ghostly Armor","Body Slam"],"picked":"Shrug It Off","floor":7},{"not_picked":["Clash","Shockwave","Disarm"],"picked":"Singing Bowl","floor":11},{"not_picked":["Dual Wield","Intimidate"],"picked":"Anger","floor":13},{"not_picked":["Blood for Blood","Heavy Blade","Shrug It Off"],"picked":"Singing Bowl","floor":14},{"not_picked":["Exhume","Feed"],"picked":"Demon Form","floor":16},{"not_picked":["True Grit+1","Sword Boomerang"],"picked":"Pommel Strike","floor":18},{"not_picked":["Iron Wave","Armaments"],"picked":"Flex+1","floor":22},{"not_picked":["Rage","Headbutt+1","Reckless Charge"],"picked":"Singing Bowl","floor":24},{"not_picked":["Havoc","Hemokinesis","Body Slam"],"picked":"Singing Bowl","floor":25},{"not_picked":["Thunderclap","Sever Soul+1"],"picked":"Armaments+1","floor":27},{"not_picked":["Headbutt","Fire Breathing","Iron Wave"],"picked":"Singing Bowl","floor":28},{"not_picked":["Thunderclap","Rupture"],"picked":"Uppercut","floor":29},{"not_picked":["Iron Wave","Armaments","Combust"],"picked":"Singing Bowl","floor":31},{"not_picked":["Berserk","Juggernaut"],"picked":"Reaper","floor":33},{"not_picked":["Combust+1","Fire Breathing+1","Havoc"],"picked":"Singing Bowl","floor":35},{"not_picked":["Hemokinesis","Thunderclap","Headbutt"],"picked":"Singing Bowl","floor":37},{"not_picked":["Body Slam+1","Combust+1","Sword Boomerang+1"],"picked":"Singing Bowl","floor":39},{"not_picked":["Reaper","Sword Boomerang"],"picked":"Flex+1","floor":41},{"not_picked":["Feel No Pain+1","Reckless Charge+1","Iron Wave"],"picked":"Singing Bowl","floor":44},{"not_picked":["Armaments+1","Headbutt"],"picked":"Twin Strike+1","floor":46},{"not_picked":["Fire Breathing+1","Wild Strike+1"],"picked":"Heavy Blade","floor":47},{"not_picked":["Reckless Charge","Bloodletting"],"picked":"Flex+1","floor":48},{"not_picked":["Blood for Blood","Feed","Clash+1"],"picked":"Singing Bowl","floor":54}],"player_experience":167415,"relics_obtained":[{"floor":6,"key":"Magic Flower"},{"floor":9,"key":"Singing Bowl"},{"floor":13,"key":"War Paint"},{"floor":24,"key":"Blood Vial"},{"floor":26,"key":"Pen Nib"},{"floor":27,"key":"Sundial"},{"floor":31,"key":"Bottled Tornado"},{"floor":41,"key":"Ancient Tea Set"},{"floor":43,"key":"Smiling Mask"},{"floor":43,"key":"Lantern"},{"floor":46,"key":"Happy Flower"},{"floor":54,"key":"Ornamental Fan"}],"event_choices":[{"damage_healed":0,"gold_gain":0,"player_choice":"Gave Potion","damage_taken":0,"relics_obtained":["Orichalcum"],"max_hp_gain":0,"max_hp_loss":0,"event_name":"WeMeetAgain","floor":2,"gold_loss":0},{"damage_healed":0,"gold_gain":75,"player_choice":"Gather Gold","damage_taken":11,"max_hp_gain":0,"max_hp_loss":0,"event_name":"World of Goop","floor":8,"gold_loss":0},{"damage_healed":0,"gold_gain":0,"player_choice":"Simplicity","damage_taken":0,"max_hp_gain":0,"max_hp_loss":0,"event_name":"Back to Basics","floor":20,"gold_loss":0,"cards_upgraded":["Strike_R","Strike_R","Strike_R","Strike_R","Strike_R","Defend_R","Defend_R","Defend_R"]},{"damage_healed":0,"gold_gain":0,"player_choice":"Trade","damage_taken":0,"relics_obtained":["GremlinMask"],"max_hp_gain":0,"max_hp_loss":0,"event_name":"FaceTrader","floor":21,"gold_loss":0},{"damage_healed":0,"gold_gain":0,"player_choice":"Copied","damage_taken":0,"max_hp_gain":0,"max_hp_loss":0,"event_name":"Duplicator","floor":36,"gold_loss":0,"cards_obtained":["Limit Break"]}],"is_beta":false,"boss_relics":[{"not_picked":["Philosopher\u0027s Stone","Astrolabe"],"picked":"Ectoplasm"},{"not_picked":["Calling Bell","Orrery"],"picked":"Black Blood"}],"items_purged_floors":[],"is_endless":false,"potions_floor_spawned":[1,5,6,7,13,18,24,27,33,39,44,46,48,54],"ascension_level":1}