{"gold_per_floor":[116,191,204,216,216,249,249,266,266,266,323,74,26,46,46,149,149,161,148,148,162,86,86,119,130,130,130,130],"floor_reached":28,"playtime":1711,"items_purged":[],"score":263,"play_id":"e946cf43-7f66-4b9c-9837-a162566fb794","local_time":"20190711180103","is_ascension_mode":false,"campfire_choices":[{"floor":7,"key":"REST"},{"floor":10,"key":"REST"},{"data":"Chaos","floor":15,"key":"SMITH"},{"data":"Static Discharge","floor":23,"key":"SMITH"}],"neow_cost":"NONE","seed_source_timestamp":64819814872800,"circlet_count":0,"master_deck":["Strike_B","Strike_B","Strike_B","Defend_B","Defend_B","Defend_B","Defend_B","Zap","Dualcast","Chaos+1","Turbo","Sunder","Capacitor","Chill","Streamline","Leap","Cold Snap","Meteor Strike","Chaos","Chaos","Ghostly","Ghostly","Ghostly","Ghostly","Ghostly","Streamline+1","Static Discharge+1","Glacier","Glacier"],"relics":["Cracked Core","Potion Belt","Torii","Bird Faced Urn","Thread and Needle","Toy Ornithopter","Nuclear Battery","Darkstone Periapt","Mercury Hourglass"],"potions_floor_usage":[11,11,16,18,19,21,25],"damage_taken":[{"damage":5,"enemies":"Small Slimes","floor":1,"turns":4},{"damage":1,"enemies":"Jaw Worm","floor":3,"turns":3},{"damage":8,"enemies":"2 Louse","floor":4,"turns":3},{"damage":44,"enemies":"Lagavulin","floor":6,"turns":7},{"damage":10,"enemies":"Looter","floor":8,"turns":2},{"damage":24,"enemies":"Lagavulin Event","floor":11,"turns":5},{"damage":1,"enemies":"2 Fungi Beasts","floor":14,"turns":3},{"damage":5,"enemies":"Hexaghost","floor":16,"turns":8},{"damage":27,"enemies":"3 Byrds","floor":18,"turns":5},{"damage":11,"enemies":"2 Thieves","floor":19,"turns":4},{"damage":0,"enemies":"Shelled Parasite and Fungi","floor":21,"turns":8},{"damage":29,"enemies":"Gremlin Leader","floor":24,"turns":14},{"damage":18,"enemies":"Centurion and Healer","floor":25,"turns":11},{"damage":11,"enemies":"Snecko","floor":28,"turns":3}],"seed_played":"5373566528450294513","potions_obtained":[{"floor":1,"key":"Energy Potion"},{"floor":3,"key":"Regen Potion"},{"floor":6,"key":"FearPotion"},{"floor":14,"key":"Explosive Potion"},{"floor":19,"key":"EssenceOfSteel"},{"floor":24,"key":"Fruit Juice"}],"is_trial":false,"path_per_floor":["M","?","M","M","?","E","R","M","T","R","?","$","$","M","R","B",null,"M","M","?","M","$","R","E","M","T","?","M"],"character_chosen":"DEFECT","items_purchased":["Toy Ornithopter","Poison Potion","Leap","Static Discharge"],"campfire_rested":2,"item_purchase_floors":[12,12,13,22],"current_hp_per_floor":[70,59,58,50,50,6,28,18,18,40,30,30,30,31,31,33,75,53,49,37,37,37,37,8,4,4,4,0],"gold":130,"neow_bonus":"RANDOM_COMMON_RELIC","is_prod":false,"is_daily":false,"chose_seed":false,"campfire_upgraded":2,"win_rate":0.0,"timestamp":1562882463,"path_taken":["M","?","M","M","?","E","R","M","T","R","?","?","$","M","R","BOSS","M","M","?","M","$","R","E","M","T","?","?"],"build_version":"2019-07-05","purchased_purges":0,"victory":false,"max_hp_per_floor":[75,75,75,75,75,75,75,75,75,75,75,75,75,75,75,75,75,75,75,37,37,37,37,37,42,42,42,42],"card_choices":[{"not_picked":["Double Energy","Streamline"],"picked":"Chaos","floor":1},{"not_picked":["Steam Power","Rebound"],"picked":"Turbo","floor":3},{"not_picked":["Recycle","Rebound"],"picked":"Sunder","floor":4},{"not_picked":["Conserve Battery","Compile Driver"],"picked":"Capacitor","floor":6},{"not_picked":["Cold Snap","Beam Cell"],"picked":"Chill","floor":8},{"not_picked":["Sweeping Beam","Steam Power"],"picked":"Streamline","floor":11},{"not_picked":["Stack","Sweeping Beam"],"picked":"Cold Snap","floor":14},{"not_picked":["Buffer","Biased Cognition"],"picked":"Meteor Strike","floor":16},{"not_picked":["Cold Snap","Chill"],"picked":"Chaos","floor":18},{"not_picked":["Chill","Turbo"],"picked":"Chaos","floor":19},{"not_picked":["Go for the Eyes","Hologram+1"],"picked":"Streamline+1","floor":21},{"not_picked":["Barrage+1","All For One"],"picked":"Glacier","floor":24},{"not_picked":["Go for the Eyes","Reinforced Body"],"picked":"Glacier","floor":25}],"player_experience":150340,"relics_obtained":[{"floor":6,"key":"Torii"},{"floor":9,"key":"Bird Faced Urn"},{"floor":11,"key":"Thread and Needle"},{"floor":24,"key":"Darkstone Periapt"},{"floor":26,"key":"Mercury Hourglass"}],"event_choices":[{"damage_healed":0,"gold_gain":75,"player_choice":"Gather Gold","damage_taken":11,"max_hp_gain":0,"max_hp_loss":0,"event_name":"World of Goop","floor":2,"gold_loss":0},{"damage_healed":0,"gold_gain":0,"player_choice":"Ignored","damage_taken":0,"max_hp_gain":0,"max_hp_loss":0,"event_name":"Liars Game","floor":5,"gold_loss":0},{"damage_healed":0,"gold_gain":0,"player_choice":"Searched \u00271\u0027 times","damage_taken":0,"max_hp_gain":0,"max_hp_loss":0,"event_name":"Dead Adventurer","floor":11,"gold_loss":0},{"damage_healed":0,"gold_gain":0,"player_choice":"Became a Ghost","damage_taken":0,"max_hp_gain":0,"max_hp_loss":38,"event_name":"Ghosts","floor":20,"gold_loss":0,"cards_obtained":["Ghostly","Ghostly","Ghostly","Ghostly","Ghostly"]},{"cards_removed":["Strike_B"],"damage_healed":0,"gold_gain":0,"player_choice":"Purged","damage_taken":0,"max_hp_gain":0,"max_hp_loss":0,"event_name":"Purifier","floor":27,"gold_loss":0}],"is_beta":false,"boss_relics":[{"not_picked":["Philosopher\u0027s Stone","Coffee Dripper"],"picked":"Nuclear Battery"}],"items_purged_floors":[],"is_endless":false,"potions_floor_spawned":[1,3,6,14,19,24],"killed_by":"Snecko","ascension_level":0}