{"gold_per_floor":[116,132,146,146,165,165,199,199,199,199],"floor_reached":10,"playtime":298,"items_purged":[],"score":133,"play_id":"c0a321b4-bd22-4168-a4e0-63e0b40dc6dc","local_time":"20190630161541","is_ascension_mode":true,"campfire_choices":[{"floor":6,"key":"REST"},{"floor":8,"key":"REST"}],"neow_cost":"NONE","seed_source_timestamp":538094336208207,"circlet_count":0,"master_deck":["AscendersBane","Strike_B","Strike_B","Strike_B","Strike_B","Defend_B","Defend_B","Defend_B","Defend_B","Zap","Dualcast","Seek","Coolheaded","Sweeping Beam","Capacitor","Conserve Battery"],"relics":["Cracked Core","Happy Flower","Ice Cream","Question Card"],"potions_floor_usage":[7],"damage_taken":[{"damage":9,"enemies":"Jaw Worm","floor":1,"turns":4},{"damage":0,"enemies":"2 Louse","floor":2,"turns":1},{"damage":0,"enemies":"Cultist","floor":3,"turns":3},{"damage":18,"enemies":"Lots of Slimes","floor":5,"turns":3},{"damage":29,"enemies":"3 Sentries","floor":7,"turns":6},{"damage":67,"enemies":"Gremlin Nob","floor":10,"turns":4}],"seed_played":"1994078231130290194","potions_obtained":[{"floor":5,"key":"PowerPotion"}],"is_trial":false,"path_per_floor":["M","M","M","?","M","R","E","R","T","E"],"character_chosen":"DEFECT","items_purchased":[],"campfire_rested":2,"item_purchase_floors":[],"current_hp_per_floor":[55,55,55,50,32,53,24,45,45,0],"gold":199,"neow_bonus":"ONE_RANDOM_RARE_CARD","is_prod":false,"is_daily":false,"chose_seed":false,"campfire_upgraded":0,"win_rate":0,"timestamp":1561929341,"path_taken":["M","M","M","?","M","R","E","R","T","E"],"build_version":"2019-06-29","purchased_purges":0,"victory":false,"max_hp_per_floor":[71,71,71,71,71,71,71,71,71,71],"card_choices":[{"not_picked":["Leap","Steam","Heatsinks"],"picked":"SKIP","floor":1},{"not_picked":["Rebound","Go for the Eyes"],"picked":"Coolheaded","floor":2},{"not_picked":["Stack","Double Energy"],"picked":"Sweeping Beam","floor":3},{"not_picked":["Barrage","Steam"],"picked":"Capacitor","floor":5},{"not_picked":["Auto Shields","Hello World"],"picked":"Conserve Battery","floor":7}],"player_experience":1596417,"relics_obtained":[{"floor":7,"key":"Ice Cream"},{"floor":9,"key":"Question Card"}],"event_choices":[{"damage_healed":0,"gold_gain":0,"player_choice":"Success","damage_taken":5,"relics_obtained":["Happy Flower"],"max_hp_gain":0,"max_hp_loss":0,"event_name":"Scrap Ooze","floor":4,"gold_loss":0}],"is_beta":true,"boss_relics":[],"items_purged_floors":[],"is_endless":false,"potions_floor_spawned":[5],"killed_by":"Gremlin Nob","ascension_level":19}