{"gold_per_floor":[117,117,74,89,101,101,130,146,171,321,396,421,421,3,3,80,80,99,10,10,10,10,10,10],"floor_reached":24,"playtime":605,"items_purged":["Doubt"],"score":400,"play_id":"1d5002ea-d093-4a7b-b560-14e8b5209526","local_time":"20190614021514","is_ascension_mode":true,"campfire_choices":[{"data":"True Grit","floor":6,"key":"SMITH"},{"data":"True Grit","floor":13,"key":"SMITH"},{"data":"Limit Break","floor":15,"key":"SMITH"},{"floor":23,"key":"REST"}],"neow_cost":"NONE","seed_source_timestamp":1373584767769662,"circlet_count":0,"master_deck":["AscendersBane","Strike_R","Strike_R","Strike_R","Strike_R","Strike_R","Defend_R","Defend_R","Defend_R","Defend_R","Bash+1","Clothesline","Battle Trance","True Grit+1","Limit Break+1","Inflame","True Grit+1","Combust","Flame Barrier","Immolate","Heavy Blade","Burning Pact","RitualDagger"],"relics":["Burning Blood","NeowsBlessing","Potion Belt","Bag of Preparation","Boot","OrangePellets","Velvet Choker"],"potions_floor_usage":[7,16,24],"damage_taken":[{"damage":0,"enemies":"Jaw Worm","floor":1,"turns":1},{"damage":0,"enemies":"Cultist","floor":4,"turns":1},{"damage":0,"enemies":"Small Slimes","floor":5,"turns":2},{"damage":18,"enemies":"Gremlin Nob","floor":7,"turns":4},{"damage":5,"enemies":"Looter","floor":8,"turns":3},{"damage":16,"enemies":"Lagavulin","floor":12,"turns":6},{"damage":35,"enemies":"Hexaghost","floor":16,"turns":9},{"damage":26,"enemies":"3 Byrds","floor":18,"turns":4},{"damage":74,"enemies":"Chosen","floor":24,"turns":7}],"seed_played":"-542339013751262907","potions_obtained":[{"floor":4,"key":"AttackPotion"},{"floor":5,"key":"Explosive Potion"},{"floor":18,"key":"Regen Potion"}],"is_trial":false,"path_per_floor":["M","?","$","M","M","R","E","M","T","?","?","E","R","$","R","B",null,"M","$","?","$","?","R","M"],"character_chosen":"IRONCLAD","items_purchased":["Battle Trance","OrangePellets","Combust","Flame Barrier","Burning Pact"],"campfire_rested":1,"item_purchase_floors":[3,14,14,14,19],"current_hp_per_floor":[74,74,74,75,75,75,63,64,64,64,53,43,43,43,43,14,60,40,40,40,40,34,56,0],"gold":10,"neow_bonus":"THREE_ENEMY_KILL","is_prod":false,"is_daily":false,"chose_seed":false,"campfire_upgraded":3,"win_rate":0,"timestamp":1560496514,"path_taken":["M","?","$","M","?","R","E","M","T","?","?","E","R","$","R","BOSS","M","$","?","?","?","R","M"],"build_version":"2019-01-23","purchased_purges":1,"victory":false,"max_hp_per_floor":[75,75,75,75,75,75,75,75,75,75,75,75,75,75,75,75,75,75,75,75,75,75,75,75],"card_choices":[{"not_picked":["Sword Boomerang","Body Slam"],"picked":"Clothesline","floor":1},{"not_picked":["Clothesline","Clash","Pummel"],"picked":"SKIP","floor":4},{"not_picked":["Perfected Strike","Sentinel"],"picked":"True Grit","floor":5},{"not_picked":["Twin Strike","Evolve"],"picked":"Limit Break","floor":7},{"not_picked":["Corruption","Wild Strike"],"picked":"Inflame","floor":8},{"not_picked":["Uppercut","Hemokinesis"],"picked":"True Grit","floor":12},{"not_picked":["Double Tap","Brutality"],"picked":"Immolate","floor":16},{"not_picked":["Wild Strike","Clash"],"picked":"Heavy Blade","floor":18}],"player_experience":1780637,"relics_obtained":[{"floor":7,"key":"Potion Belt"},{"floor":9,"key":"Bag of Preparation"},{"floor":12,"key":"Boot"}],"event_choices":[{"damage_healed":0,"gold_gain":0,"player_choice":"Upgraded","damage_taken":0,"max_hp_gain":0,"max_hp_loss":0,"event_name":"Upgrade Shrine","floor":2,"gold_loss":0,"cards_upgraded":["Bash"]},{"damage_healed":0,"gold_gain":150,"player_choice":"AGREE","damage_taken":0,"max_hp_gain":0,"max_hp_loss":0,"event_name":"Liars Game","floor":10,"gold_loss":0,"cards_obtained":["Doubt"]},{"damage_healed":0,"gold_gain":75,"player_choice":"Gather Gold","damage_taken":11,"max_hp_gain":0,"max_hp_loss":0,"event_name":"World of Goop","floor":11,"gold_loss":0},{"damage_healed":0,"gold_gain":0,"player_choice":"0 cards matched","damage_taken":0,"max_hp_gain":0,"max_hp_loss":0,"event_name":"Match and Keep!","floor":20,"gold_loss":0,"cards_obtained":[]},{"damage_healed":0,"gold_gain":0,"player_choice":"Joined the Cult","damage_taken":6,"max_hp_gain":0,"max_hp_loss":0,"event_name":"Nest","floor":22,"gold_loss":0,"cards_obtained":["RitualDagger"]}],"is_beta":false,"boss_relics":[{"not_picked":["Coffee Dripper","Black Star"],"picked":"Velvet Choker"}],"items_purged_floors":[14],"is_endless":false,"potions_floor_spawned":[4,5,18],"killed_by":"Chosen","ascension_level":20}