{"gold_per_floor":[110,127,52,52,64,64,64,96,175,191,208,208,20,30,30,108,108,125,135,59,74,74,74],"floor_reached":23,"playtime":953,"items_purged":["Strike_B"],"score":386,"play_id":"5c0c6082-99ce-46bb-84b5-2ebe30d6aed7","local_time":"20190630193815","is_ascension_mode":true,"campfire_choices":[{"data":"Zap","floor":6,"key":"SMITH"},{"floor":12,"key":"REST"},{"floor":15,"key":"REST"}],"neow_cost":"TEN_PERCENT_HP_LOSS","seed_source_timestamp":549592299987663,"circlet_count":0,"master_deck":["AscendersBane","Strike_B","Defend_B","Defend_B","Defend_B","Zap+1","Dualcast","Gash","Chill","Consume","Rebound","Conserve Battery","Ball Lightning","Gash","Conserve Battery","Seek","Recycle+1","Go for the Eyes+1","Glacier","Chill"],"relics":["Cracked Core","Oddly Smooth Stone","Symbiotic Virus","Runic Pyramid"],"potions_floor_usage":[8,10,16,21],"damage_taken":[{"damage":0,"enemies":"Small Slimes","floor":1,"turns":4},{"damage":4,"enemies":"2 Louse","floor":2,"turns":3},{"damage":0,"enemies":"Cultist","floor":5,"turns":3},{"damage":36,"enemies":"Gremlin Nob","floor":8,"turns":4},{"damage":6,"enemies":"Exordium Thugs","floor":10,"turns":3},{"damage":8,"enemies":"Exordium Wildlife","floor":11,"turns":6},{"damage":0,"enemies":"3 Louse","floor":14,"turns":4},{"damage":5,"enemies":"Slime Boss","floor":16,"turns":5},{"damage":4,"enemies":"3 Byrds","floor":18,"turns":5},{"damage":12,"enemies":"Chosen","floor":19,"turns":4},{"damage":19,"enemies":"Centurion and Healer","floor":21,"turns":11},{"damage":40,"enemies":"Book of Stabbing","floor":23,"turns":4}],"seed_played":"-504020582112060499","potions_obtained":[{"floor":5,"key":"EssenceOfSteel"},{"floor":7,"key":"Dexterity Potion"},{"floor":8,"key":"SkillPotion"},{"floor":11,"key":"EssenceOfSteel"},{"floor":16,"key":"Regen Potion"}],"is_trial":false,"path_per_floor":["M","M","?","?","M","R","?","E","T","M","M","R","$","M","R","B",null,"M","M","$","M","?","E"],"character_chosen":"DEFECT","items_purchased":["Gash","Fire Potion","Glacier"],"campfire_rested":2,"item_purchase_floors":[13,13,20],"current_hp_per_floor":[64,60,60,55,55,55,55,19,19,13,5,24,24,24,43,38,58,54,42,42,38,38,0],"gold":74,"neow_bonus":"REMOVE_TWO","is_prod":false,"is_daily":false,"chose_seed":false,"campfire_upgraded":1,"win_rate":0,"timestamp":1561941495,"path_taken":["M","M","?","?","M","R","?","E","T","M","?","R","$","M","R","BOSS","M","M","$","M","?","E"],"build_version":"2019-06-29","purchased_purges":1,"victory":false,"max_hp_per_floor":[64,64,64,64,64,64,64,64,64,64,64,64,64,64,64,64,64,64,64,64,64,64,64],"card_choices":[{"not_picked":["Tempest","Hologram"],"picked":"Gash","floor":1},{"not_picked":["Skim","Double Energy"],"picked":"Chill","floor":2},{"not_picked":["Recycle","Steam"],"picked":"Consume","floor":5},{"not_picked":["Turbo","Redo"],"picked":"Rebound","floor":8},{"not_picked":["Turbo","Barrage"],"picked":"Conserve Battery","floor":10},{"not_picked":["Beam Cell","Rebound"],"picked":"Ball Lightning","floor":11},{"not_picked":["Beam Cell","Leap"],"picked":"Conserve Battery","floor":14},{"not_picked":["Creative AI","Reboot"],"picked":"Seek","floor":16},{"not_picked":["Rebound","Force Field"],"picked":"Recycle+1","floor":18},{"not_picked":["Coolheaded","Skim"],"picked":"Go for the Eyes+1","floor":19},{"not_picked":["Beam Cell","Steam"],"picked":"Chill","floor":21}],"player_experience":1605809,"relics_obtained":[{"floor":9,"key":"Symbiotic Virus"}],"event_choices":[{"cards_removed":["Defend_B"],"damage_healed":0,"gold_gain":0,"player_choice":"Card Removal","damage_taken":0,"max_hp_gain":0,"max_hp_loss":0,"event_name":"The Cleric","floor":3,"gold_loss":75},{"damage_healed":0,"gold_gain":0,"player_choice":"Success","damage_taken":5,"relics_obtained":["Oddly Smooth Stone"],"max_hp_gain":0,"max_hp_loss":0,"event_name":"Scrap Ooze","floor":4,"gold_loss":0},{"damage_healed":0,"gold_gain":0,"player_choice":"Got Potions","damage_taken":0,"max_hp_gain":0,"max_hp_loss":0,"event_name":"Lab","floor":7,"gold_loss":0},{"damage_healed":0,"gold_gain":0,"player_choice":"Ignored","damage_taken":0,"max_hp_gain":0,"max_hp_loss":0,"event_name":"The Mausoleum","floor":22,"gold_loss":0}],"is_beta":true,"boss_relics":[{"not_picked":["Busted Crown","Eternal Feather"],"picked":"Runic Pyramid"}],"items_purged_floors":[13],"is_endless":false,"potions_floor_spawned":[5,8,11,16,19],"killed_by":"Book of Stabbing","ascension_level":20}