{"gold_per_floor":[115,40,55,73,88,88,122,122,122,122,122,149,161,161,161,264,264,244,244,4,14,14,14,49,49,49,148,77,77,77,92,92,92],"floor_reached":33,"playtime":2403,"items_purged":["Strike_B"],"score":296,"play_id":"d789e509-00d4-46f8-aa37-228aabefabea","local_time":"20190709205545","is_ascension_mode":false,"campfire_choices":[{"data":"Genetic Algorithm","floor":6,"key":"SMITH"},{"floor":8,"key":"REST"},{"floor":10,"key":"REST"},{"data":"Rainbow","floor":15,"key":"SMITH"},{"data":"Dualcast","floor":23,"key":"SMITH"},{"data":"Strike_B","floor":25,"key":"PURGE"},{"floor":32,"key":"REST"}],"neow_cost":"NONE","seed_source_timestamp":1975201641978600,"circlet_count":0,"master_deck":["Defend_B","Defend_B","Defend_B+1","Defend_B+1","Zap","Dualcast+1","Machine Learning","Coolheaded","Streamline","Genetic Algorithm+1","Go for the Eyes","Blizzard","Rainbow+1","Beam Cell","Conserve Battery","Amplify+1","Scrape","Chaos+1","Go for the Eyes","Ghostly+1","Ghostly+1","Ghostly+1","Ghostly+1","Ghostly+1","Recycle+1","Blizzard","Fusion+1"],"relics":["Cracked Core","Bag of Marbles","Gremlin Horn","Nunchaku","Toxic Egg 2","Inserter","Mummified Hand","Peace Pipe","Matryoshka","War Paint","Shuriken"],"potions_floor_usage":[12,16,24],"damage_taken":[{"damage":15,"enemies":"Jaw Worm","floor":1,"turns":4},{"damage":0,"enemies":"Cultist","floor":3,"turns":4},{"damage":4,"enemies":"2 Louse","floor":4,"turns":3},{"damage":13,"enemies":"Exordium Wildlife","floor":5,"turns":7},{"damage":28,"enemies":"Gremlin Nob","floor":7,"turns":5},{"damage":20,"enemies":"3 Sentries","floor":12,"turns":7},{"damage":0,"enemies":"Looter","floor":13,"turns":3},{"damage":15,"enemies":"The Guardian","floor":16,"turns":11},{"damage":27,"enemies":"2 Thieves","floor":18,"turns":4},{"damage":18,"enemies":"3 Byrds","floor":21,"turns":6},{"damage":4,"enemies":"Slavers","floor":24,"turns":8},{"damage":14,"enemies":"Snecko","floor":31,"turns":8},{"damage":26,"enemies":"Collector","floor":33,"turns":7}],"seed_played":"-6730461576516829378","potions_obtained":[{"floor":7,"key":"Regen Potion"},{"floor":12,"key":"PowerPotion"},{"floor":13,"key":"SneckoOil"},{"floor":21,"key":"AttackPotion"},{"floor":24,"key":"SteroidPotion"},{"floor":31,"key":"Dexterity Potion"}],"is_trial":false,"path_per_floor":["M","$","M","M","M","R","E","R","T","R","?","E","M","T","R","B",null,"M","?","$","M","?","R","E","R","T","?","$","?","T","M","R","B"],"character_chosen":"DEFECT","items_purchased":["Mummified Hand","Blizzard"],"campfire_rested":3,"item_purchase_floors":[20,28],"current_hp_per_floor":[60,60,60,56,43,43,15,37,37,59,59,54,54,54,54,39,75,48,48,48,30,30,30,26,26,26,26,26,26,26,12,23,0],"gold":92,"neow_bonus":"ONE_RANDOM_RARE_CARD","is_prod":false,"is_daily":false,"chose_seed":false,"campfire_upgraded":3,"win_rate":0.0,"timestamp":1562720145,"path_taken":["M","$","M","M","M","R","E","R","T","R","?","E","?","?","R","BOSS","M","?","$","M","?","R","E","R","T","?","$","?","?","?","R","BOSS"],"build_version":"2019-07-05","purchased_purges":1,"victory":false,"max_hp_per_floor":[75,75,75,75,75,75,75,75,75,75,75,75,75,75,75,75,75,75,75,75,75,37,37,37,37,37,37,37,37,37,37,37,37],"card_choices":[{"not_picked":["Stack","Ball Lightning"],"picked":"Coolheaded","floor":1},{"not_picked":["Gash","Stack"],"picked":"Streamline","floor":3},{"not_picked":["Stack","Darkness"],"picked":"Genetic Algorithm","floor":4},{"not_picked":["Gash","Glacier"],"picked":"Go for the Eyes","floor":5},{"not_picked":["Streamline","Fission"],"picked":"Blizzard","floor":7},{"not_picked":["Cold Snap","Genetic Algorithm"],"picked":"Beam Cell","floor":12},{"not_picked":["Compile Driver","Sunder"],"picked":"Conserve Battery","floor":13},{"not_picked":["Machine Learning","Buffer"],"picked":"Amplify+1","floor":16},{"not_picked":["Hello World+1","BootSequence+1"],"picked":"Scrape","floor":18},{"not_picked":["Compile Driver","Auto Shields+1"],"picked":"Go for the Eyes","floor":21},{"not_picked":["Beam Cell","Streamline"],"picked":"Recycle+1","floor":24},{"not_picked":["Go for the Eyes","White Noise+1"],"picked":"Fusion+1","floor":31}],"player_experience":145646,"relics_obtained":[{"floor":7,"key":"Bag of Marbles"},{"floor":9,"key":"Gremlin Horn"},{"floor":12,"key":"Nunchaku"},{"floor":14,"key":"Toxic Egg 2"},{"floor":24,"key":"Peace Pipe"},{"floor":26,"key":"Matryoshka"},{"floor":30,"key":"War Paint"},{"floor":30,"key":"Shuriken"}],"event_choices":[{"damage_healed":0,"gold_gain":0,"cards_transformed":["Strike_B"],"player_choice":"Transformed","damage_taken":0,"max_hp_gain":0,"max_hp_loss":0,"event_name":"Transmorgrifier","floor":11,"gold_loss":0,"cards_obtained":["Rainbow"]},{"damage_healed":0,"gold_gain":0,"player_choice":"Read","damage_taken":0,"max_hp_gain":0,"max_hp_loss":0,"event_name":"The Library","floor":19,"gold_loss":0,"cards_obtained":["Chaos"]},{"damage_healed":0,"gold_gain":0,"player_choice":"Became a Ghost","damage_taken":0,"max_hp_gain":0,"max_hp_loss":38,"event_name":"Ghosts","floor":22,"gold_loss":0,"cards_obtained":["Ghostly","Ghostly","Ghostly","Ghostly","Ghostly"]},{"damage_healed":0,"gold_gain":99,"player_choice":"Stole From Cult","damage_taken":0,"max_hp_gain":0,"max_hp_loss":0,"event_name":"Nest","floor":27,"gold_loss":0},{"cards_removed":["Strike_B"],"damage_healed":0,"gold_gain":0,"player_choice":"Elegance","damage_taken":0,"max_hp_gain":0,"max_hp_loss":0,"event_name":"Back to Basics","floor":29,"gold_loss":0}],"is_beta":false,"boss_relics":[{"not_picked":["Orrery","Sozu"],"picked":"Inserter"}],"items_purged_floors":[2],"is_endless":false,"potions_floor_spawned":[7,12,13,21,24,31],"killed_by":"Collector","ascension_level":0}