{"gold_per_floor":[109,13,25,25,25,58,58,83,83,83,95,95,129,139,139,215,215,231,242,167,178,20,37,62,5,57,57,85,85,117,128,128,204,204,218,218,218,218,1217,1217],"floor_reached":40,"playtime":2072,"items_purged":["Strike_G"],"score":1120,"play_id":"0d113727-eda8-4323-9ed1-8a10bd15d14b","local_time":"20190702001406","is_ascension_mode":true,"campfire_choices":[{"data":"Caltrops","floor":7,"key":"SMITH"},{"floor":12,"key":"REST"},{"data":"Leg Sweep","floor":15,"key":"SMITH"},{"data":"After Image","floor":27,"key":"SMITH"},{"data":"Cloak And Dagger","floor":32,"key":"SMITH"}],"neow_cost":"NONE","seed_source_timestamp":651423613516387,"circlet_count":0,"master_deck":["AscendersBane","Defend_G","Defend_G","Defend_G","Defend_G","Survivor","Neutralize","PiercingWail","Caltrops+1","Infinite Blades","Leg Sweep+1","All Out Attack+1","Choke","Backstab","PiercingWail","After Image+1","Escape Plan","Backflip","Blade Dance+1","Footwork","Cloak And Dagger+1","Finisher","Writhe","Bouncing Flask+1","Endless Agony","Distraction+1","Escape Plan+1","Acrobatics+1","Doppelganger+1","Pain","Shame","Writhe","Caltrops","Normality","Normality","Normality"],"relics":["Ring of the Snake","NeowsBlessing","Blue Candle","Bird Faced Urn","Mummified Hand","The Specimen","Cursed Key","Bag of Preparation","Happy Flower","Toxic Egg 2","Torii","Calling Bell","Bag of Marbles","Letter Opener","Girya","Meat on the Bone"],"potions_floor_usage":[8,8,24,28,33,33],"damage_taken":[{"damage":0,"enemies":"Jaw Worm","floor":1,"turns":1},{"damage":0,"enemies":"2 Louse","floor":3,"turns":1},{"damage":0,"enemies":"3 Sentries","floor":6,"turns":2},{"damage":42,"enemies":"Gremlin Nob","floor":8,"turns":5},{"damage":0,"enemies":"Small Slimes","floor":11,"turns":4},{"damage":17,"enemies":"3 Sentries","floor":13,"turns":7},{"damage":1,"enemies":"Blue Slaver","floor":14,"turns":4},{"damage":11,"enemies":"The Guardian","floor":16,"turns":15},{"damage":7,"enemies":"3 Byrds","floor":18,"turns":2},{"damage":0,"enemies":"Chosen","floor":19,"turns":5},{"damage":3,"enemies":"Centurion and Healer","floor":21,"turns":10},{"damage":1,"enemies":"Snake Plant","floor":23,"turns":6},{"damage":7,"enemies":"Book of Stabbing","floor":24,"turns":5},{"damage":2,"enemies":"Slavers","floor":28,"turns":5},{"damage":7,"enemies":"Book of Stabbing","floor":30,"turns":4},{"damage":2,"enemies":"Snecko","floor":31,"turns":6},{"damage":22,"enemies":"Collector","floor":33,"turns":11},{"damage":2,"enemies":"3 Shapes","floor":35,"turns":2},{"damage":82,"enemies":"Reptomancer","floor":40,"turns":5}],"seed_played":"3950261487851921280","potions_obtained":[{"floor":1,"key":"Poison Potion"},{"floor":8,"key":"Weak Potion"},{"floor":16,"key":"LiquidBronze"},{"floor":23,"key":"Energy Potion"},{"floor":24,"key":"GamblersBrew"},{"floor":31,"key":"Swift Potion"}],"is_trial":false,"path_per_floor":["M","$","M","?","?","E","R","E","T","?","M","R","E","M","R","B",null,"M","M","?","M","$","M","E","$","T","R","E","?","E","M","R","B",null,"M","?","?","T","?","E"],"character_chosen":"THE_SILENT","items_purchased":["Caltrops","PowerPotion","Footwork","SteroidPotion"],"campfire_rested":1,"item_purchase_floors":[2,2,22,25],"current_hp_per_floor":[59,59,59,64,57,57,57,15,15,15,17,38,25,28,28,21,59,54,60,60,63,63,70,65,65,65,65,71,71,67,71,71,50,66,70,70,70,70,70,0],"gold":1217,"neow_bonus":"THREE_ENEMY_KILL","is_prod":false,"is_daily":false,"chose_seed":false,"campfire_upgraded":4,"win_rate":0,"timestamp":1562044446,"path_taken":["M","$","M","?","?","E","R","E","T","?","M","R","E","M","R","BOSS","M","M","?","M","$","M","E","?","T","R","E","?","E","M","R","BOSS","M","?","?","?","?","E"],"build_version":"2019-06-30","purchased_purges":1,"victory":false,"max_hp_per_floor":[66,66,66,71,71,71,71,71,71,71,71,71,71,71,71,71,71,71,71,71,71,71,71,71,71,71,71,71,71,71,71,71,71,71,71,71,71,71,71,71],"card_choices":[{"not_picked":["Escape Plan","Prepared"],"picked":"PiercingWail","floor":1},{"not_picked":["Blade Dance","Deflect"],"picked":"Infinite Blades","floor":3},{"not_picked":["Accuracy","Blade Dance"],"picked":"Leg Sweep","floor":6},{"not_picked":["Prepared","Quick Slash"],"picked":"All Out Attack","floor":8},{"not_picked":["Riddle With Holes","Acrobatics"],"picked":"Choke","floor":11},{"not_picked":["PiercingWail","Concentrate"],"picked":"Backstab","floor":13},{"not_picked":["Backflip","Dodge and Roll"],"picked":"PiercingWail","floor":14},{"not_picked":["Unload","Die Die Die"],"picked":"After Image","floor":16},{"not_picked":["Dagger Throw","Slice"],"picked":"Escape Plan","floor":18},{"not_picked":["Bane","Caltrops"],"picked":"Backflip","floor":19},{"not_picked":["Eviscerate","Heel Hook"],"picked":"Blade Dance+1","floor":21},{"not_picked":["Infinite Blades","Accuracy"],"picked":"Cloak And Dagger","floor":23},{"not_picked":["Distraction","Blade Dance"],"picked":"Finisher","floor":24},{"not_picked":["Bane","Dagger Throw"],"picked":"Bouncing Flask","floor":28},{"not_picked":["Sucker Punch","Backstab"],"picked":"Escape Plan+1","floor":30},{"not_picked":["Bane+1","Accuracy"],"picked":"Acrobatics+1","floor":31},{"not_picked":["Phantasmal Killer+1","Grand Finale"],"picked":"Doppelganger+1","floor":33},{"not_picked":["Deflect+1","Bane+1"],"picked":"Caltrops","floor":35}],"player_experience":1639689,"relics_obtained":[{"floor":6,"key":"Blue Candle"},{"floor":8,"key":"Bird Faced Urn"},{"floor":9,"key":"Mummified Hand"},{"floor":13,"key":"The Specimen"},{"floor":24,"key":"Bag of Preparation"},{"floor":26,"key":"Happy Flower"},{"floor":28,"key":"Toxic Egg 2"},{"floor":30,"key":"Torii"},{"floor":34,"key":"Bag of Marbles"},{"floor":34,"key":"Letter Opener"},{"floor":34,"key":"Girya"},{"floor":38,"key":"Meat on the Bone"}],"event_choices":[{"damage_healed":0,"gold_gain":0,"player_choice":"Donut","damage_taken":0,"max_hp_gain":5,"max_hp_loss":0,"event_name":"Big Fish","floor":4,"gold_loss":0},{"cards_removed":["Strike_G"],"damage_healed":0,"gold_gain":0,"player_choice":"Card Removal","damage_taken":7,"max_hp_gain":0,"max_hp_loss":0,"event_name":"Golden Wing","floor":5,"gold_loss":0},{"damage_healed":0,"gold_gain":0,"player_choice":"Grow","damage_taken":0,"max_hp_gain":0,"max_hp_loss":0,"event_name":"Living Wall","floor":10,"gold_loss":0,"cards_upgraded":["All Out Attack"]},{"cards_removed":["Strike_G"],"damage_healed":0,"gold_gain":0,"player_choice":"Gave Gold","damage_taken":0,"max_hp_gain":0,"max_hp_loss":0,"event_name":"Beggar","floor":20,"gold_loss":75},{"damage_healed":0,"gold_gain":0,"cards_transformed":["Strike_G","Strike_G"],"player_choice":"Became Test Subject","damage_taken":0,"max_hp_gain":0,"max_hp_loss":0,"event_name":"Drug Dealer","floor":29,"gold_loss":0,"cards_obtained":["Endless Agony","Distraction"]},{"cards_removed":["Defend_G"],"damage_healed":0,"gold_gain":0,"player_choice":"Removed Skill","damage_taken":0,"max_hp_gain":0,"max_hp_loss":0,"event_name":"Falling","floor":36,"gold_loss":0},{"damage_healed":0,"gold_gain":0,"player_choice":"Ignored","damage_taken":0,"max_hp_gain":0,"max_hp_loss":0,"event_name":"Tomb of Lord Red Mask","floor":37,"gold_loss":0},{"damage_healed":0,"gold_gain":999,"player_choice":"Gold","damage_taken":0,"max_hp_gain":0,"max_hp_loss":0,"event_name":"MindBloom","floor":39,"gold_loss":0,"cards_obtained":["Normality","Normality"]}],"is_beta":true,"boss_relics":[{"not_picked":["Runic Dome","HoveringKite"],"picked":"Cursed Key"},{"not_picked":["Busted Crown","Sozu"],"picked":"Calling Bell"}],"items_purged_floors":[22],"is_endless":false,"potions_floor_spawned":[1,3,8,16,23,24,31],"killed_by":"Reptomancer","ascension_level":20}