{"gold_per_floor":[110,126,137,156,174,174,174,174,245,345,365,540,540,540,540,641,641,656,606,618,697,708,708,708,708,708,708,162,87,87,104,104,206,256,276,296,21,35,35,35],"floor_reached":40,"playtime":2841,"items_purged":[],"score":426,"play_id":"df897e5f-a22a-492c-840f-a8286a63fe02","local_time":"20190704161311","is_ascension_mode":false,"campfire_choices":[{"data":"Catalyst","floor":6,"key":"SMITH"},{"floor":8,"key":"REST"},{"data":"Backstab","floor":15,"key":"SMITH"},{"floor":23,"key":"REST"},{"data":"Night Terror","floor":25,"key":"SMITH"},{"data":"Catalyst","floor":30,"key":"SMITH"},{"data":"Magnetism","floor":32,"key":"SMITH"}],"neow_cost":"NONE","seed_source_timestamp":1525802588844800,"circlet_count":0,"master_deck":["Strike_G","Defend_G","Defend_G","Defend_G","Defend_G","Defend_G","Survivor","Neutralize","Deadly Poison+1","Catalyst+1","Deflect+1","Flying Knee","Well Laid Plans","Backstab+1","Night Terror+1","Adrenaline+1","Crippling Poison+1","Endless Agony+1","Prepared","Backstab","PiercingWail+1","Catalyst+1","Deadly Poison","Backstab+1","Caltrops","Magnetism+1","Bane","Bullet Time","Outmaneuver+1","Backstab+1","Footwork","Acrobatics+1","Apotheosis"],"relics":["Eternal Feather","The Specimen","Bottled Tornado","Astrolabe","Kunai","Ninja Scroll","Snake Skull","Tiny House","Toolbox"],"potions_floor_usage":[16,18,22,31,33,35,35,36,38,38],"damage_taken":[{"damage":9,"enemies":"Cultist","floor":1,"turns":5},{"damage":2,"enemies":"Jaw Worm","floor":2,"turns":5},{"damage":0,"enemies":"Small Slimes","floor":3,"turns":3},{"damage":1,"enemies":"3 Louse","floor":4,"turns":4},{"damage":2,"enemies":"2 Fungi Beasts","floor":5,"turns":5},{"damage":19,"enemies":"Exordium Thugs","floor":11,"turns":5},{"damage":25,"enemies":"The Guardian","floor":16,"turns":12},{"damage":3,"enemies":"Shell Parasite","floor":18,"turns":4},{"damage":10,"enemies":"Chosen","floor":20,"turns":3},{"damage":24,"enemies":"Snake Plant","floor":22,"turns":3},{"damage":0,"enemies":"Centurion and Healer","floor":31,"turns":3},{"damage":27,"enemies":"Champ","floor":33,"turns":5},{"damage":19,"enemies":"3 Shapes","floor":35,"turns":3},{"damage":15,"enemies":"Orb Walker","floor":36,"turns":2},{"damage":34,"enemies":"Transient","floor":38,"turns":5},{"damage":12,"enemies":"Nemesis","floor":40,"turns":1}],"seed_played":"2574817538885215874","potions_obtained":[{"floor":3,"key":"SteroidPotion"},{"floor":5,"key":"Fire Potion"},{"floor":11,"key":"Weak Potion"},{"floor":16,"key":"PowerPotion"},{"floor":18,"key":"Swift Potion"},{"floor":31,"key":"Regen Potion"},{"floor":33,"key":"Swift Potion"},{"floor":34,"key":"SkillPotion"},{"floor":35,"key":"SteroidPotion"},{"floor":36,"key":"GamblersBrew"}],"is_trial":false,"path_per_floor":["M","M","M","M","M","R","?","R","T","?","M","?","?","?","R","B",null,"M","?","M","T","M","R","?","R","T","?","$","?","R","M","R","B",null,"M","M","$","M","?","E"],"character_chosen":"THE_SILENT","items_purchased":["Snake Skull","Deadly Poison","Backstab","Caltrops","Magnetism","Toolbox","Footwork"],"campfire_rested":2,"item_purchase_floors":[28,28,28,28,28,37,37],"current_hp_per_floor":[61,59,59,58,56,65,40,70,70,70,51,51,51,51,60,35,70,67,67,57,57,33,66,66,70,70,70,70,70,70,70,70,53,75,56,41,41,7,7,0],"gold":35,"neow_bonus":"BOSS_RELIC","is_prod":false,"is_daily":false,"chose_seed":false,"campfire_upgraded":5,"win_rate":0.0,"timestamp":1562271191,"path_taken":["M","?","M","M","M","R","?","R","T","?","?","?","?","?","R","BOSS","M","?","?","?","M","R","?","R","T","?","$","?","R","M","R","BOSS","M","M","$","M","?","E"],"build_version":"2019-07-01","purchased_purges":0,"victory":false,"max_hp_per_floor":[70,70,70,70,70,70,70,70,70,70,70,70,70,70,70,70,70,70,70,70,70,70,70,70,70,70,70,70,70,70,70,70,70,75,75,75,75,75,75,75],"card_choices":[{"not_picked":["Flechettes","Masterful Stab"],"picked":"Deadly Poison","floor":1},{"not_picked":["Poisoned Stab","Reflex"],"picked":"Catalyst","floor":2},{"not_picked":["Underhanded Strike","Distraction"],"picked":"Deflect","floor":3},{"not_picked":["Predator","Backflip"],"picked":"Flying Knee","floor":4},{"not_picked":["Prepared","Flechettes"],"picked":"Well Laid Plans","floor":5},{"not_picked":["PiercingWail","Blade Dance"],"picked":"Backstab","floor":11},{"not_picked":["Die Die Die","Glass Knife"],"picked":"Night Terror","floor":16},{"not_picked":["Heel Hook","Underhanded Strike"],"picked":"Prepared","floor":18},{"not_picked":["Flying Knee+1","Deflect"],"picked":"Backstab","floor":20},{"not_picked":["Dagger Throw","Bouncing Flask"],"picked":"PiercingWail+1","floor":22},{"not_picked":["Prepared","Reflex"],"picked":"Bane","floor":31},{"not_picked":["Wraith Form v2","Unload"],"picked":"Bullet Time","floor":33},{"not_picked":["Deflect+1","Quick Slash"],"picked":"Outmaneuver+1","floor":35},{"not_picked":["Crippling Poison","Dagger Spray"],"picked":"Backstab+1","floor":36},{"not_picked":["Flying Knee+1","Poisoned Stab"],"picked":"Acrobatics+1","floor":38},{"not_picked":["Bandage Up","PanicButton"],"picked":"Apotheosis","floor":39}],"player_experience":37900,"relics_obtained":[{"floor":9,"key":"Bottled Tornado"},{"floor":21,"key":"Kunai"},{"floor":26,"key":"Ninja Scroll"}],"event_choices":[{"damage_healed":0,"gold_gain":0,"player_choice":"Success","damage_taken":25,"relics_obtained":["The Specimen"],"max_hp_gain":0,"max_hp_loss":0,"event_name":"Scrap Ooze","floor":7,"gold_loss":0},{"damage_healed":0,"gold_gain":100,"player_choice":"Pray","damage_taken":0,"max_hp_gain":0,"max_hp_loss":0,"event_name":"Golden Shrine","floor":10,"gold_loss":0},{"damage_healed":0,"gold_gain":175,"player_choice":"AGREE","damage_taken":0,"max_hp_gain":0,"max_hp_loss":0,"event_name":"Liars Game","floor":12,"gold_loss":0,"cards_obtained":["Doubt"]},{"damage_healed":0,"gold_gain":0,"player_choice":"Grow","damage_taken":0,"max_hp_gain":0,"max_hp_loss":0,"event_name":"Living Wall","floor":13,"gold_loss":0,"cards_upgraded":["Deadly Poison"]},{"damage_healed":0,"gold_gain":0,"player_choice":"Forge","damage_taken":0,"max_hp_gain":0,"max_hp_loss":0,"event_name":"Accursed Blacksmith","floor":14,"gold_loss":0,"cards_upgraded":["Deflect"]},{"damage_healed":0,"gold_gain":0,"player_choice":"Bet on Murderer","damage_taken":0,"max_hp_gain":0,"max_hp_loss":0,"event_name":"The Joust","floor":19,"gold_loss":50},{"cards_removed":["Doubt"],"damage_healed":0,"gold_gain":0,"player_choice":"Elegance","damage_taken":0,"max_hp_gain":0,"max_hp_loss":0,"event_name":"Back to Basics","floor":24,"gold_loss":0},{"damage_healed":0,"gold_gain":0,"player_choice":"Read","damage_taken":0,"max_hp_gain":0,"max_hp_loss":0,"event_name":"The Library","floor":27,"gold_loss":0,"cards_obtained":["Catalyst"]},{"cards_removed":["Strike_G"],"damage_healed":0,"gold_gain":0,"player_choice":"Gave Gold","damage_taken":0,"max_hp_gain":0,"max_hp_loss":0,"event_name":"Beggar","floor":29,"gold_loss":75},{"damage_healed":0,"gold_gain":0,"player_choice":"Memory 1","damage_taken":0,"max_hp_gain":0,"max_hp_loss":0,"event_name":"SensoryStone","floor":39,"gold_loss":0}],"is_beta":false,"boss_relics":[{"not_picked":["Black Star","Empty Cage"],"picked":"Astrolabe"},{"not_picked":["Sozu","HoveringKite"],"picked":"Tiny House"}],"items_purged_floors":[],"is_endless":false,"potions_floor_spawned":[3,5,11,16,18,31,33,35,36],"killed_by":"Nemesis","ascension_level":0}