{"gold_per_floor":[116,116,136,136,150,150,164,164,238,261,68,88,106,127,127,258,258,273,88,101,124,143,143,156,171,171,171,171,171,171,186,186,312,312,328,328,328,328,352,352],"floor_reached":40,"playtime":3551,"items_purged":["Writhe"],"score":384,"play_id":"604544c0-f8b9-4a16-a6df-39625807a8a8","local_time":"20190630133855","is_ascension_mode":false,"campfire_choices":[{"data":"Flame Barrier","floor":6,"key":"SMITH"},{"data":"Combust","floor":8,"key":"SMITH"},{"data":"Armaments","floor":15,"key":"SMITH"},{"floor":23,"key":"REST"},{"floor":29,"key":"REST"},{"data":"Limit Break","floor":32,"key":"SMITH"}],"neow_cost":"NONE","seed_source_timestamp":5065732310185,"circlet_count":0,"master_deck":["Strike_R","Strike_R","Strike_R","Strike_R","Defend_R","Bash","Iron Wave","Flame Barrier+1","Headbutt","Combust+1","Armaments+1","Flash of Steel","Iron Wave","Bludgeon","Anger","Limit Break+1","Sword Boomerang+1","Burning Pact+1","Shrug It Off+1","Good Instincts","Iron Wave","Spot Weakness","Cleave+1","Perfected Strike","Warcry+1","Burning Pact","Body Slam","Barricade","Carnage","Writhe","Pommel Strike"],"relics":["Burning Blood","Golden Idol","Meat on the Bone","Astrolabe","Dodecahedron","Bag of Preparation","Snecko Eye"],"potions_floor_usage":[12,21,22,33,33,33,33,33,33,40,40],"damage_taken":[{"damage":0,"enemies":"2 Louse","floor":1,"turns":3},{"damage":8,"enemies":"Jaw Worm","floor":3,"turns":4},{"damage":7,"enemies":"Small Slimes","floor":5,"turns":4},{"damage":4,"enemies":"Blue Slaver","floor":7,"turns":4},{"damage":7,"enemies":"3 Louse","floor":10,"turns":3},{"damage":9,"enemies":"2 Fungi Beasts","floor":12,"turns":5},{"damage":2,"enemies":"Looter","floor":13,"turns":4},{"damage":9,"enemies":"3 Louse","floor":14,"turns":4},{"damage":41,"enemies":"Slime Boss","floor":16,"turns":9},{"damage":14,"enemies":"Spheric Guardian","floor":18,"turns":4},{"damage":13,"enemies":"2 Thieves","floor":20,"turns":4},{"damage":13,"enemies":"Chosen and Byrds","floor":21,"turns":4},{"damage":25,"enemies":"3 Cultists","floor":22,"turns":5},{"damage":42,"enemies":"Snake Plant","floor":24,"turns":5},{"damage":43,"enemies":"Centurion and Healer","floor":25,"turns":9},{"damage":6,"enemies":"Chosen and Byrds","floor":31,"turns":4},{"damage":80,"enemies":"Automaton","floor":33,"turns":8},{"damage":29,"enemies":"3 Darklings","floor":35,"turns":4},{"damage":0,"enemies":"Orb Walker","floor":39,"turns":2},{"damage":93,"enemies":"Reptomancer","floor":40,"turns":4}],"seed_played":"4370148891165865038","potions_obtained":[{"floor":12,"key":"SneckoOil"},{"floor":13,"key":"BloodPotion"},{"floor":20,"key":"EntropicBrew"},{"floor":21,"key":"Ancient Potion"},{"floor":25,"key":"Poison Potion"},{"floor":31,"key":"Fire Potion"},{"floor":33,"key":"GamblersBrew"},{"floor":39,"key":"SpeedPotion"}],"is_trial":false,"path_per_floor":["M","?","M","?","M","R","M","R","T","M","$","M","M","M","R","B",null,"M","$","M","M","M","R","M","M","T","?","?","R","?","M","R","B",null,"M","?","?","?","M","E"],"character_chosen":"IRONCLAD","items_purchased":["Fruit Juice","Flash of Steel","Good Instincts","Iron Wave"],"campfire_rested":2,"item_purchase_floors":[11,11,19,19],"current_hp_per_floor":[88,81,79,79,78,78,80,80,80,79,79,81,85,82,82,59,93,85,85,78,80,61,88,64,39,39,39,39,66,93,93,93,40,93,70,70,70,93,93,0],"gold":352,"neow_bonus":"TEN_PERCENT_HP_BONUS","is_prod":false,"is_daily":false,"chose_seed":false,"campfire_upgraded":4,"win_rate":0.0,"timestamp":1561898335,"path_taken":["M","?","M","?","M","R","M","R","T","M","$","M","M","M","R","BOSS","M","$","M","M","M","R","M","M","T","?","?","R","?","M","R","BOSS","M","?","?","?","M","E"],"build_version":"2019-01-23","purchased_purges":1,"victory":false,"max_hp_per_floor":[88,88,88,88,88,88,88,88,88,88,88,93,93,93,93,93,93,93,93,93,93,93,93,93,93,93,93,93,93,93,93,93,93,93,93,93,93,93,93,93],"card_choices":[{"not_picked":["True Grit","Sword Boomerang"],"picked":"Iron Wave","floor":1},{"not_picked":["Warcry","Bloodletting"],"picked":"Flame Barrier","floor":3},{"not_picked":["Iron Wave","Sword Boomerang"],"picked":"Headbutt","floor":5},{"not_picked":["Heavy Blade","Entrench"],"picked":"Combust","floor":7},{"not_picked":["Flex","Reckless Charge"],"picked":"Armaments","floor":10},{"not_picked":["Headbutt","Entrench"],"picked":"Iron Wave","floor":12},{"not_picked":["Carnage","Disarm"],"picked":"Bludgeon","floor":13},{"not_picked":["Flex","Shrug It Off"],"picked":"Anger","floor":14},{"not_picked":["Offering","Fiend Fire"],"picked":"Limit Break","floor":16},{"not_picked":["Perfected Strike","True Grit"],"picked":"Shrug It Off+1","floor":18},{"not_picked":["Anger","Cleave+1"],"picked":"Spot Weakness","floor":20},{"not_picked":["Entrench+1","Shockwave"],"picked":"Cleave+1","floor":21},{"not_picked":["True Grit","Sword Boomerang"],"picked":"Perfected Strike","floor":22},{"not_picked":["Corruption","True Grit"],"picked":"Warcry+1","floor":24},{"not_picked":["Twin Strike","Shrug It Off+1"],"picked":"Burning Pact","floor":25},{"not_picked":["Cleave","Sever Soul+1"],"picked":"Body Slam","floor":31},{"not_picked":["Berserk","Impervious"],"picked":"Barricade","floor":33},{"not_picked":["Headbutt","Corruption+1"],"picked":"Carnage","floor":35},{"not_picked":["True Grit+1","Iron Wave"],"picked":"Pommel Strike","floor":39}],"player_experience":11268,"relics_obtained":[{"floor":9,"key":"Meat on the Bone"},{"floor":26,"key":"Dodecahedron"}],"event_choices":[{"cards_removed":["Defend_R"],"damage_healed":0,"gold_gain":0,"player_choice":"Card Removal","damage_taken":7,"max_hp_gain":0,"max_hp_loss":0,"event_name":"Golden Wing","floor":2,"gold_loss":0},{"damage_healed":0,"gold_gain":0,"player_choice":"Take Wound","damage_taken":0,"relics_obtained":["Golden Idol"],"max_hp_gain":0,"max_hp_loss":0,"event_name":"Golden Idol","floor":4,"gold_loss":0,"cards_obtained":["Injury"]},{"damage_healed":0,"gold_gain":0,"player_choice":"Ignored","damage_taken":0,"max_hp_gain":0,"max_hp_loss":0,"event_name":"Vampires","floor":27,"gold_loss":0},{"damage_healed":0,"gold_gain":0,"player_choice":"Opened","damage_taken":0,"relics_obtained":["Bag of Preparation"],"max_hp_gain":0,"max_hp_loss":0,"event_name":"The Mausoleum","floor":28,"gold_loss":0},{"damage_healed":31,"gold_gain":0,"player_choice":"Heal","damage_taken":0,"max_hp_gain":0,"max_hp_loss":0,"event_name":"The Library","floor":30,"gold_loss":0},{"cards_removed":["Strike_R"],"damage_healed":0,"gold_gain":0,"player_choice":"Removed Attack","damage_taken":0,"max_hp_gain":0,"max_hp_loss":0,"event_name":"Falling","floor":36,"gold_loss":0},{"damage_healed":0,"gold_gain":0,"player_choice":"Ignored","damage_taken":0,"max_hp_gain":0,"max_hp_loss":0,"event_name":"Tomb of Lord Red Mask","floor":37,"gold_loss":0},{"damage_healed":23,"gold_gain":0,"player_choice":"Writhe","damage_taken":0,"max_hp_gain":0,"max_hp_loss":0,"event_name":"Winding Halls","floor":38,"gold_loss":0,"cards_obtained":["Writhe"]}],"is_beta":false,"boss_relics":[{"not_picked":["Black Blood","Cursed Key"],"picked":"Astrolabe"},{"not_picked":["Calling Bell","Black Star"],"picked":"Snecko Eye"}],"items_purged_floors":[19],"is_endless":false,"potions_floor_spawned":[12,13,20,21,25,31,33,39],"killed_by":"Reptomancer","ascension_level":0}