{"gold_per_floor":[112,130,28,45,45,45,76,76,99,123,158,83,108,108,108,238,238,263,288,112,131,230,230,230,230,257,257,282,282,282,382,382,484,534,554,574,656,674,674,674,406,406,485,485,485,285,318,332,332,332],"floor_reached":50,"playtime":3216,"items_purged":["Strike_G","Strike_G","Strike_G","Strike_G"],"score":526,"play_id":"a4e84769-810f-4ddc-9e90-61376285e2e3","local_time":"20190711020321","is_ascension_mode":false,"campfire_choices":[{"data":"Noxious Fumes","floor":6,"key":"SMITH"},{"floor":8,"key":"REST"},{"floor":15,"key":"RECALL"},{"data":"Bouncing Flask","floor":23,"key":"SMITH"},{"data":"Neutralize","floor":27,"key":"SMITH"},{"floor":32,"key":"REST"},{"data":"Catalyst","floor":40,"key":"SMITH"},{"data":"Noxious Fumes","floor":42,"key":"SMITH"},{"data":"Dash","floor":44,"key":"SMITH"},{"floor":49,"key":"REST"}],"neow_cost":"NONE","seed_source_timestamp":31223546523400,"circlet_count":0,"master_deck":["Defend_G+1","Defend_G","Defend_G","Defend_G","Survivor","Neutralize+1","Corpse Explosion","Flying Knee","All Out Attack","Poisoned Stab","Backstab","Noxious Fumes+1","Noxious Fumes+1","PiercingWail","Acrobatics","All Out Attack","Adrenaline","Backstab","Catalyst+1","Dash+1","Blur","Sucker Punch+1","Bouncing Flask+1","Leg Sweep+1","Bullet Time","Sucker Punch","Die Die Die","Well Laid Plans","Poisoned Stab","Bane+1","Deflect+1"],"relics":["Ring of the Snake","Bloody Idol","Juzu Bracelet","Snake Skull","Orrery","Art of War","Tiny House","Pantograph","Oddly Smooth Stone","Ornamental Fan","Gremlin Horn"],"potions_floor_usage":[16,33,33,35,47,47,50],"damage_taken":[{"damage":0,"enemies":"Jaw Worm","floor":1,"turns":4},{"damage":7,"enemies":"2 Louse","floor":2,"turns":3},{"damage":0,"enemies":"Cultist","floor":4,"turns":2},{"damage":18,"enemies":"Gremlin Nob","floor":7,"turns":4},{"damage":0,"enemies":"3 Louse","floor":10,"turns":2},{"damage":25,"enemies":"Lagavulin","floor":11,"turns":7},{"damage":1,"enemies":"Red Slaver","floor":13,"turns":3},{"damage":7,"enemies":"Hexaghost","floor":16,"turns":7},{"damage":15,"enemies":"Spheric Guardian","floor":18,"turns":4},{"damage":6,"enemies":"Chosen","floor":19,"turns":4},{"damage":23,"enemies":"Snake Plant","floor":21,"turns":5},{"damage":10,"enemies":"Snecko","floor":28,"turns":5},{"damage":23,"enemies":"Champ","floor":33,"turns":8},{"damage":2,"enemies":"3 Shapes","floor":35,"turns":6},{"damage":5,"enemies":"Orb Walker","floor":36,"turns":5},{"damage":9,"enemies":"Jaw Worm Horde","floor":38,"turns":5},{"damage":62,"enemies":"Reptomancer","floor":47,"turns":7},{"damage":9,"enemies":"3 Darklings","floor":48,"turns":3},{"damage":69,"enemies":"Time Eater","floor":50,"turns":12}],"seed_played":"1575663585189410997","potions_obtained":[{"floor":2,"key":"Dexterity Potion"},{"floor":7,"key":"SteroidPotion"},{"floor":13,"key":"Poison Potion"},{"floor":18,"key":"SneckoOil"},{"floor":21,"key":"Dexterity Potion"},{"floor":33,"key":"LiquidBronze"},{"floor":34,"key":"Fruit Juice"},{"floor":35,"key":"SpeedPotion"}],"is_trial":false,"path_per_floor":["M","M","$","M","?","R","E","R","T","M","E","$","M","?","R","B",null,"M","M","$","M","?","R","?","?","T","R","M","?","?","?","R","B",null,"M","M","T","M","?","R","$","R","T","R","?","$","E","M","R","B"],"character_chosen":"THE_SILENT","items_purchased":["Poisoned Stab","Backstab","Leg Sweep","Oddly Smooth Stone","Poisoned Stab"],"campfire_rested":3,"item_purchase_floors":[3,3,20,41,46],"current_hp_per_floor":[70,63,63,63,46,46,28,49,49,49,24,24,23,16,16,9,70,55,49,49,26,26,26,26,26,26,26,16,16,16,21,42,24,75,80,80,80,76,76,76,76,76,76,76,76,76,19,15,37,0],"gold":332,"neow_bonus":"ONE_RANDOM_RARE_CARD","is_prod":false,"is_daily":false,"chose_seed":false,"campfire_upgraded":6,"win_rate":0,"timestamp":1562778201,"path_taken":["M","M","$","M","?","R","E","R","T","M","E","$","M","?","R","BOSS","M","M","$","M","?","R","?","?","T","R","M","?","?","?","R","BOSS","M","M","?","M","?","R","$","R","T","R","?","$","E","M","R","BOSS"],"build_version":"2019-07-05","purchased_purges":4,"victory":false,"max_hp_per_floor":[70,70,70,70,70,70,70,70,70,70,70,70,70,70,70,70,70,70,70,70,70,70,70,70,70,70,70,70,70,70,70,70,70,75,80,80,80,80,76,76,76,76,76,76,76,76,76,76,76,76],"card_choices":[{"not_picked":["Prepared","Flechettes"],"picked":"Flying Knee","floor":1},{"not_picked":["Caltrops","Deflect"],"picked":"All Out Attack","floor":2},{"not_picked":["All Out Attack","Dagger Spray"],"picked":"Noxious Fumes","floor":4},{"not_picked":["Slice","Poisoned Stab"],"picked":"Noxious Fumes","floor":7},{"not_picked":["Deadly Poison","Heel Hook"],"picked":"PiercingWail","floor":10},{"not_picked":["Night Terror","Dagger Spray"],"picked":"Acrobatics","floor":11},{"not_picked":["Predator","Caltrops"],"picked":"All Out Attack","floor":13},{"not_picked":["Phantasmal Killer","Doppelganger"],"picked":"Adrenaline","floor":16},{"not_picked":["Endless Agony","Doppelganger"],"picked":"Backstab","floor":17},{"not_picked":["Dodge and Roll","Flechettes"],"picked":"Catalyst","floor":17},{"not_picked":["Dodge and Roll","Backflip"],"picked":"Dash","floor":17},{"not_picked":["Cloak And Dagger","Noxious Fumes"],"picked":"Blur","floor":17},{"not_picked":["Cloak And Dagger","PiercingWail"],"picked":"Sucker Punch+1","floor":18},{"not_picked":["Backstab","Prepared+1"],"picked":"Bouncing Flask","floor":19},{"not_picked":["Blade Dance","Choke","Slice+1"],"picked":"SKIP","floor":21},{"not_picked":["Riddle With Holes","Outmaneuver","Underhanded Strike+1"],"picked":"SKIP","floor":28},{"not_picked":["Corpse Explosion","Night Terror"],"picked":"Bullet Time","floor":33},{"not_picked":["PiercingWail+1","Underhanded Strike"],"picked":"Sucker Punch","floor":34},{"not_picked":["Underhanded Strike","Acrobatics"],"picked":"Die Die Die","floor":35},{"not_picked":["Predator+1","PiercingWail"],"picked":"Well Laid Plans","floor":36},{"not_picked":["Dagger Throw+1","Deflect","Outmaneuver+1"],"picked":"SKIP","floor":38},{"not_picked":["Quick Slash+1","A Thousand Cuts"],"picked":"Bane+1","floor":47},{"not_picked":["Dagger Throw","Eviscerate+1"],"picked":"Deflect+1","floor":48}],"player_experience":101014,"relics_obtained":[{"floor":7,"key":"Juzu Bracelet"},{"floor":11,"key":"Snake Skull"},{"floor":26,"key":"Art of War"},{"floor":37,"key":"Pantograph"},{"floor":43,"key":"Ornamental Fan"},{"floor":47,"key":"Gremlin Horn"}],"event_choices":[{"damage_healed":0,"gold_gain":0,"player_choice":"Take Damage","damage_taken":17,"relics_obtained":["Golden Idol"],"max_hp_gain":0,"max_hp_loss":0,"event_name":"Golden Idol","floor":5,"gold_loss":0},{"cards_removed":["Strike_G"],"damage_healed":0,"gold_gain":0,"player_choice":"Card Removal","damage_taken":7,"max_hp_gain":0,"max_hp_loss":0,"event_name":"Golden Wing","floor":14,"gold_loss":0},{"damage_healed":0,"gold_gain":99,"player_choice":"Stole From Cult","damage_taken":0,"max_hp_gain":0,"max_hp_loss":0,"event_name":"Nest","floor":22,"gold_loss":0},{"damage_healed":0,"gold_gain":0,"player_choice":"Ignored","damage_taken":0,"max_hp_gain":0,"max_hp_loss":0,"event_name":"Ghosts","floor":24,"gold_loss":0},{"damage_healed":0,"gold_gain":0,"player_choice":"Ignored","damage_taken":0,"max_hp_gain":0,"max_hp_loss":0,"event_name":"Cursed Tome","floor":25,"gold_loss":0},{"damage_healed":0,"gold_gain":0,"player_choice":"Upgraded","damage_taken":0,"max_hp_gain":0,"max_hp_loss":0,"event_name":"Upgrade Shrine","floor":29,"gold_loss":0,"cards_upgraded":["Leg Sweep"]},{"damage_healed":0,"gold_gain":0,"player_choice":"Gave Idol","damage_taken":0,"relics_obtained":["Bloody Idol"],"max_hp_gain":0,"max_hp_loss":0,"event_name":"Forgotten Altar","floor":30,"relics_lost":["Golden Idol"],"gold_loss":0},{"damage_healed":0,"gold_gain":100,"player_choice":"Pray","damage_taken":0,"max_hp_gain":0,"max_hp_loss":0,"event_name":"Golden Shrine","floor":31,"gold_loss":0},{"damage_healed":0,"gold_gain":0,"player_choice":"Max HP","damage_taken":0,"max_hp_gain":0,"max_hp_loss":4,"event_name":"Winding Halls","floor":39,"gold_loss":0},{"cards_removed":["Defend_G"],"damage_healed":0,"gold_gain":0,"player_choice":"Removed Skill","damage_taken":0,"max_hp_gain":0,"max_hp_loss":0,"event_name":"Falling","floor":45,"gold_loss":0}],"is_beta":false,"boss_relics":[{"not_picked":["Velvet Choker","Coffee Dripper"],"picked":"Orrery"},{"not_picked":["Pandora\u0027s Box","HoveringKite"],"picked":"Tiny House"}],"items_purged_floors":[12,20,41,46],"is_endless":false,"potions_floor_spawned":[2,7,13,18,21,33,35,36],"killed_by":"Time Eater","ascension_level":0}