{"gold_per_floor":[117,117,132,156,179,179,213,213,213,229,229,253,273,162,162,293,293,309,329,350,96,96,131,131,165,165,183,183,363,384,334,334,459,459,482,99,432,449,195,195,195,214,214,214,226,237,250,265,265,265,265,265,40,75,75],"floor_reached":55,"playtime":6548,"items_purged":["Strike_R","Strike_R","Strike_R","Defend_R","Defend_R"],"score":738,"play_id":"da48eace-4b08-4c0d-bfc9-1ad341ad3833","local_time":"20190710025335","is_ascension_mode":false,"campfire_choices":[{"data":"Armaments","floor":6,"key":"SMITH"},{"data":"Body Slam","floor":8,"key":"SMITH"},{"data":"Body Slam","floor":15,"key":"SMITH"},{"floor":24,"key":"REST"},{"floor":28,"key":"REST"},{"floor":32,"key":"REST"},{"floor":40,"key":"RECALL"},{"data":"1","floor":44,"key":"LIFT"},{"floor":49,"key":"REST"},{"data":"2","floor":52,"key":"LIFT"}],"neow_cost":"NONE","seed_source_timestamp":1461471373612900,"circlet_count":0,"master_deck":["Strike_R","Strike_R","Defend_R","Defend_R","Bash","Brutality","Body Slam+1","Body Slam+1","Armaments+1","Armaments","Second Wind","Rupture","Combust","Twin Strike","Flame Barrier","Reaper","Rage","Warcry+1","Heavy Blade+1","Impervious","Shrug It Off","Whirlwind+1","Pommel Strike+1","Barricade","Heavy Blade","Shrug It Off","Body Slam","Rupture","Blood for Blood+1","Entrench+1","Shockwave+1","Uppercut","Flame Barrier+1"],"relics":["Burning Blood","Art of War","Paper Frog","FaceOfCleric","Black Star","Gambling Chip","Smiling Mask","Girya","Oddly Smooth Stone","Fusion Hammer","Pantograph","Lee\u0027s Waffle","Gremlin Horn","Bag of Preparation","Ginger","Shuriken"],"potions_floor_usage":[1,20,23,35,55],"damage_taken":[{"damage":5,"enemies":"Small Slimes","floor":1,"turns":4},{"damage":1,"enemies":"Cultist","floor":3,"turns":4},{"damage":8,"enemies":"Jaw Worm","floor":4,"turns":4},{"damage":9,"enemies":"Blue Slaver","floor":5,"turns":4},{"damage":47,"enemies":"Lagavulin","floor":7,"turns":9},{"damage":8,"enemies":"Red Slaver","floor":10,"turns":5},{"damage":0,"enemies":"Large Slime","floor":12,"turns":7},{"damage":11,"enemies":"Exordium Thugs","floor":13,"turns":5},{"damage":23,"enemies":"Slime Boss","floor":16,"turns":8},{"damage":11,"enemies":"Shell Parasite","floor":18,"turns":7},{"damage":38,"enemies":"Chosen","floor":19,"turns":7},{"damage":24,"enemies":"Centurion and Healer","floor":20,"turns":7},{"damage":23,"enemies":"Book of Stabbing","floor":23,"turns":5},{"damage":25,"enemies":"Gremlin Leader","floor":25,"turns":5},{"damage":33,"enemies":"Shelled Parasite and Fungi","floor":27,"turns":5},{"damage":2,"enemies":"Snecko","floor":30,"turns":3},{"damage":35,"enemies":"Champ","floor":33,"turns":12},{"damage":40,"enemies":"3 Darklings","floor":35,"turns":5},{"damage":20,"enemies":"3 Shapes","floor":38,"turns":7},{"damage":38,"enemies":"Sphere and 2 Shapes","floor":42,"turns":6},{"damage":11,"enemies":"Transient","floor":45,"turns":5},{"damage":29,"enemies":"Spire Growth","floor":46,"turns":5},{"damage":11,"enemies":"4 Shapes","floor":47,"turns":2},{"damage":23,"enemies":"3 Darklings","floor":48,"turns":4},{"damage":86,"enemies":"Awakened One","floor":50,"turns":9},{"damage":65,"enemies":"Shield and Spear","floor":54,"turns":5},{"damage":102,"enemies":"The Heart","floor":55,"turns":8}],"seed_played":"-1089412030531879915","potions_obtained":[{"floor":1,"key":"Fruit Juice"},{"floor":4,"key":"LiquidBronze"},{"floor":7,"key":"FairyPotion"},{"floor":13,"key":"Ancient Potion"},{"floor":16,"key":"Fire Potion"},{"floor":18,"key":"AttackPotion"},{"floor":20,"key":"Weak Potion"},{"floor":33,"key":"Poison Potion"},{"floor":35,"key":"SteroidPotion"},{"floor":47,"key":"Strength Potion"}],"is_trial":false,"path_per_floor":["M","?","M","M","M","R","E","R","T","M","?","M","M","$","R","B",null,"M","M","M","$","?","E","R","E","T","M","R","?","M","$","R","B",null,"M","$","?","M","$","R","?","M","T","R","M","M","M","M","R","B",null,"R","$","E","B"],"character_chosen":"IRONCLAD","items_purchased":["Flame Barrier","Impervious","Shrug It Off","Body Slam","Pantograph","Lee\u0027s Waffle","Bag of Preparation","Uppercut"],"campfire_rested":4,"item_purchase_floors":[14,21,36,36,36,39,53,53],"current_hp_per_floor":[85,79,79,77,74,74,33,33,33,31,31,38,34,34,34,18,82,83,59,49,49,49,39,64,46,46,20,46,22,27,27,53,35,90,57,57,57,54,99,99,99,68,68,68,64,48,44,43,74,20,105,105,105,64,0],"gold":75,"neow_bonus":"ONE_RANDOM_RARE_CARD","is_prod":false,"is_daily":false,"chose_seed":false,"campfire_upgraded":3,"win_rate":0,"timestamp":1562694815,"path_taken":["M","?","M","M","M","R","E","R","T","M","?","M","?","$","R","BOSS","M","M","M","$","?","E","R","E","T","M","R","?","M","$","R","BOSS","M","$","?","M","$","R","?","M","T","R","M","M","?","M","R","BOSS","R","$","E","BOSS"],"build_version":"2019-07-05","purchased_purges":5,"victory":false,"max_hp_per_floor":[85,79,79,79,79,79,79,79,79,79,79,80,81,81,81,82,82,83,84,85,85,85,86,86,87,87,88,88,88,89,89,89,90,90,91,91,91,92,99,99,99,100,100,100,101,102,103,104,104,105,105,105,105,106,106],"card_choices":[{"not_picked":["Combust","Shrug It Off"],"picked":"Body Slam","floor":1},{"not_picked":["Dual Wield","Sword Boomerang"],"picked":"Body Slam","floor":3},{"not_picked":["Pommel Strike","Warcry"],"picked":"Armaments","floor":4},{"not_picked":["True Grit","Intimidate"],"picked":"Armaments","floor":5},{"not_picked":["True Grit","Corruption"],"picked":"Second Wind","floor":7},{"not_picked":["Demon Form","Perfected Strike"],"picked":"Rupture","floor":10},{"not_picked":["Pommel Strike","Iron Wave"],"picked":"Combust","floor":12},{"not_picked":["Sword Boomerang","Cleave"],"picked":"Twin Strike","floor":13},{"not_picked":["Immolate","Double Tap"],"picked":"Reaper","floor":16},{"not_picked":["Warcry","Whirlwind"],"picked":"Rage","floor":18},{"not_picked":["Wild Strike","Body Slam"],"picked":"Warcry+1","floor":19},{"not_picked":["Fire Breathing+1","Iron Wave"],"picked":"Heavy Blade+1","floor":20},{"not_picked":["Power Through","Hemokinesis"],"picked":"Whirlwind+1","floor":23},{"not_picked":["Flex","Dropkick"],"picked":"Seeing Red","floor":25},{"not_picked":["Intimidate","Cleave"],"picked":"Pommel Strike+1","floor":27},{"not_picked":["Evolve+1","Clothesline","Pommel Strike"],"picked":"SKIP","floor":30},{"not_picked":["Demon Form","Bludgeon"],"picked":"Barricade","floor":33},{"not_picked":["Combust+1","Twin Strike"],"picked":"Heavy Blade","floor":35},{"not_picked":["Shrug It Off+1","Pommel Strike"],"picked":"Rupture","floor":38},{"not_picked":["Heavy Blade+1","True Grit","Power Through+1"],"picked":"SKIP","floor":42},{"not_picked":["Rupture","Anger+1"],"picked":"Blood for Blood+1","floor":45},{"not_picked":["Perfected Strike","Anger+1"],"picked":"Entrench+1","floor":46},{"not_picked":["Uppercut+1","Sword Boomerang+1"],"picked":"Shockwave+1","floor":47},{"not_picked":["Headbutt","Infernal Blade","Wild Strike+1"],"picked":"SKIP","floor":48},{"not_picked":["Fiend Fire","Second Wind"],"picked":"Flame Barrier+1","floor":54}],"player_experience":86069,"relics_obtained":[{"floor":7,"key":"Art of War"},{"floor":9,"key":"Paper Frog"},{"floor":23,"key":"Gambling Chip"},{"floor":23,"key":"Smiling Mask"},{"floor":25,"key":"Girya"},{"floor":25,"key":"Oddly Smooth Stone"},{"floor":43,"key":"Gremlin Horn"},{"floor":54,"key":"Ginger"},{"floor":54,"key":"Shuriken"}],"event_choices":[{"damage_healed":0,"gold_gain":0,"player_choice":"Lose Max HP","damage_taken":0,"relics_obtained":["Golden Idol"],"max_hp_gain":0,"max_hp_loss":6,"event_name":"Golden Idol","floor":2,"gold_loss":0},{"damage_healed":0,"gold_gain":0,"player_choice":"Trade","damage_taken":0,"relics_obtained":["FaceOfCleric"],"max_hp_gain":0,"max_hp_loss":0,"event_name":"FaceTrader","floor":11,"gold_loss":0},{"damage_healed":0,"gold_gain":0,"player_choice":"Read","damage_taken":0,"max_hp_gain":0,"max_hp_loss":0,"event_name":"The Library","floor":22,"gold_loss":0,"cards_obtained":["Shrug It Off"]},{"damage_healed":0,"gold_gain":180,"player_choice":"GOLD GOLD ","damage_taken":24,"max_hp_gain":0,"max_hp_loss":0,"event_name":"Knowing Skull","floor":29,"potions_obtained":[],"gold_loss":0,"cards_obtained":[]},{"damage_healed":0,"gold_gain":333,"player_choice":"Gave Idol","damage_taken":0,"max_hp_gain":0,"max_hp_loss":0,"event_name":"The Moai Head","floor":37,"relics_lost":["Golden Idol"],"gold_loss":0},{"cards_removed":["Seeing Red"],"damage_healed":0,"gold_gain":0,"player_choice":"Removed Skill","damage_taken":0,"max_hp_gain":0,"max_hp_loss":0,"event_name":"Falling","floor":41,"gold_loss":0}],"is_beta":false,"boss_relics":[{"not_picked":["Mark of Pain","Snecko Eye"],"picked":"Black Star"},{"not_picked":["Busted Crown","Cursed Key"],"picked":"Fusion Hammer"}],"items_purged_floors":[14,21,31,36,39],"is_endless":false,"potions_floor_spawned":[1,4,7,13,16,18,19,20,33,35,46,47,48,54],"killed_by":"The Heart","ascension_level":0}