{"gold_per_floor":[10,21,39,39,52,52,87,98,98,109,109,184,134,30,30,135,135,155,230,242,94,105,105,118,118,143,143,235,58,70,70,70,70],"floor_reached":33,"playtime":5377,"items_purged":["Defend_R","Strike_R"],"score":247,"play_id":"af2e77c0-c98f-4f61-aa9e-16f38a383c95","local_time":"20190612021115","is_ascension_mode":false,"campfire_choices":[{"data":"Combust","floor":6,"key":"SMITH"},{"floor":15,"key":"REST"},{"data":"Armaments","floor":23,"key":"SMITH"},{"data":"Carnage","floor":25,"key":"SMITH"},{"data":"Heavy Blade","floor":32,"key":"SMITH"}],"neow_cost":"NO_GOLD","seed_source_timestamp":2413520106973527,"circlet_count":0,"master_deck":["Strike_R","Defend_R","Bash","Disarm","Combust+1","Carnage+1","Iron Wave","Barricade","Shrug It Off","Flex","Inflame","Armaments+1","Impervious","Power Through","Cleave+1","Sever Soul","Heavy Blade+1","Heavy Blade+1","Spot Weakness","Anger","Heavy Blade"],"relics":["Burning Blood","Mummified Hand","Bottled Lightning","Coffee Dripper","Juzu Bracelet","MawBank","Kunai"],"potions_floor_usage":[7,10,16,33,33],"damage_taken":[{"damage":1,"enemies":"Cultist","floor":1,"turns":3},{"damage":0,"enemies":"2 Louse","floor":2,"turns":2},{"damage":11,"enemies":"Small Slimes","floor":3,"turns":3},{"damage":10,"enemies":"Looter","floor":5,"turns":3},{"damage":25,"enemies":"3 Sentries","floor":7,"turns":5},{"damage":16,"enemies":"Lots of Slimes","floor":8,"turns":3},{"damage":8,"enemies":"Exordium Thugs","floor":10,"turns":4},{"damage":17,"enemies":"Hexaghost","floor":16,"turns":13},{"damage":28,"enemies":"3 Byrds","floor":18,"turns":6},{"damage":0,"enemies":"Spheric Guardian","floor":20,"turns":4},{"damage":3,"enemies":"Cultist and Chosen","floor":22,"turns":6},{"damage":15,"enemies":"Sentry and Sphere","floor":24,"turns":8},{"damage":7,"enemies":"Snake Plant","floor":30,"turns":3},{"damage":55,"enemies":"Automaton","floor":33,"turns":6}],"seed_played":"-8803718444931738239","potions_obtained":[{"floor":1,"key":"SneckoOil"},{"floor":2,"key":"PowerPotion"},{"floor":7,"key":"PowerPotion"},{"floor":8,"key":"Energy Potion"},{"floor":16,"key":"Explosive Potion"},{"floor":18,"key":"SneckoOil"},{"floor":20,"key":"LiquidBronze"},{"floor":24,"key":"BloodPotion"}],"is_trial":false,"path_per_floor":["M","M","M","?","M","R","E","M","T","M","?","?","?","$","R","B",null,"M","?","M","$","M","R","M","R","T","?","T","$","M","?","R","B"],"character_chosen":"IRONCLAD","items_purchased":["Inflame","Armaments","Sever Soul","Spot Weakness","Anger"],"campfire_rested":1,"item_purchase_floors":[14,14,21,29,29],"current_hp_per_floor":[80,80,75,68,64,64,45,35,35,33,33,22,22,22,46,35,80,58,50,56,56,59,59,50,50,50,50,50,50,49,49,49,0],"gold":70,"neow_bonus":"REMOVE_TWO","is_prod":false,"is_daily":false,"chose_seed":false,"campfire_upgraded":4,"win_rate":1,"timestamp":1560319875,"path_taken":["M","M","?","?","M","R","E","M","T","M","?","?","?","$","R","BOSS","M","?","M","$","M","R","M","R","T","?","?","$","M","?","R","BOSS"],"build_version":"2019-01-23","purchased_purges":2,"victory":false,"max_hp_per_floor":[80,80,80,80,80,80,80,80,80,80,80,80,80,80,80,80,80,80,80,80,80,80,80,80,80,80,80,80,80,80,80,80,80],"card_choices":[{"not_picked":["Clothesline","Combust"],"picked":"Disarm","floor":1},{"not_picked":["Sever Soul","Rupture"],"picked":"Combust","floor":2},{"not_picked":["Iron Wave","Power Through"],"picked":"Carnage","floor":3},{"not_picked":["Clash","Clothesline"],"picked":"Iron Wave","floor":5},{"not_picked":["Shockwave","Flex"],"picked":"Barricade","floor":7},{"not_picked":["Shockwave","Disarm"],"picked":"Shrug It Off","floor":8},{"not_picked":["Heavy Blade","Corruption"],"picked":"Flex","floor":10},{"not_picked":["Fiend Fire","Barricade"],"picked":"Impervious","floor":16},{"not_picked":["Pummel","True Grit"],"picked":"Power Through","floor":18},{"not_picked":["Infernal Blade+1","Sword Boomerang"],"picked":"Cleave+1","floor":20},{"not_picked":["True Grit","Warcry"],"picked":"Heavy Blade","floor":22},{"not_picked":["Fire Breathing+1","Flex"],"picked":"Heavy Blade+1","floor":24},{"not_picked":["Anger","Warcry"],"picked":"Heavy Blade","floor":30}],"player_experience":13581,"relics_obtained":[{"floor":7,"key":"Mummified Hand"},{"floor":9,"key":"Bottled Lightning"},{"floor":26,"key":"Juzu Bracelet"},{"floor":28,"key":"Kunai"}],"event_choices":[{"cards_removed":["Defend_R"],"damage_healed":0,"gold_gain":0,"player_choice":"Card Removal","damage_taken":7,"max_hp_gain":0,"max_hp_loss":0,"event_name":"Golden Wing","floor":4,"gold_loss":0},{"cards_removed":["Strike_R"],"damage_healed":0,"gold_gain":0,"player_choice":"Forget","damage_taken":0,"max_hp_gain":0,"max_hp_loss":0,"event_name":"Living Wall","floor":11,"gold_loss":0},{"damage_healed":0,"gold_gain":75,"player_choice":"Gather Gold","damage_taken":11,"max_hp_gain":0,"max_hp_loss":0,"event_name":"World of Goop","floor":12,"gold_loss":0},{"cards_removed":["Strike_R"],"damage_healed":0,"gold_gain":0,"player_choice":"Card Removal","damage_taken":0,"max_hp_gain":0,"max_hp_loss":0,"event_name":"The Cleric","floor":13,"gold_loss":50},{"damage_healed":0,"gold_gain":75,"player_choice":"Touch","damage_taken":8,"max_hp_gain":0,"max_hp_loss":0,"event_name":"FaceTrader","floor":19,"gold_loss":0},{"damage_healed":0,"gold_gain":0,"player_choice":"Gave Potion","damage_taken":0,"relics_obtained":["MawBank"],"max_hp_gain":0,"max_hp_loss":0,"event_name":"WeMeetAgain","floor":27,"gold_loss":0},{"damage_healed":0,"gold_gain":0,"player_choice":"Ignored","damage_taken":0,"max_hp_gain":0,"max_hp_loss":0,"event_name":"Beggar","floor":31,"gold_loss":0}],"is_beta":false,"boss_relics":[{"not_picked":["Philosopher\u0027s Stone","Empty Cage"],"picked":"Coffee Dripper"}],"items_purged_floors":[21,29],"is_endless":false,"potions_floor_spawned":[1,2,7,8,16,18,20,24],"killed_by":"Automaton","ascension_level":0}