{"gold_per_floor":[117,129,129,140,154,154,169,169,169,188,107,107,282,310,310,310],"floor_reached":16,"playtime":732,"items_purged":[],"score":102,"play_id":"0d719883-cdb3-4c62-b58d-b23b3ac5294f","local_time":"20190707005523","is_ascension_mode":false,"campfire_choices":[{"data":"Dual Wield","floor":6,"key":"SMITH"},{"data":"Shockwave","floor":8,"key":"SMITH"},{"data":"Regret","floor":15,"key":"PURGE"}],"neow_cost":"PERCENT_DAMAGE","seed_source_timestamp":631846267110312,"circlet_count":0,"master_deck":["Strike_R","Strike_R","Strike_R","Strike_R","Defend_R","Defend_R","Defend_R","Bash","Dual Wield+1","Pommel Strike","Anger","Shockwave+1","Perfected Strike","Corruption","Doubt","Ghostly Armor"],"relics":["Burning Blood","Boot","Bag of Marbles","Darkstone Periapt","Peace Pipe"],"potions_floor_usage":[16],"damage_taken":[{"damage":3,"enemies":"2 Louse","floor":1,"turns":3},{"damage":7,"enemies":"Small Slimes","floor":2,"turns":5},{"damage":1,"enemies":"Jaw Worm","floor":4,"turns":4},{"damage":13,"enemies":"2 Fungi Beasts","floor":5,"turns":3},{"damage":0,"enemies":"Exordium Thugs","floor":7,"turns":4},{"damage":4,"enemies":"Looter","floor":10,"turns":3},{"damage":22,"enemies":"Gremlin Nob","floor":14,"turns":4},{"damage":28,"enemies":"The Guardian","floor":16,"turns":7}],"seed_played":"-6593227668585425083","potions_obtained":[{"floor":2,"key":"PowerPotion"},{"floor":14,"key":"Swift Potion"}],"is_trial":false,"path_per_floor":["M","M","?","M","M","R","M","R","T","M","$","?","?","E","R","B"],"character_chosen":"IRONCLAD","items_purchased":["Corruption"],"campfire_rested":0,"item_purchase_floors":[11],"current_hp_per_floor":[59,58,25,30,23,23,29,29,29,31,31,37,43,27,27,0],"gold":310,"neow_bonus":"REMOVE_TWO","is_prod":false,"is_daily":false,"chose_seed":false,"campfire_upgraded":2,"win_rate":0,"timestamp":1562428523,"path_taken":["M","M","?","M","M","R","M","R","T","M","$","?","?","E","R","BOSS"],"build_version":"2019-07-05","purchased_purges":0,"victory":false,"max_hp_per_floor":[80,80,80,80,80,80,80,80,80,80,80,86,92,92,92,92],"card_choices":[{"not_picked":["Heavy Blade","Blood for Blood","Entrench"],"picked":"SKIP","floor":1},{"not_picked":["Cleave","Sword Boomerang"],"picked":"Dual Wield","floor":2},{"not_picked":["Sever Soul","Wild Strike"],"picked":"Pommel Strike","floor":4},{"not_picked":["Twin Strike","Warcry"],"picked":"Anger","floor":5},{"not_picked":["Flex","Wild Strike"],"picked":"Shockwave","floor":7},{"not_picked":["Cleave","Clothesline"],"picked":"Perfected Strike","floor":10},{"not_picked":["Clash","Shrug It Off"],"picked":"Ghostly Armor","floor":14}],"player_experience":81341,"relics_obtained":[{"floor":9,"key":"Bag of Marbles"},{"floor":14,"key":"Peace Pipe"}],"event_choices":[{"damage_healed":0,"gold_gain":0,"player_choice":"Success","damage_taken":33,"relics_obtained":["Boot"],"max_hp_gain":0,"max_hp_loss":0,"event_name":"Scrap Ooze","floor":3,"gold_loss":0},{"damage_healed":0,"gold_gain":0,"player_choice":"Box","damage_taken":0,"relics_obtained":["Darkstone Periapt"],"max_hp_gain":0,"max_hp_loss":0,"event_name":"Big Fish","floor":12,"gold_loss":0,"cards_obtained":["Regret"]},{"damage_healed":0,"gold_gain":175,"player_choice":"AGREE","damage_taken":0,"max_hp_gain":0,"max_hp_loss":0,"event_name":"Liars Game","floor":13,"gold_loss":0,"cards_obtained":["Doubt"]}],"is_beta":false,"boss_relics":[],"items_purged_floors":[],"is_endless":false,"potions_floor_spawned":[2,14],"killed_by":"The Guardian","ascension_level":0}