{"gold_per_floor":[118,134,59,75,94,94,94,105,105,135,151,151,167,185,185,185],"floor_reached":16,"playtime":443,"items_purged":["Defend_R"],"score":106,"play_id":"2ba0e797-dad5-48de-991d-b0a2b9bdc219","local_time":"20190711172248","is_ascension_mode":false,"campfire_choices":[{"data":"Perfected Strike","floor":6,"key":"SMITH"},{"data":"Pommel Strike","floor":12,"key":"SMITH"},{"data":"Pommel Strike","floor":15,"key":"SMITH"}],"neow_cost":"NONE","seed_source_timestamp":80092356777087,"circlet_count":0,"master_deck":["Strike_R","Strike_R","Strike_R","Strike_R","Strike_R","Defend_R","Defend_R","Defend_R","Bash","Twin Strike","Perfected Strike+1","Evolve","Wild Strike","Twin Strike","Pommel Strike+1","Corruption","Infernal Blade","Pommel Strike+1"],"relics":["Burning Blood","Bag of Marbles","Bronze Scales"],"potions_floor_usage":[10,16,16],"damage_taken":[{"damage":9,"enemies":"2 Louse","floor":1,"turns":3},{"damage":1,"enemies":"Cultist","floor":2,"turns":3},{"damage":5,"enemies":"Small Slimes","floor":4,"turns":3},{"damage":9,"enemies":"Blue Slaver","floor":5,"turns":3},{"damage":18,"enemies":"Exordium Wildlife","floor":8,"turns":4},{"damage":18,"enemies":"Lagavulin","floor":10,"turns":3},{"damage":12,"enemies":"Gremlin Gang","floor":11,"turns":4},{"damage":8,"enemies":"Lots of Slimes","floor":13,"turns":3},{"damage":11,"enemies":"2 Fungi Beasts","floor":14,"turns":3},{"damage":45,"enemies":"The Guardian","floor":16,"turns":6}],"seed_played":"-9074157051345698545","potions_obtained":[{"floor":1,"key":"Weak Potion"},{"floor":2,"key":"AttackPotion"},{"floor":4,"key":"LiquidBronze"},{"floor":7,"key":"Poison Potion"},{"floor":7,"key":"Energy Potion"},{"floor":11,"key":"Dexterity Potion"}],"is_trial":false,"path_per_floor":["M","M","$","M","M","R","?","M","T","E","M","R","M","M","R","B"],"character_chosen":"IRONCLAD","items_purchased":[],"campfire_rested":0,"item_purchase_floors":[],"current_hp_per_floor":[77,80,80,80,77,77,77,65,65,53,47,47,45,40,40,0],"gold":185,"neow_bonus":"THREE_CARDS","is_prod":false,"is_daily":false,"chose_seed":false,"campfire_upgraded":3,"win_rate":0,"timestamp":1562829768,"path_taken":["M","M","$","M","M","R","?","M","T","E","?","R","M","?","R","BOSS"],"build_version":"2019-07-05","purchased_purges":1,"victory":false,"max_hp_per_floor":[80,80,80,80,80,80,80,80,80,80,80,80,80,80,80,80],"card_choices":[{"not_picked":["Burning Pact","Body Slam"],"picked":"Twin Strike","floor":0},{"not_picked":["Pummel","Searing Blow"],"picked":"Perfected Strike","floor":1},{"not_picked":["Body Slam","Sword Boomerang"],"picked":"Evolve","floor":2},{"not_picked":["Feel No Pain","Havoc"],"picked":"Wild Strike","floor":4},{"not_picked":["Pummel","Headbutt"],"picked":"Twin Strike","floor":5},{"not_picked":["Clash","True Grit"],"picked":"Pommel Strike","floor":8},{"not_picked":["Dark Embrace","Clash"],"picked":"Corruption","floor":10},{"not_picked":["Sword Boomerang","Iron Wave"],"picked":"Infernal Blade","floor":11},{"not_picked":["Shrug It Off","Body Slam"],"picked":"Pommel Strike","floor":13},{"not_picked":["Infernal Blade","Cleave","Warcry"],"picked":"SKIP","floor":14}],"player_experience":28022,"relics_obtained":[{"floor":9,"key":"Bag of Marbles"},{"floor":10,"key":"Bronze Scales"}],"event_choices":[{"damage_healed":0,"gold_gain":0,"player_choice":"Got Potions","damage_taken":0,"max_hp_gain":0,"max_hp_loss":0,"event_name":"Lab","floor":7,"gold_loss":0}],"is_beta":false,"boss_relics":[],"items_purged_floors":[3],"is_endless":false,"potions_floor_spawned":[1,2,4,11],"killed_by":"The Guardian","ascension_level":0}