{"gold_per_floor":[109,123,135,135,135,135,162,64,64,84,99,99,99,112,112,208,208,220,49,65,65,76,103,103,115,115,135,151,26,26,26,26,130,180,200,217,67,67,77,105,105,105,185,10,20,20,30,30,30,30],"floor_reached":51,"playtime":6785,"items_purged":["Strike_R","Defend_R","Strike_R","Strike_R","Defend_R"],"score":706,"play_id":"50686334-f4dd-4c41-80ea-a7ef74a61b16","local_time":"20190626181905","is_ascension_mode":true,"campfire_choices":[{"data":"Anger","floor":6.0,"key":"SMITH"},{"data":"Armaments","floor":12,"key":"SMITH"},{"data":"Iron Wave","floor":15,"key":"SMITH"},{"floor":24,"key":"REST"},{"floor":30,"key":"RECALL"},{"floor":32,"key":"REST"},{"floor":41,"key":"REST"},{"floor":49,"key":"REST"}],"neow_cost":"NONE","seed_source_timestamp":1097552723454658,"circlet_count":0,"master_deck":["Strike_R","Defend_R+1","Defend_R+1","Bash","Anger+1","Burning Pact+1","Sentinel+1","Battle Trance","Armaments+1","Sever Soul","Iron Wave+1","Clash","Feed+1","Feel No Pain","Rampage","Shrug It Off+1","Iron Wave","Reckless Charge","Twin Strike+1","Sentinel","Writhe","Immolate","Uppercut","Cleave+1","The Bomb","Bandage Up","Thinking Ahead","Headbutt+1","Armaments+1","Carnage+1"],"special_seed":0,"relics":["Burning Blood","NlothsMask","Shuriken","Fusion Hammer","Enchiridion","Lantern","Dodecahedron","War Paint","Tiny House","Centennial Puzzle","Bottled Lightning"],"potions_floor_usage":[16,23,33,36,40,40,50,50,50,50,50,50],"damage_taken":[{"damage":2.0,"enemies":"2 Louse","floor":1.0,"turns":3.0},{"damage":6.0,"enemies":"Jaw Worm","floor":2.0,"turns":3.0},{"damage":6.0,"enemies":"Cultist","floor":3.0,"turns":3.0},{"damage":23.0,"enemies":"3 Sentries","floor":7.0,"turns":10.0},{"damage":2.0,"enemies":"Looter","floor":10.0,"turns":3.0},{"damage":0.0,"enemies":"Large Slime","floor":11.0,"turns":4.0},{"damage":0,"enemies":"3 Louse","floor":14,"turns":3},{"damage":33,"enemies":"The Guardian","floor":16,"turns":5},{"damage":1,"enemies":"3 Byrds","floor":18,"turns":6},{"damage":0,"enemies":"Chosen","floor":20,"turns":4},{"damage":2,"enemies":"Shelled Parasite and Fungi","floor":22,"turns":5},{"damage":10,"enemies":"Book of Stabbing","floor":23,"turns":5},{"damage":12,"enemies":"Centurion and Healer","floor":25,"turns":5},{"damage":1,"enemies":"3 Cultists","floor":27,"turns":5},{"damage":5,"enemies":"Cultist and Chosen","floor":28,"turns":4},{"damage":65,"enemies":"Champ","floor":33,"turns":8},{"damage":0,"enemies":"3 Shapes","floor":35,"turns":3},{"damage":1,"enemies":"3 Darklings","floor":36,"turns":2},{"damage":31,"enemies":"Maw","floor":39,"turns":7},{"damage":68,"enemies":"Nemesis","floor":40,"turns":7},{"damage":5,"enemies":"Jaw Worm Horde","floor":45,"turns":2},{"damage":11,"enemies":"Spire Growth","floor":47,"turns":4},{"damage":91,"enemies":"Awakened One","floor":50,"turns":13}],"seed_played":"-4511122874989796655","potions_obtained":[{"floor":10.0,"key":"Fire Potion"},{"floor":11.0,"key":"BloodPotion"},{"floor":16,"key":"Weak Potion"},{"floor":22,"key":"SpeedPotion"},{"floor":27,"key":"Fire Potion"},{"floor":34,"key":"Explosive Potion"},{"floor":39,"key":"AttackPotion"},{"floor":45,"key":"Energy Potion"},{"floor":47,"key":"EntropicBrew"}],"is_trial":false,"path_per_floor":["M","M","M","?","?","R","E","$","T","M","M","R","$","M","R","B",null,"M","$","M","?","M","E","R","M","T","M","M","$","R","?","R","B",null,"M","M","$","?","M","E","R","?","T","$","M","?","M","$","R","B",null],"character_chosen":"IRONCLAD","items_purchased":["Armaments","Rampage"],"campfire_rested":4,"item_purchase_floors":[8,19],"current_hp_per_floor":[80,80,80,64,64,64,47,47,47,51,57,57,57,63,63,36,80,80,80,84,68,76,76,92,89,89,94,98,98,98,98,98,39,103,107,107,107,97,76,30,62,62,62,62,63,63,64,64,96,15],"gold":30,"neow_bonus":"REMOVE_CARD","is_prod":false,"is_daily":false,"chose_seed":false,"campfire_upgraded":3,"win_rate":0,"timestamp":1561587545,"path_taken":["M","M","M","?","?","R","E","$","T","M","?","R","$","M","R","BOSS","M","$","M","?","M","E","R","M","T","M","M","$","R","?","R","BOSS","M","M","$","?","M","E","R","?","T","?","M","?","M","?","R","BOSS"],"build_version":"2019-01-23","purchased_purges":5,"victory":true,"max_hp_per_floor":[80,80,80,80,80,80,80,80,80,80,80,80,80,80,80,80,80,80,80,84,84,88,92,92,95,95,95,98,98,98,98,98,98,103,107,107,107,107,107,107,107,107,107,107,107,107,107,107,107,107],"card_choices":[{"not_picked":["Clothesline","Body Slam"],"picked":"Anger","floor":1.0},{"not_picked":["Reckless Charge","Warcry"],"picked":"Burning Pact","floor":2.0},{"not_picked":["Thunderclap","Heavy Blade"],"picked":"Sentinel","floor":3.0},{"not_picked":["Thunderclap","Body Slam"],"picked":"Battle Trance","floor":7.0},{"not_picked":["Berserk","Clash"],"picked":"Sever Soul","floor":10.0},{"not_picked":["Havoc","Twin Strike"],"picked":"Iron Wave","floor":11.0},{"not_picked":["Twin Strike","Fire Breathing"],"picked":"Clash","floor":14},{"not_picked":["Limit Break","Juggernaut"],"picked":"Feed","floor":16},{"not_picked":["Sword Boomerang","Armaments"],"picked":"Feel No Pain","floor":18},{"not_picked":["Thunderclap","Pommel Strike"],"picked":"Shrug It Off+1","floor":20},{"not_picked":["Twin Strike","Heavy Blade"],"picked":"Iron Wave","floor":22},{"not_picked":["Sword Boomerang","Fiend Fire"],"picked":"Reckless Charge","floor":23},{"not_picked":["Sword Boomerang+1","Sentinel"],"picked":"Twin Strike+1","floor":25},{"not_picked":["Anger","Rampage"],"picked":"Sentinel","floor":27},{"not_picked":["Perfected Strike+1","Sword Boomerang"],"picked":"Inflame","floor":28},{"not_picked":["Offering","Reaper"],"picked":"Immolate","floor":33},{"not_picked":["Shrug It Off","Armaments"],"picked":"Uppercut","floor":34},{"not_picked":["Hemokinesis+1","Bloodletting"],"picked":"Cleave+1","floor":35},{"not_picked":["Perfected Strike","Evolve","Seeing Red"],"picked":"SKIP","floor":36},{"not_picked":["Transmutation","Deep Breath"],"picked":"The Bomb","floor":38},{"not_picked":["Thinking Ahead","Madness"],"picked":"Bandage Up","floor":38},{"not_picked":["Good Instincts","Forethought"],"picked":"Thinking Ahead","floor":38},{"not_picked":["Perfected Strike+1","Bloodletting","Heavy Blade"],"picked":"SKIP","floor":39},{"not_picked":["Burning Pact","Sword Boomerang"],"picked":"Headbutt+1","floor":40},{"not_picked":["Metallicize","Rage"],"picked":"Armaments+1","floor":45},{"not_picked":["Heavy Blade+1","Warcry"],"picked":"Carnage+1","floor":47}],"player_experience":253660,"relics_obtained":[{"floor":7.0,"key":"Shuriken"},{"floor":21,"key":"Enchiridion"},{"floor":23,"key":"Lantern"},{"floor":26,"key":"Dodecahedron"},{"floor":40,"key":"Centennial Puzzle"},{"floor":43,"key":"Bottled Lightning"}],"event_choices":[{"damage_healed":0.0,"max_hp_gain":0.0,"max_hp_loss":0.0,"gold_gain":0.0,"event_name":"Shining Light","player_choice":"Entered Light","floor":4.0,"gold_loss":0.0,"damage_taken":16.0,"cards_upgraded":["Defend_R","Sentinel"]},{"damage_healed":0.0,"max_hp_gain":0.0,"max_hp_loss":0.0,"gold_gain":0.0,"event_name":"FaceTrader","player_choice":"Trade","floor":5.0,"gold_loss":0.0,"damage_taken":0.0,"relics_obtained":["NlothsMask"]},{"damage_healed":0,"gold_gain":0,"player_choice":"Obtained Book","damage_taken":16,"max_hp_gain":0,"max_hp_loss":0,"event_name":"Cursed Tome","floor":21,"gold_loss":0},{"damage_healed":0,"gold_gain":0,"player_choice":"Opened","damage_taken":0,"relics_obtained":["War Paint"],"max_hp_gain":0,"max_hp_loss":0,"event_name":"The Mausoleum","floor":31,"gold_loss":0,"cards_obtained":["Writhe"]},{"damage_healed":0,"gold_gain":0,"player_choice":"Memory 3","damage_taken":10,"max_hp_gain":0,"max_hp_loss":0,"event_name":"SensoryStone","floor":38,"gold_loss":0},{"cards_removed":["Inflame"],"damage_healed":0,"gold_gain":0,"player_choice":"Removed Power","damage_taken":0,"max_hp_gain":0,"max_hp_loss":0,"event_name":"Falling","floor":42,"gold_loss":0},{"damage_healed":0,"gold_gain":0,"player_choice":"Ignored","damage_taken":0,"max_hp_gain":0,"max_hp_loss":0,"event_name":"Mysterious Sphere","floor":46,"gold_loss":0}],"is_beta":false,"boss_relics":[{"not_picked":["Philosopher\u0027s Stone","Busted Crown"],"picked":"Fusion Hammer"},{"not_picked":["Lizard Tail","Sozu"],"picked":"Tiny House"}],"items_purged_floors":[8,19,29,37,44],"is_endless":false,"potions_floor_spawned":[10,11,16,22,27,28,35,39,45,47],"ascension_level":1}