{"gold_per_floor":[144,144,189,234,30,30,120,70,70,160,160,205,205,295,295,595,595,640,685,685,59,104,104,104,194,194,239,289,130,130,175,175,475,475,520,565,203,248,293,383,428,428,453,498,98,98,188,147,147,147],"floor_reached":51,"playtime":3672,"items_purged":["Normality","Shame","Writhe","Injury"],"score":795,"play_id":"a343054b-4cd2-4701-81fd-3d64f631ae33","local_time":"20190712232502","daily_mods":["Cursed Run","Time Dilation","Midas"],"is_ascension_mode":false,"campfire_choices":[{"floor":6,"key":"REST"},{"floor":11,"key":"REST"},{"floor":15,"key":"REST"},{"floor":23,"key":"REST"},{"floor":32,"key":"REST"},{"floor":42,"key":"REST"},{"floor":46,"key":"REST"},{"floor":49,"key":"REST"}],"neow_cost":"","seed_source_timestamp":146230938690500,"circlet_count":0,"master_deck":["Strike_G","Strike_G","Strike_G","Defend_G","Defend_G","Defend_G","Defend_G","Defend_G","Survivor","Neutralize","Crippling Poison","After Image","Leg Sweep","Noxious Fumes","Backflip","Backflip","Dodge and Roll","Accuracy+1","Riddle With Holes","Parasite","Malaise","Dodge and Roll+1","Cloak And Dagger+1","Sadistic Nature+1","Caltrops+1","Sadistic Nature+1","Purity","Deadly Poison","Backflip","Parasite","Well Laid Plans+1","Clumsy","Catalyst+1","Night Terror+1","Escape Plan+1","Acrobatics+1","Caltrops+1","PiercingWail+1","Acrobatics+1","Blade Dance+1","Blade Dance+1","PiercingWail+1","Catalyst+1","Normality"],"special_seed":18090,"relics":["Cursed Key","Darkstone Periapt","Du-Vu Doll","Snake Skull","Bronze Scales","Pear","Frozen Egg 2","Bag of Preparation","Art of War","WristBlade","Enchiridion","DollysMirror","Strawberry","Toxic Egg 2","MawBank","HoveringKite","TwistedFunnel","Oddly Smooth Stone","Blood Vial","Ninja Scroll","Prayer Wheel"],"potions_floor_usage":[16,16,25,33,41,47,50,50],"damage_taken":[{"damage":1,"enemies":"2 Louse","floor":1,"turns":2},{"damage":0,"enemies":"Small Slimes","floor":3,"turns":4},{"damage":2,"enemies":"Jaw Worm","floor":4,"turns":5},{"damage":10,"enemies":"Gremlin Nob","floor":7,"turns":5},{"damage":1,"enemies":"3 Sentries","floor":10,"turns":6},{"damage":0,"enemies":"2 Fungi Beasts","floor":12,"turns":3},{"damage":28,"enemies":"Gremlin Nob","floor":14,"turns":6},{"damage":16,"enemies":"Slime Boss","floor":16,"turns":9},{"damage":5,"enemies":"Chosen","floor":18,"turns":5},{"damage":0,"enemies":"Shell Parasite","floor":19,"turns":4},{"damage":0,"enemies":"Sentry and Sphere","floor":22,"turns":5},{"damage":5,"enemies":"Book of Stabbing","floor":25,"turns":5},{"damage":0,"enemies":"Centurion and Healer","floor":27,"turns":4},{"damage":0,"enemies":"Snecko","floor":31,"turns":4},{"damage":14,"enemies":"Champ","floor":33,"turns":10},{"damage":0,"enemies":"3 Shapes","floor":35,"turns":3},{"damage":12,"enemies":"3 Darklings","floor":36,"turns":4},{"damage":0,"enemies":"4 Shapes","floor":38,"turns":3},{"damage":7,"enemies":"Maw","floor":39,"turns":5},{"damage":69,"enemies":"Reptomancer","floor":40,"turns":4},{"damage":0,"enemies":"Jaw Worm Horde","floor":41,"turns":2},{"damage":18,"enemies":"Spire Growth","floor":44,"turns":4},{"damage":51,"enemies":"Giant Head","floor":47,"turns":8},{"damage":43,"enemies":"Donu and Deca","floor":50,"turns":7}],"seed_played":"6822303000687688809","potions_obtained":[{"floor":4,"key":"LiquidBronze"},{"floor":10,"key":"Regen Potion"},{"floor":12,"key":"EntropicBrew"},{"floor":14,"key":"EssenceOfSteel"},{"floor":19,"key":"GhostInAJar"},{"floor":22,"key":"Poison Potion"},{"floor":27,"key":"GhostInAJar"},{"floor":40,"key":"SpeedPotion"},{"floor":44,"key":"SteroidPotion"},{"floor":47,"key":"EssenceOfSteel"}],"is_trial":false,"path_per_floor":["M","?","M","M","$","R","E","?","T","E","R","M","T","E","R","B",null,"M","M","?","$","M","R","?","E","T","M","T","$","?","M","R","B",null,"M","M","$","M","M","E","M","R","T","M","$","R","E","$","R","B",null],"character_chosen":"THE_SILENT","items_purchased":["Snake Skull","Backflip","Sadistic Nature+1","Caltrops+1","DollysMirror","Purity","Catalyst+1","TwistedFunnel","Caltrops+1","Ninja Scroll","Catalyst+1"],"campfire_rested":8,"item_purchase_floors":[5,5,21,21,21,21,29,37,37,45,48],"current_hp_per_floor":[69,69,69,67,67,70,60,60,76,75,86,86,92,64,91,81,98,93,93,77,77,77,98,78,80,86,86,92,92,92,92,122,114,128,128,116,116,116,109,40,49,87,93,77,77,117,68,68,108,73],"gold":147,"neow_bonus":"","is_prod":false,"is_daily":true,"chose_seed":false,"campfire_upgraded":0,"win_rate":0,"timestamp":1562988302,"path_taken":["M","?","M","M","$","R","E","?","T","E","R","M","?","E","R","BOSS","M","M","?","$","M","R","?","E","T","M","?","$","?","M","R","BOSS","M","M","?","M","M","E","M","R","T","M","$","R","E","$","R","BOSS"],"build_version":"2019-07-05","purchased_purges":4,"victory":true,"max_hp_per_floor":[70,70,70,70,70,70,70,70,86,86,86,86,92,92,92,98,98,98,98,98,98,98,98,103,110,116,116,122,122,122,122,122,128,128,128,128,128,128,128,128,128,128,134,134,134,134,134,134,134,140],"card_choices":[{"not_picked":["Quick Slash","Cloak And Dagger"],"picked":"Crippling Poison","floor":1},{"not_picked":["Expertise","Dagger Throw"],"picked":"Leg Sweep","floor":3},{"not_picked":["A Thousand Cuts","Outmaneuver"],"picked":"Noxious Fumes","floor":4},{"not_picked":["Quick Slash","Poisoned Stab"],"picked":"Backflip","floor":7},{"not_picked":["Deflect","Concentrate"],"picked":"Dodge and Roll","floor":10},{"not_picked":["Finisher","Underhanded Strike"],"picked":"Accuracy+1","floor":12},{"not_picked":["Underhanded Strike","Distraction"],"picked":"Riddle With Holes","floor":14},{"not_picked":["Venomology","Wraith Form v2+1"],"picked":"Malaise","floor":16},{"not_picked":["Dagger Throw","Acrobatics+1"],"picked":"Dodge and Roll+1","floor":18},{"not_picked":["Backflip","Blade Dance+1"],"picked":"Cloak And Dagger+1","floor":19},{"not_picked":["Outmaneuver","Finisher"],"picked":"Deadly Poison","floor":22},{"not_picked":["Caltrops+1","Quick Slash+1"],"picked":"Backflip","floor":25},{"not_picked":["Blade Dance+1","Outmaneuver+1"],"picked":"Well Laid Plans+1","floor":27},{"not_picked":["Concentrate+1","Bouncing Flask+1","Deflect+1"],"picked":"SKIP","floor":31},{"not_picked":["A Thousand Cuts+1","Unload"],"picked":"Night Terror+1","floor":33},{"not_picked":["Dagger Throw+1","Eviscerate+1"],"picked":"Escape Plan+1","floor":35},{"not_picked":["Deadly Poison+1","Reflex+1"],"picked":"Acrobatics+1","floor":36},{"not_picked":["Bouncing Flask+1","Masterful Stab+1"],"picked":"PiercingWail+1","floor":38},{"not_picked":["Flying Knee","All Out Attack"],"picked":"Acrobatics+1","floor":39},{"not_picked":["All Out Attack+1","Eviscerate"],"picked":"Blade Dance+1","floor":40},{"not_picked":["Slice","Outmaneuver+1"],"picked":"Blade Dance+1","floor":41},{"not_picked":["Bane","Prepared+1","Masterful Stab+1"],"picked":"SKIP","floor":44},{"not_picked":["Choke","Acrobatics+1"],"picked":"PiercingWail+1","floor":47}],"player_experience":178012,"relics_obtained":[{"floor":7,"key":"Bronze Scales"},{"floor":9,"key":"Pear"},{"floor":10,"key":"Frozen Egg 2"},{"floor":13,"key":"Bag of Preparation"},{"floor":14,"key":"Art of War"},{"floor":20,"key":"Enchiridion"},{"floor":25,"key":"Strawberry"},{"floor":26,"key":"Toxic Egg 2"},{"floor":28,"key":"MawBank"},{"floor":40,"key":"Oddly Smooth Stone"},{"floor":43,"key":"Blood Vial"},{"floor":47,"key":"Prayer Wheel"}],"event_choices":[{"damage_healed":0,"gold_gain":0,"cards_transformed":["Strike_G"],"player_choice":"Change","damage_taken":0,"max_hp_gain":0,"max_hp_loss":0,"event_name":"Living Wall","floor":2,"gold_loss":0,"cards_obtained":["After Image"]},{"cards_removed":["Strike_G"],"damage_healed":0,"gold_gain":0,"player_choice":"Card Removal","damage_taken":0,"max_hp_gain":0,"max_hp_loss":0,"event_name":"The Cleric","floor":8,"gold_loss":50},{"damage_healed":0,"gold_gain":0,"player_choice":"Obtained Book","damage_taken":16,"max_hp_gain":0,"max_hp_loss":0,"event_name":"Cursed Tome","floor":20,"gold_loss":0},{"damage_healed":0,"gold_gain":0,"player_choice":"Shed Blood","damage_taken":25,"max_hp_gain":5,"max_hp_loss":0,"event_name":"Forgotten Altar","floor":24,"gold_loss":0},{"damage_healed":0,"gold_gain":0,"player_choice":"0 cards matched","damage_taken":0,"max_hp_gain":0,"max_hp_loss":0,"event_name":"Match and Keep!","floor":30,"gold_loss":0,"cards_obtained":[]}],"is_beta":false,"boss_relics":[{"not_picked":["Lizard Tail","Calling Bell"],"picked":"WristBlade"},{"not_picked":["Orrery","Runic Pyramid"],"picked":"HoveringKite"}],"items_purged_floors":[21,29,37,45],"is_endless":false,"potions_floor_spawned":[4,10,12,14,19,22,27,40,44,47],"ascension_level":0}