{"gold_per_floor":[114,189,204,204,223,223,242,261,311,330,330,349,349,368,368,493,493,512,531,550,588,9,9,47,0,0,0,0,38,57,76,76,201,201,220,36,55,74,93,93,131,131],"floor_reached":42,"playtime":19082,"items_purged":["Aggregate"],"score":484,"play_id":"aac45fba-aa81-4f93-a5ee-a743d80e7af0","local_time":"20190707225916","daily_mods":["Heirloom","Blue Cards","DeadlyEvents"],"is_ascension_mode":false,"campfire_choices":[{"data":"1","floor":6,"key":"LIFT"},{"data":"2","floor":11,"key":"LIFT"},{"data":"3","floor":15,"key":"LIFT"},{"floor":23,"key":"REST"},{"data":"Tempest","floor":27,"key":"SMITH"},{"floor":32,"key":"REST"},{"data":"Neutralize","floor":40,"key":"SMITH"}],"neow_cost":"","seed_source_timestamp":1790179217139000,"circlet_count":0,"master_deck":["Survivor","Neutralize+1","Reinforced Body","Cold Snap","Streamline","Self Repair","Coolheaded","Go for the Eyes","Machine Learning","Setup","Heatsinks","Adrenaline","Sweeping Beam","Loop","Malaise","FTL","Reinforced Body","Cloak And Dagger+1","Escape Plan+1","Capacitor","Tempest+1","Hello World","Turbo","Electrodynamics","Acrobatics","Amplify","Go for the Eyes+1","Caltrops","Consume","Infinite Blades","Beam Cell+1","Corpse Explosion"],"special_seed":18084,"relics":["Ring of the Snake","Girya","Golden Idol","Potion Belt","Pandora\u0027s Box","Dodecahedron","Ice Cream","Tough Bandages","Pantograph","Paper Crane","Sundial","WristBlade","Gremlin Horn"],"potions_floor_usage":[16,16,16,21,24,24,24,31,33,33,33,39,41,42],"damage_taken":[{"damage":0,"enemies":"Small Slimes","floor":1,"turns":3},{"damage":0,"enemies":"Cultist","floor":3,"turns":5},{"damage":0,"enemies":"2 Louse","floor":5,"turns":3},{"damage":0,"enemies":"2 Fungi Beasts","floor":7,"turns":4},{"damage":2,"enemies":"Blue Slaver","floor":8,"turns":5},{"damage":6,"enemies":"Gremlin Gang","floor":10,"turns":6},{"damage":0,"enemies":"Red Slaver","floor":12,"turns":6},{"damage":0,"enemies":"Blue Slaver","floor":14,"turns":3},{"damage":16,"enemies":"The Guardian","floor":16,"turns":13},{"damage":11,"enemies":"Spheric Guardian","floor":18,"turns":4},{"damage":0,"enemies":"Chosen","floor":19,"turns":6},{"damage":22,"enemies":"Sentry and Sphere","floor":20,"turns":7},{"damage":44,"enemies":"Gremlin Leader","floor":21,"turns":9},{"damage":8,"enemies":"Slavers","floor":24,"turns":5},{"damage":7,"enemies":"Book of Stabbing","floor":29,"turns":7},{"damage":10,"enemies":"Snake Plant","floor":30,"turns":6},{"damage":0,"enemies":"Chosen and Byrds","floor":31,"turns":4},{"damage":64,"enemies":"Automaton","floor":33,"turns":8},{"damage":18,"enemies":"Orb Walker","floor":35,"turns":3},{"damage":2,"enemies":"3 Shapes","floor":37,"turns":3},{"damage":15,"enemies":"3 Darklings","floor":38,"turns":4},{"damage":1,"enemies":"4 Shapes","floor":39,"turns":3},{"damage":17,"enemies":"Nemesis","floor":41,"turns":7},{"damage":29,"enemies":"Spire Growth","floor":42,"turns":3}],"seed_played":"-6942843224144824641","potions_obtained":[{"floor":3,"key":"EssenceOfSteel"},{"floor":10,"key":"AttackPotion"},{"floor":12,"key":"Strength Potion"},{"floor":19,"key":"Regen Potion"},{"floor":20,"key":"Weak Potion"},{"floor":31,"key":"Ancient Potion"},{"floor":33,"key":"FearPotion"},{"floor":37,"key":"Energy Potion"},{"floor":39,"key":"SteroidPotion"}],"is_trial":false,"path_per_floor":["M","?","M","?","M","R","M","M","T","M","R","M","?","M","R","B",null,"M","M","M","E","$","R","E","?","T","R","T","E","M","M","R","B",null,"M","$","M","M","M","R","E","M"],"character_chosen":"THE_SILENT","items_purchased":["EntropicBrew","Capacitor","Ice Cream","Tempest","Caltrops","GhostInAJar","Consume"],"campfire_rested":2,"item_purchase_floors":[22,22,22,22,36,36,36],"current_hp_per_floor":[70,59,59,59,59,59,59,57,57,58,58,65,65,65,65,56,65,61,65,50,28,28,47,46,46,46,46,46,39,36,36,55,1,65,47,47,45,44,43,43,26,0],"gold":131,"neow_bonus":"","is_prod":false,"is_daily":true,"chose_seed":false,"campfire_upgraded":2,"win_rate":0,"timestamp":1562554756,"path_taken":["M","?","M","?","M","R","M","M","T","M","R","M","?","M","R","BOSS","M","?","M","?","$","R","E","?","T","R","?","?","M","M","R","BOSS","M","$","?","M","M","R","?","M"],"build_version":"2019-07-05","purchased_purges":1,"victory":false,"max_hp_per_floor":[70,70,70,65,65,65,65,65,65,65,65,65,65,65,65,65,65,65,65,65,65,65,65,65,65,65,65,65,65,65,65,65,65,65,65,65,65,65,65,65,65,65],"card_choices":[{"not_picked":["Sucker Punch","Poisoned Stab","Steam"],"picked":"SKIP","floor":1},{"not_picked":["Redo","Bouncing Flask"],"picked":"Reinforced Body","floor":3},{"not_picked":["Quick Slash","Prepared"],"picked":"Cold Snap","floor":5},{"not_picked":["Compile Driver","Sunder"],"picked":"Streamline","floor":7},{"not_picked":["Corpse Explosion","Hello World"],"picked":"Self Repair","floor":8},{"not_picked":["Melter","Choke"],"picked":"Coolheaded","floor":10},{"not_picked":["Flying Knee","Leap","Slice"],"picked":"SKIP","floor":12},{"not_picked":["Bane","Self Repair"],"picked":"Go for the Eyes","floor":14},{"not_picked":["Seek","Reboot"],"picked":"Machine Learning","floor":16},{"not_picked":["Terror","Barrage"],"picked":"Cloak And Dagger+1","floor":18},{"not_picked":["Crippling Poison","Eviscerate+1","PiercingWail"],"picked":"SKIP","floor":19},{"not_picked":["Choke","Expertise","PiercingWail"],"picked":"SKIP","floor":20},{"not_picked":["Terror+1","Blade Dance"],"picked":"Escape Plan+1","floor":21},{"not_picked":["Finisher","Stack"],"picked":"Hello World","floor":24},{"not_picked":["Seek","Compile Driver"],"picked":"Turbo","floor":29},{"not_picked":["Dodge and Roll","Sunder"],"picked":"Electrodynamics","floor":30},{"not_picked":["Auto Shields+1","Barrage"],"picked":"Acrobatics","floor":31},{"not_picked":["Venomology","Seek"],"picked":"Amplify","floor":33},{"not_picked":["Recycle+1","Acrobatics"],"picked":"Go for the Eyes+1","floor":35},{"not_picked":["Turbo","Leap"],"picked":"Infinite Blades","floor":37},{"not_picked":["Underhanded Strike","Expertise+1","Blizzard"],"picked":"SKIP","floor":38},{"not_picked":["Backflip","Deflect"],"picked":"Beam Cell+1","floor":39},{"not_picked":["Sweeping Beam+1","Reinforced Body"],"picked":"Corpse Explosion","floor":41}],"player_experience":108220,"relics_obtained":[{"floor":9,"key":"Potion Belt"},{"floor":21,"key":"Dodecahedron"},{"floor":24,"key":"Tough Bandages"},{"floor":26,"key":"Pantograph"},{"floor":28,"key":"Paper Crane"},{"floor":29,"key":"Sundial"},{"floor":41,"key":"Gremlin Horn"}],"event_choices":[{"damage_healed":0,"gold_gain":75,"player_choice":"Gather Gold","damage_taken":11,"max_hp_gain":0,"max_hp_loss":0,"event_name":"World of Goop","floor":2,"gold_loss":0},{"damage_healed":0,"gold_gain":0,"player_choice":"Lose Max HP","damage_taken":0,"relics_obtained":["Golden Idol"],"max_hp_gain":0,"max_hp_loss":5,"event_name":"Golden Idol","floor":4,"gold_loss":0},{"cards_removed":["Strike_G"],"damage_healed":0,"gold_gain":0,"player_choice":"Offered Basic","damage_taken":0,"max_hp_gain":0,"max_hp_loss":0,"event_name":"Bonfire Elementals","floor":13,"gold_loss":0},{"damage_healed":0,"gold_gain":0,"player_choice":"Paid Fearfully","damage_taken":0,"max_hp_gain":0,"max_hp_loss":0,"event_name":"Masked Bandits","floor":25,"gold_loss":47}],"is_beta":false,"boss_relics":[{"not_picked":["Coffee Dripper","Empty Cage"],"picked":"Pandora\u0027s Box"},{"not_picked":["Tiny House","Eternal Feather"],"picked":"WristBlade"}],"items_purged_floors":[22],"is_endless":false,"potions_floor_spawned":[3,10,12,19,20,31,33,37,39],"killed_by":"Spire Growth","ascension_level":0}