{"gold_per_floor":[360,49,59,75,95,95,127,27,27,27,46,63,63,95,95,190,190,209,189,207,219,230,260,274,274,274,291,301,318,332,211,211,308,308,326,339,82,102,102,102,117,117,142,152,152,152,164,181,181,181],"floor_reached":50,"playtime":6863,"items_purged":["Strike_R","Strike_R","Defend_R","Strike_R"],"score":582,"play_id":"7c8bde76-28d5-4ba0-9075-270b18f3e144","local_time":"20190626220622","is_ascension_mode":true,"campfire_choices":[{"data":"Body Slam","floor":6,"key":"SMITH"},{"data":"True Grit","floor":10,"key":"SMITH"},{"data":"Iron Wave","floor":13,"key":"SMITH"},{"data":"Iron Wave","floor":15,"key":"SMITH"},{"floor":25,"key":"REST"},{"floor":32,"key":"REST"},{"floor":40,"key":"REST"},{"floor":45,"key":"REST"},{"floor":49,"key":"REST"}],"neow_cost":"TEN_PERCENT_HP_LOSS","seed_source_timestamp":1111145761022640,"circlet_count":0,"master_deck":["Strike_R","Strike_R","Bash","Iron Wave+1","Dark Shackles+1","Body Slam+1","Iron Wave+1","True Grit+1","Shrug It Off","Inflame+1","Demon Form+1","Juggernaut+1","Warcry+1","Body Slam","True Grit+1","Pommel Strike","Thunderclap+1","Sword Boomerang+1","Heavy Blade","Headbutt","Ghostly Armor","Armaments","Barricade+1","Havoc+1","Clothesline+1","Double Tap+1","Body Slam","Carnage+1","Sword Boomerang","Twin Strike","Dropkick","Entrench","Limit Break+1","Heavy Blade+1","Parasite","Body Slam+1"],"relics":["Burning Blood","Oddly Smooth Stone","Mummified Hand","Frozen Egg 2","The Courier","Mark of Pain","Paper Frog","Blue Candle","Astrolabe","War Paint"],"potions_floor_usage":[7,11,14,20,22,22,28,33,33,38,44,44,47,47,50,50],"damage_taken":[{"damage":6,"enemies":"Cultist","floor":1,"turns":3},{"damage":0,"enemies":"2 Louse","floor":3,"turns":2},{"damage":1,"enemies":"Jaw Worm","floor":4,"turns":3},{"damage":30,"enemies":"Gremlin Gang","floor":5,"turns":6},{"damage":15,"enemies":"Gremlin Nob","floor":7,"turns":5},{"damage":3,"enemies":"3 Louse","floor":11,"turns":4},{"damage":0,"enemies":"Exordium Thugs","floor":12,"turns":7},{"damage":5,"enemies":"3 Sentries","floor":14,"turns":7},{"damage":19,"enemies":"Hexaghost","floor":16,"turns":7},{"damage":15,"enemies":"Spheric Guardian","floor":18,"turns":4},{"damage":6,"enemies":"Shell Parasite","floor":20,"turns":4},{"damage":0,"enemies":"Cultist and Chosen","floor":21,"turns":6},{"damage":6,"enemies":"Snake Plant","floor":22,"turns":3},{"damage":34,"enemies":"Slavers","floor":23,"turns":6},{"damage":0,"enemies":"Centurion and Healer","floor":24,"turns":6},{"damage":30,"enemies":"Cultist and Chosen","floor":27,"turns":6},{"damage":2,"enemies":"3 Cultists","floor":28,"turns":4},{"damage":9,"enemies":"Chosen and Byrds","floor":29,"turns":5},{"damage":0,"enemies":"Sentry and Sphere","floor":30,"turns":3},{"damage":63,"enemies":"Automaton","floor":33,"turns":7},{"damage":1,"enemies":"3 Shapes","floor":35,"turns":3},{"damage":8,"enemies":"Orb Walker","floor":36,"turns":3},{"damage":18,"enemies":"4 Shapes","floor":38,"turns":4},{"damage":38,"enemies":"3 Darklings","floor":41,"turns":6},{"damage":23,"enemies":"Jaw Worm Horde","floor":44,"turns":3},{"damage":19,"enemies":"4 Shapes","floor":47,"turns":4},{"damage":28,"enemies":"Writhing Mass","floor":48,"turns":5},{"damage":31,"enemies":"Awakened One","floor":50,"turns":3}],"seed_played":"-647652146899557155","potions_obtained":[{"floor":3,"key":"Regen Potion"},{"floor":4,"key":"EssenceOfSteel"},{"floor":5,"key":"AttackPotion"},{"floor":16,"key":"Explosive Potion"},{"floor":18,"key":"Fire Potion"},{"floor":19,"key":"PowerPotion"},{"floor":22,"key":"Strength Potion"},{"floor":23,"key":"Swift Potion"},{"floor":29,"key":"Ancient Potion"},{"floor":30,"key":"Strength Potion"},{"floor":35,"key":"FearPotion"},{"floor":36,"key":"AttackPotion"},{"floor":38,"key":"Weak Potion"},{"floor":46,"key":"Block Potion"},{"floor":46,"key":"SkillPotion"},{"floor":48,"key":"FearPotion"}],"is_trial":false,"path_per_floor":["M","$","M","M","M","R","E","$","T","R","M","M","R","E","R","B",null,"M","?","M","M","M","E","M","R","T","M","M","M","M","$","R","B",null,"M","M","$","M","?","R","M","$","T","M","R","?","M","M","R","B"],"character_chosen":"IRONCLAD","items_purchased":["Oddly Smooth Stone","Dark Shackles","Armaments","Sword Boomerang","Twin Strike","Dropkick"],"campfire_rested":5,"item_purchase_floors":[2,2,31,37,37,37],"current_hp_per_floor":[72,72,72,72,48,48,53,53,53,53,56,62,62,63,63,50,72,63,63,63,69,69,41,47,68,68,44,48,45,51,51,72,15,72,72,70,70,58,51,72,40,40,40,23,44,44,31,9,30,0],"gold":181,"neow_bonus":"TWO_FIFTY_GOLD","is_prod":false,"is_daily":false,"chose_seed":false,"campfire_upgraded":4,"win_rate":0,"timestamp":1561601182,"path_taken":["M","$","M","?","M","R","E","$","T","R","M","M","R","E","R","BOSS","M","?","M","M","M","E","M","R","T","?","M","M","M","$","R","BOSS","M","M","$","M","?","R","M","?","T","M","R","?","M","?","R","BOSS"],"build_version":"2019-01-23","purchased_purges":4,"victory":false,"max_hp_per_floor":[72,72,72,72,72,72,72,72,72,72,72,72,72,72,72,72,72,72,72,72,72,72,72,72,72,72,72,72,72,72,72,72,72,72,72,72,72,72,72,72,72,72,72,72,72,72,72,72,72,72],"card_choices":[{"not_picked":["Cleave","Thunderclap"],"picked":"Iron Wave","floor":1},{"not_picked":["Sentinel","Brutality"],"picked":"Body Slam","floor":3},{"not_picked":["Body Slam","Pommel Strike"],"picked":"Iron Wave","floor":4},{"not_picked":["Hemokinesis","Fire Breathing","Dropkick"],"picked":"SKIP","floor":5},{"not_picked":["Hemokinesis","Fire Breathing","Dropkick"],"picked":"SKIP","floor":5},{"not_picked":["Seeing Red","Dropkick"],"picked":"True Grit","floor":7},{"not_picked":["Clothesline","Warcry"],"picked":"Shrug It Off","floor":11},{"not_picked":["Wild Strike","Clothesline"],"picked":"Inflame+1","floor":12},{"not_picked":["Fire Breathing+1","Shrug It Off"],"picked":"Demon Form+1","floor":14},{"not_picked":["Immolate","Offering"],"picked":"Juggernaut+1","floor":16},{"not_picked":["Wild Strike","Disarm+1"],"picked":"Warcry+1","floor":18},{"not_picked":["Flex","Clash+1"],"picked":"Body Slam","floor":20},{"not_picked":["Entrench","Warcry"],"picked":"True Grit+1","floor":21},{"not_picked":["Exhume","Clash+1"],"picked":"Pommel Strike","floor":22},{"not_picked":["Pommel Strike","Flex"],"picked":"Thunderclap+1","floor":23},{"not_picked":["Hemokinesis","Flex+1"],"picked":"Sword Boomerang+1","floor":24},{"not_picked":["Sentinel","Clash"],"picked":"Heavy Blade","floor":27},{"not_picked":["Flex","Wild Strike","Cleave"],"picked":"SKIP","floor":28},{"not_picked":["Bloodletting","Iron Wave"],"picked":"Headbutt","floor":29},{"not_picked":["True Grit","Intimidate"],"picked":"Ghostly Armor","floor":30},{"not_picked":["Fiend Fire","Immolate"],"picked":"Barricade+1","floor":33},{"not_picked":["Pommel Strike","Havoc"],"picked":"Body Slam","floor":35},{"not_picked":["Armaments","Cleave"],"picked":"Carnage+1","floor":36},{"not_picked":["Twin Strike","Iron Wave"],"picked":"Entrench","floor":38},{"not_picked":["Flex+1","Spot Weakness"],"picked":"Limit Break","floor":41},{"not_picked":["Iron Wave","Corruption+1","Body Slam"],"picked":"SKIP","floor":44},{"not_picked":["Havoc","Fire Breathing+1"],"picked":"Heavy Blade+1","floor":47},{"not_picked":["Clash+1","Perfected Strike+1"],"picked":"Body Slam+1","floor":48}],"player_experience":265576,"relics_obtained":[{"floor":7,"key":"Mummified Hand"},{"floor":9,"key":"Frozen Egg 2"},{"floor":14,"key":"The Courier"},{"floor":23,"key":"Paper Frog"},{"floor":26,"key":"Blue Candle"},{"floor":43,"key":"War Paint"}],"event_choices":[{"damage_healed":0,"gold_gain":0,"player_choice":"Bought 1 Potion","damage_taken":0,"max_hp_gain":0,"max_hp_loss":0,"event_name":"The Woman in Blue","floor":19,"gold_loss":0},{"damage_healed":0,"gold_gain":0,"player_choice":"Damaged","damage_taken":7,"max_hp_gain":0,"max_hp_loss":0,"event_name":"Wheel of Change","floor":39,"gold_loss":0},{"damage_healed":0,"gold_gain":0,"player_choice":"Got Potions","damage_taken":0,"max_hp_gain":0,"max_hp_loss":0,"event_name":"Lab","floor":46,"gold_loss":0}],"is_beta":false,"boss_relics":[{"not_picked":["Pandora\u0027s Box","Runic Pyramid"],"picked":"Mark of Pain"},{"not_picked":["Lizard Tail","Fusion Hammer"],"picked":"Astrolabe"}],"items_purged_floors":[2,8,31,37],"is_endless":false,"potions_floor_spawned":[3,4,5,16,18,22,23,29,30,35,36,38,48],"killed_by":"Awakened One","ascension_level":2}