{"gold_per_floor":[117,132,151,165,165,165,191,191,245,274,274,288,363,392,392,497,497,516,528,165,175,41,70,70,98,98,117,117,171,171,171,171,275,275,294,9,25,25,25,25,57,57,57,73,73,84,95,108,108,108],"floor_reached":51,"playtime":1500,"items_purged":["Strike_R","Strike_R","Strike_R"],"score":1408,"play_id":"f02e852e-c262-40a3-bedc-75fb07b49785","local_time":"20190706171446","is_ascension_mode":true,"campfire_choices":[{"data":"Whirlwind","floor":6.0,"key":"SMITH"},{"data":"Demon Form","floor":8.0,"key":"SMITH"},{"data":"Bash","floor":11.0,"key":"SMITH"},{"data":"Hemokinesis","floor":15.0,"key":"SMITH"},{"data":"Shockwave","floor":24,"key":"SMITH"},{"data":"Heavy Blade","floor":28,"key":"SMITH"},{"data":"Power Through","floor":30,"key":"SMITH"},{"data":"Impervious","floor":32,"key":"SMITH"},{"data":"Shrug It Off","floor":40,"key":"SMITH"},{"data":"Feed","floor":42,"key":"SMITH"},{"data":"Power Through","floor":49,"key":"SMITH"}],"neow_cost":"","seed_source_timestamp":0,"circlet_count":0,"master_deck":["Inflame+1","Defend_R","Defend_R","Defend_R","Defend_R","Bash+1","Thunderclap","Hemokinesis+1","Whirlwind+1","Twin Strike","Demon Form+1","Feed+1","Impervious+1","Clothesline","Shockwave+1","Power Through+1","Second Wind+1","Warcry+1","Heavy Blade+1","Dark Embrace","Shrug It Off+1","Shrug It Off+1","True Grit+1","Power Through+1","Heavy Blade+1"],"special_seed":0,"relics":["Burning Blood","Vajra","Ancient Tea Set","Tiny Chest","Centennial Puzzle","Incense Burner","Snecko Eye","FossilizedHelix","Mercury Hourglass","Ice Cream","Shuriken","Pen Nib","Sozu","Dead Branch","Self Forming Clay","Dodecahedron"],"potions_floor_usage":[25,50],"damage_taken":[{"damage":10.0,"enemies":"Small Slimes","floor":1.0,"turns":3.0},{"damage":7.0,"enemies":"Jaw Worm","floor":2.0,"turns":3.0},{"damage":3.0,"enemies":"Cultist","floor":3.0,"turns":2.0},{"damage":8.0,"enemies":"2 Fungi Beasts","floor":4.0,"turns":3.0},{"damage":7.0,"enemies":"Gremlin Nob","floor":7.0,"turns":3.0},{"damage":3.0,"enemies":"Lagavulin","floor":10.0,"turns":4.0},{"damage":8.0,"enemies":"Blue Slaver","floor":12.0,"turns":2.0},{"damage":8.0,"enemies":"Gremlin Nob","floor":14.0,"turns":3.0},{"damage":45.0,"enemies":"Hexaghost","floor":16.0,"turns":7.0},{"damage":4.0,"enemies":"Shell Parasite","floor":18.0,"turns":2.0},{"damage":17,"enemies":"2 Thieves","floor":19,"turns":3},{"damage":4,"enemies":"Cultist and Chosen","floor":21,"turns":4},{"damage":0,"enemies":"Gremlin Leader","floor":23,"turns":5},{"damage":10,"enemies":"Slavers","floor":25,"turns":5},{"damage":0,"enemies":"Chosen and Byrds","floor":27,"turns":4},{"damage":2,"enemies":"Champ","floor":33,"turns":6},{"damage":20,"enemies":"3 Darklings","floor":35,"turns":3},{"damage":0,"enemies":"3 Shapes","floor":37,"turns":3},{"damage":4,"enemies":"Reptomancer","floor":41,"turns":4},{"damage":0,"enemies":"Maw","floor":44,"turns":5},{"damage":0,"enemies":"Spire Growth","floor":46,"turns":3},{"damage":8,"enemies":"Sphere and 2 Shapes","floor":47,"turns":3},{"damage":0,"enemies":"Transient","floor":48,"turns":5},{"damage":2,"enemies":"Time Eater","floor":50,"turns":5}],"seed_played":"5150695267065338510","potions_obtained":[{"floor":2.0,"key":"EssenceOfSteel"},{"floor":3.0,"key":"Fruit Juice"},{"floor":10.0,"key":"Strength Potion"},{"floor":12.0,"key":"Swift Potion"},{"floor":33,"key":"EntropicBrew"}],"is_trial":true,"path_per_floor":["M","M","M","M","?","R","E","R","T","E","R","M","?","E","R","B",null,"M","M","$","M","$","E","R","E","T","M","R","T","R","?","R","B",null,"M","$","M","?","?","R","E","R","T","M","T","M","M","M","R","B",null],"character_chosen":"IRONCLAD","items_purchased":["FossilizedHelix","Power Through","Fiend Fire"],"campfire_rested":0,"item_purchase_floors":[20,22,36],"current_hp_per_floor":[68,67,75,73,66,66,65,65,65,68,68,69,61,62,62,23,74,76,65,65,67,67,76,76,75,75,81,81,81,81,81,81,88,97,83,83,92,92,92,92,94,94,94,98,98,98,96,98,98,98],"gold":108,"neow_bonus":"","is_prod":false,"is_daily":false,"chose_seed":false,"campfire_upgraded":11,"win_rate":0,"timestamp":1562400886,"path_taken":["M","M","M","M","?","R","E","R","T","E","R","M","?","E","R","BOSS","M","M","$","M","$","E","R","E","T","M","R","?","R","?","R","BOSS","M","$","M","?","?","R","E","R","T","M","?","M","M","M","R","BOSS"],"build_version":"2019-07-05","purchased_purges":3,"victory":true,"max_hp_per_floor":[80,80,85,85,85,85,85,85,85,85,85,88,88,91,91,91,91,91,91,91,91,91,94,94,97,97,97,97,97,97,97,97,100,100,100,100,103,98,98,98,98,98,98,98,98,98,98,98,98,98],"card_choices":[{"not_picked":["Havoc","Sentinel"],"picked":"Thunderclap","floor":1.0},{"not_picked":["Body Slam","Perfected Strike"],"picked":"Hemokinesis","floor":2.0},{"not_picked":["Armaments","Warcry"],"picked":"Whirlwind","floor":3.0},{"not_picked":["Rage","Body Slam"],"picked":"Twin Strike","floor":4.0},{"not_picked":["Clothesline","Hemokinesis"],"picked":"Demon Form","floor":7.0},{"not_picked":["Blood for Blood","Armaments"],"picked":"Feed","floor":10.0},{"not_picked":["Pommel Strike","Clash","Thunderclap"],"picked":"SKIP","floor":12.0},{"not_picked":["Whirlwind","Warcry","Sentinel"],"picked":"SKIP","floor":14.0},{"not_picked":["Brutality","Dark Embrace"],"picked":"Impervious","floor":16.0},{"not_picked":["Rupture","Body Slam"],"picked":"Clothesline","floor":18.0},{"not_picked":["Pommel Strike+1","Spot Weakness","Headbutt"],"picked":"SKIP","floor":19},{"not_picked":["Iron Wave+1","Clothesline"],"picked":"Shockwave","floor":21},{"not_picked":["Demon Form","Hemokinesis"],"picked":"Second Wind+1","floor":23},{"not_picked":["Clash","Second Wind"],"picked":"Warcry+1","floor":25},{"not_picked":["Ghostly Armor+1","Twin Strike"],"picked":"Heavy Blade","floor":27},{"not_picked":["Impervious","Exhume"],"picked":"Dark Embrace","floor":33},{"not_picked":["Cleave","Armaments"],"picked":"Shrug It Off","floor":35},{"not_picked":["Corruption","Thunderclap+1"],"picked":"Shrug It Off+1","floor":37},{"not_picked":["Entrench","Juggernaut"],"picked":"True Grit+1","floor":41},{"not_picked":["Havoc+1","Shrug It Off","Metallicize"],"picked":"SKIP","floor":44},{"not_picked":["Searing Blow+1","Twin Strike"],"picked":"Power Through","floor":46},{"not_picked":["Burning Pact","Flex+1","Twin Strike"],"picked":"SKIP","floor":47},{"not_picked":["Flex","Headbutt+1"],"picked":"Heavy Blade+1","floor":48}],"player_experience":180839,"relics_obtained":[{"floor":7.0,"key":"Ancient Tea Set"},{"floor":9.0,"key":"Tiny Chest"},{"floor":10.0,"key":"Centennial Puzzle"},{"floor":14.0,"key":"Incense Burner"},{"floor":23,"key":"Mercury Hourglass"},{"floor":25,"key":"Ice Cream"},{"floor":26,"key":"Shuriken"},{"floor":29,"key":"Pen Nib"},{"floor":41,"key":"Dead Branch"},{"floor":43,"key":"Self Forming Clay"},{"floor":45,"key":"Dodecahedron"}],"event_choices":[{"cards_removed":["Strike_R"],"damage_healed":0.0,"max_hp_gain":0.0,"max_hp_loss":0.0,"gold_gain":0.0,"event_name":"Golden Wing","player_choice":"Card Removal","floor":5.0,"gold_loss":0.0,"damage_taken":7.0},{"damage_healed":0.0,"max_hp_gain":0.0,"max_hp_loss":0.0,"gold_gain":75.0,"event_name":"FaceTrader","player_choice":"Touch","floor":13.0,"gold_loss":0.0,"damage_taken":8.0},{"damage_healed":0,"gold_gain":0,"player_choice":"Ignored","damage_taken":0,"max_hp_gain":0,"max_hp_loss":0,"event_name":"Ghosts","floor":31,"gold_loss":0},{"damage_healed":0,"gold_gain":0,"player_choice":"Max HP","damage_taken":0,"max_hp_gain":0,"max_hp_loss":5,"event_name":"Winding Halls","floor":38,"gold_loss":0},{"cards_removed":["Fiend Fire"],"damage_healed":0,"gold_gain":0,"player_choice":"Removed Attack","damage_taken":0,"max_hp_gain":0,"max_hp_loss":0,"event_name":"Falling","floor":39,"gold_loss":0}],"is_beta":false,"boss_relics":[{"not_picked":["Runic Pyramid","Runic Cube"],"picked":"Snecko Eye"},{"not_picked":["Astrolabe","Runic Dome"],"picked":"Sozu"}],"items_purged_floors":[20,22,36],"is_endless":false,"potions_floor_spawned":[2,3,10,12,18,21,33,35,37,47],"ascension_level":11}