{"gold_per_floor":[114,189,204,204,223,223,242,261,311,330,330,349,349,368,368,368],"floor_reached":16,"playtime":580,"items_purged":[],"score":96,"play_id":"8ca85778-fdf5-4175-96d8-9cdc5c610957","local_time":"20190707120701","daily_mods":["Heirloom","Blue Cards","DeadlyEvents"],"is_ascension_mode":false,"campfire_choices":[{"data":"Bouncing Flask","floor":6,"key":"SMITH"},{"data":"1","floor":11,"key":"LIFT"},{"data":"2","floor":15,"key":"LIFT"}],"neow_cost":"","seed_source_timestamp":667447475603490,"circlet_count":0,"master_deck":["Strike_G","Strike_G","Strike_G","Strike_G","Defend_G","Defend_G","Defend_G","Defend_G","Defend_G","Survivor","Neutralize","Poisoned Stab","Bouncing Flask+1","Cold Snap","Streamline","Corpse Explosion","Slice","Self Repair"],"special_seed":18084,"relics":["Ring of the Snake","Girya","Golden Idol","Potion Belt"],"potions_floor_usage":[16,16,16],"damage_taken":[{"damage":0,"enemies":"Small Slimes","floor":1,"turns":3},{"damage":1,"enemies":"Cultist","floor":3,"turns":4},{"damage":0,"enemies":"2 Louse","floor":5,"turns":3},{"damage":3,"enemies":"2 Fungi Beasts","floor":7,"turns":3},{"damage":10,"enemies":"Blue Slaver","floor":8,"turns":4},{"damage":5,"enemies":"Gremlin Gang","floor":10,"turns":3},{"damage":0,"enemies":"Red Slaver","floor":12,"turns":3},{"damage":4,"enemies":"Blue Slaver","floor":14,"turns":2},{"damage":19,"enemies":"The Guardian","floor":16,"turns":6}],"seed_played":"-6942843224144824641","potions_obtained":[{"floor":3,"key":"EssenceOfSteel"},{"floor":10,"key":"AttackPotion"},{"floor":12,"key":"Strength Potion"}],"is_trial":false,"path_per_floor":["M","?","M","?","M","R","M","M","T","M","R","M","?","M","R","B"],"character_chosen":"THE_SILENT","items_purchased":[],"campfire_rested":0,"item_purchase_floors":[],"current_hp_per_floor":[70,59,58,41,41,41,38,28,28,23,23,23,23,19,19,0],"gold":368,"neow_bonus":"","is_prod":false,"is_daily":true,"chose_seed":false,"campfire_upgraded":1,"win_rate":0,"timestamp":1562468821,"path_taken":["M","?","M","?","M","R","M","M","T","M","R","M","?","M","R","BOSS"],"build_version":"2019-07-05","purchased_purges":0,"victory":false,"max_hp_per_floor":[70,70,70,70,70,70,70,70,70,70,70,70,70,70,70,70],"card_choices":[{"not_picked":["Sucker Punch","Steam"],"picked":"Poisoned Stab","floor":1},{"not_picked":["Redo","Reinforced Body"],"picked":"Bouncing Flask","floor":3},{"not_picked":["Quick Slash","Prepared"],"picked":"Cold Snap","floor":5},{"not_picked":["Compile Driver","Sunder"],"picked":"Streamline","floor":7},{"not_picked":["Hello World","Self Repair"],"picked":"Corpse Explosion","floor":8},{"not_picked":["Melter","Choke","Coolheaded"],"picked":"SKIP","floor":10},{"not_picked":["Flying Knee","Leap"],"picked":"Slice","floor":12},{"not_picked":["Bane","Go for the Eyes"],"picked":"Self Repair","floor":14}],"player_experience":93652,"relics_obtained":[{"floor":9,"key":"Potion Belt"}],"event_choices":[{"damage_healed":0,"gold_gain":75,"player_choice":"Gather Gold","damage_taken":11,"max_hp_gain":0,"max_hp_loss":0,"event_name":"World of Goop","floor":2,"gold_loss":0},{"damage_healed":0,"gold_gain":0,"player_choice":"Take Damage","damage_taken":17,"relics_obtained":["Golden Idol"],"max_hp_gain":0,"max_hp_loss":0,"event_name":"Golden Idol","floor":4,"gold_loss":0},{"cards_removed":["Strike_G"],"damage_healed":0,"gold_gain":0,"player_choice":"Offered Basic","damage_taken":0,"max_hp_gain":0,"max_hp_loss":0,"event_name":"Bonfire Elementals","floor":13,"gold_loss":0}],"is_beta":false,"boss_relics":[],"items_purged_floors":[],"is_endless":false,"potions_floor_spawned":[3,10,12],"killed_by":"The Guardian","ascension_level":0}