{"gold_per_floor":[115,126,126,76,151,151,165,165,188,202,231,241,241,273,285,402,414,446,373,385,410,422,434,446,458,515,527,552,564,589,601],"floor_reached":31,"playtime":2501,"items_purged":[],"score":243,"play_id":"0cfa7553-15ff-418f-9c90-dfce3a6b7cd1","local_time":"20190705013918","is_ascension_mode":false,"campfire_choices":[{"data":"Coolheaded","floor":6,"key":"SMITH"},{"data":"Loop","floor":8,"key":"SMITH"},{"data":"Chill","floor":13,"key":"SMITH"},{"data":"Rainbow","floor":15,"key":"SMITH"},{"data":"Creative AI","floor":23,"key":"SMITH"},{"data":"Amplify","floor":25,"key":"SMITH"},{"data":"Barrage","floor":27,"key":"SMITH"},{"data":"Self Repair","floor":29,"key":"SMITH"}],"neow_cost":"NONE","seed_source_timestamp":459915253332035,"circlet_count":0,"master_deck":["Strike_B","Strike_B","Strike_B","Strike_B","Defend_B+1","Defend_B","Defend_B","Defend_B","Zap","Dualcast+1","Coolheaded+1","Loop+1","Sweeping Beam","Chill+1","Barrage+1","Rainbow+1","Creative AI+1","Ball Lightning+1","Pain","Coolheaded+1","Amplify+1","Self Repair+1","White Noise+1"],"relics":["Cracked Core","Pocketwatch","Bag of Preparation","Ginger","MawBank","Nuclear Battery","War Paint","WarpedTongs","Oddly Smooth Stone"],"potions_floor_usage":[11,16,16,21],"damage_taken":[{"damage":2,"enemies":"Small Slimes","floor":1,"turns":3},{"damage":2,"enemies":"2 Louse","floor":2,"turns":3},{"damage":0,"enemies":"Cultist","floor":7,"turns":3},{"damage":7,"enemies":"Red Slaver","floor":10,"turns":3},{"damage":28,"enemies":"Gremlin Nob","floor":11,"turns":4},{"damage":2,"enemies":"2 Fungi Beasts","floor":12,"turns":4},{"damage":8,"enemies":"Lagavulin","floor":14,"turns":9},{"damage":6,"enemies":"Slime Boss","floor":16,"turns":10},{"damage":29,"enemies":"Spheric Guardian","floor":18,"turns":6},{"damage":26,"enemies":"2 Thieves","floor":21,"turns":4},{"damage":12,"enemies":"Centurion and Healer","floor":28,"turns":8},{"damage":11,"enemies":"3 Cultists","floor":30,"turns":5},{"damage":14,"enemies":"Book of Stabbing","floor":31,"turns":3}],"seed_played":"737797147756843145","potions_obtained":[{"floor":1,"key":"LiquidBronze"},{"floor":7,"key":"Energy Potion"},{"floor":14,"key":"Energy Potion"},{"floor":16,"key":"Poison Potion"},{"floor":18,"key":"SteroidPotion"}],"is_trial":false,"path_per_floor":["M","M","?","?","?","R","M","R","T","M","E","M","R","E","R","B",null,"M","?","?","M","$","R","?","R","T","R","M","R","M","E"],"character_chosen":"DEFECT","items_purchased":[],"campfire_rested":0,"item_purchase_floors":[],"current_hp_per_floor":[80,78,78,78,67,67,67,67,67,60,32,30,30,22,22,16,82,53,53,53,27,27,27,27,27,27,27,15,15,14,0],"gold":601,"neow_bonus":"TEN_PERCENT_HP_BONUS","is_prod":false,"is_daily":false,"chose_seed":false,"campfire_upgraded":8,"win_rate":0.0,"timestamp":1562258358,"path_taken":["M","M","?","?","?","R","M","R","T","M","E","M","R","E","R","BOSS","M","?","?","?","?","R","?","R","T","R","M","R","M","E"],"build_version":"2019-07-01","purchased_purges":0,"victory":false,"max_hp_per_floor":[82,82,82,82,82,82,82,82,82,82,82,82,82,82,82,82,82,82,82,82,82,82,82,82,82,82,82,82,82,82,82],"card_choices":[{"not_picked":["Reinforced Body","Force Field"],"picked":"Coolheaded","floor":1},{"not_picked":["Beam Cell","Gash","Hello World"],"picked":"SKIP","floor":2},{"not_picked":["Streamline","Fusion"],"picked":"Loop","floor":7},{"not_picked":["Reprogram","Steam"],"picked":"Sweeping Beam","floor":10},{"not_picked":["Coolheaded","Go for the Eyes"],"picked":"Chill","floor":11},{"not_picked":["Go for the Eyes","Hello World"],"picked":"Barrage","floor":12},{"not_picked":["Conserve Battery","Go for the Eyes"],"picked":"Rainbow","floor":14},{"not_picked":["Thunder Strike","Amplify"],"picked":"Creative AI","floor":16},{"not_picked":["Steam","Compile Driver"],"picked":"Ball Lightning+1","floor":18},{"not_picked":["Gash","Hello World"],"picked":"Coolheaded+1","floor":21},{"not_picked":["Thunder Strike","Conserve Battery+1"],"picked":"Self Repair","floor":28},{"not_picked":["Conserve Battery+1","Scrape"],"picked":"White Noise+1","floor":30}],"player_experience":38178,"relics_obtained":[{"floor":9,"key":"Bag of Preparation"},{"floor":11,"key":"Ginger"},{"floor":14,"key":"MawBank"},{"floor":26,"key":"Oddly Smooth Stone"}],"event_choices":[{"damage_healed":0,"gold_gain":0,"player_choice":"Box","damage_taken":0,"relics_obtained":["Pocketwatch"],"max_hp_gain":0,"max_hp_loss":0,"event_name":"Big Fish","floor":3,"gold_loss":0,"cards_obtained":["Regret"]},{"cards_removed":["Regret"],"damage_healed":0,"gold_gain":0,"player_choice":"Card Removal","damage_taken":0,"max_hp_gain":0,"max_hp_loss":0,"event_name":"The Cleric","floor":4,"gold_loss":50},{"damage_healed":0,"gold_gain":75,"player_choice":"Gather Gold","damage_taken":11,"max_hp_gain":0,"max_hp_loss":0,"event_name":"World of Goop","floor":5,"gold_loss":0},{"damage_healed":0,"gold_gain":0,"player_choice":"Obtained Relic","damage_taken":0,"relics_obtained":["War Paint"],"max_hp_gain":0,"max_hp_loss":0,"event_name":"Addict","floor":19,"gold_loss":85},{"damage_healed":0,"gold_gain":0,"player_choice":"Rummage","damage_taken":0,"relics_obtained":["WarpedTongs"],"max_hp_gain":0,"max_hp_loss":0,"event_name":"Accursed Blacksmith","floor":20,"gold_loss":0,"cards_obtained":["Pain"]},{"damage_healed":0,"gold_gain":0,"player_choice":"1 cards matched","damage_taken":0,"max_hp_gain":0,"max_hp_loss":0,"event_name":"Match and Keep!","floor":24,"gold_loss":0,"cards_obtained":["Amplify"]}],"is_beta":false,"boss_relics":[{"not_picked":["Eternal Feather","FrozenCore"],"picked":"Nuclear Battery"}],"items_purged_floors":[],"is_endless":false,"potions_floor_spawned":[1,7,14,16,18],"killed_by":"Book of Stabbing","ascension_level":0}