{"gold_per_floor":[112,112,125,144,155,155,180,190,190,220,239,272,272,292,292,365,365,381,398,323,323,5,5,23,36,83,83,83,116,36,36,36,114,114,131,150,150,150,250,250,269,269,296,296,0,70,70,90,90,90],"floor_reached":50,"playtime":2301,"items_purged":["Defend_G"],"score":960,"play_id":"82dd5775-32f4-4412-a929-fba5d16748e1","local_time":"20190714043146","is_ascension_mode":true,"campfire_choices":[{"data":"Dagger Spray","floor":6.0,"key":"SMITH"},{"floor":13.0,"key":"REST"},{"data":"Footwork","floor":15.0,"key":"SMITH"},{"floor":23.0,"key":"REST"},{"data":"Cloak And Dagger","floor":32.0,"key":"SMITH"},{"data":"Wraith Form v2","floor":40.0,"key":"SMITH"},{"floor":42.0,"key":"REST"},{"data":"Cloak And Dagger","floor":44.0,"key":"SMITH"},{"floor":49,"key":"REST"}],"neow_cost":"NONE","seed_source_timestamp":0,"circlet_count":0,"master_deck":["AscendersBane","Strike_G","Strike_G","Strike_G","Strike_G","Defend_G","Defend_G","Defend_G","Survivor","Neutralize","Dagger Spray+1","Cloak And Dagger+1","Predator","Cloak And Dagger+1","Dagger Throw","Footwork+1","Bouncing Flask","Backflip","Skewer","Burst","Outmaneuver","Leg Sweep","Night Terror","PiercingWail","Dagger Throw+1","Wraith Form v2+1","Skewer+1","Noxious Fumes","Calculated Gamble+1","Crippling Poison","Terror+1"],"special_seed":0,"relics":["Ring of the Snake","NeowsBlessing","Incense Burner","Blood Vial","Boot","Ornamental Fan","Philosopher\u0027s Stone","Du-Vu Doll","Juzu Bracelet","Shuriken","Dream Catcher","Sozu","Torii","Centennial Puzzle","Red Mask","Bottled Tornado"],"potions_floor_usage":[],"damage_taken":[{"damage":0.0,"enemies":"2 Louse","floor":1.0,"turns":1.0},{"damage":0.0,"enemies":"Jaw Worm","floor":3.0,"turns":1.0},{"damage":0.0,"enemies":"Cultist","floor":4.0,"turns":1.0},{"damage":3.0,"enemies":"3 Louse","floor":5.0,"turns":2.0},{"damage":10.0,"enemies":"3 Sentries","floor":7.0,"turns":6.0},{"damage":0.0,"enemies":"2 Fungi Beasts","floor":8.0,"turns":3.0},{"damage":4.0,"enemies":"Gremlin Nob","floor":10.0,"turns":4.0},{"damage":9.0,"enemies":"Large Slime","floor":11.0,"turns":9.0},{"damage":5.0,"enemies":"3 Sentries","floor":12.0,"turns":7.0},{"damage":3.0,"enemies":"Exordium Thugs","floor":14.0,"turns":5.0},{"damage":21.0,"enemies":"The Guardian","floor":16.0,"turns":15.0},{"damage":12.0,"enemies":"3 Byrds","floor":18.0,"turns":4.0},{"damage":8.0,"enemies":"2 Thieves","floor":19.0,"turns":3.0},{"damage":0.0,"enemies":"3 Cultists","floor":24.0,"turns":2.0},{"damage":36.0,"enemies":"Cultist and Chosen","floor":25.0,"turns":10.0},{"damage":10.0,"enemies":"Book of Stabbing","floor":29.0,"turns":6.0},{"damage":31.0,"enemies":"Collector","floor":33.0,"turns":14.0},{"damage":6.0,"enemies":"Orb Walker","floor":35.0,"turns":4.0},{"damage":7.0,"enemies":"3 Shapes","floor":36.0,"turns":6.0},{"damage":0.0,"enemies":"Mind Bloom Boss Battle","floor":39.0,"turns":7.0},{"damage":15.0,"enemies":"Transient","floor":41.0,"turns":6.0},{"damage":16,"enemies":"3 Darklings","floor":48,"turns":5},{"damage":79,"enemies":"Time Eater","floor":50,"turns":12}],"seed_played":"1490791768695181022","potions_obtained":[{"floor":1.0,"key":"Explosive Potion"},{"floor":7.0,"key":"EssenceOfSteel"},{"floor":8.0,"key":"Strength Potion"},{"floor":12.0,"key":"EssenceOfSteel"},{"floor":14.0,"key":"Swift Potion"},{"floor":16.0,"key":"Poison Potion"},{"floor":25.0,"key":"Regen Potion"},{"floor":33.0,"key":"Energy Potion"}],"is_trial":false,"path_per_floor":["M","?","M","M","M","R","E","M","T","E","M","E","R","M","R","B",null,"M","M","?","T","$","R","M","M","T","?","T","E","$","?","R","B",null,"M","M","?","?","?","R","M","R","T","R","?","T","?","M","R","B"],"character_chosen":"THE_SILENT","items_purchased":["GhostInAJar","Night Terror","GamblersBrew"],"campfire_rested":4,"item_purchase_floors":[22,22,30],"current_hp_per_floor":[59,64,64,64,61,61,51,51,51,49,42,39,60,59,59,40,63,53,47,47,47,47,68,70,35,35,35,35,42,42,42,42,13,57,53,48,48,48,50,50,37,58,58,58,58,58,58,44,65,0],"gold":90,"neow_bonus":"THREE_ENEMY_KILL","is_prod":false,"is_daily":false,"chose_seed":false,"campfire_upgraded":5,"win_rate":0,"timestamp":1563046306,"path_taken":["M","?","M","M","M","R","E","M","T","E","M","E","R","M","R","BOSS","M","M","?","?","$","R","M","M","T","?","?","E","?","?","R","BOSS","M","M","?","?","?","R","M","R","T","R","?","?","?","M","R","BOSS"],"build_version":"2019-07-05","purchased_purges":1,"victory":false,"max_hp_per_floor":[66,71,71,71,71,71,71,71,71,71,71,71,71,71,71,71,71,71,71,71,71,71,71,71,71,71,71,71,71,71,71,71,71,71,71,71,71,71,71,71,71,71,71,71,71,71,71,71,71,71],"card_choices":[{"not_picked":["Concentrate","Outmaneuver"],"picked":"Dodge and Roll","floor":1.0},{"not_picked":["Accuracy","Footwork"],"picked":"Dagger Spray","floor":3.0},{"not_picked":["Blade Dance","Acrobatics"],"picked":"Cloak And Dagger","floor":4.0},{"not_picked":["Outmaneuver","Well Laid Plans"],"picked":"Predator","floor":5.0},{"not_picked":["Bane","Slice"],"picked":"Cloak And Dagger","floor":7.0},{"not_picked":["Envenom","Choke"],"picked":"Dagger Throw","floor":8.0},{"not_picked":["Eviscerate","Blade Dance"],"picked":"Footwork","floor":10.0},{"not_picked":["Caltrops","Predator"],"picked":"Bouncing Flask","floor":11.0},{"not_picked":["Deadly Poison","Bouncing Flask"],"picked":"Backflip","floor":12.0},{"not_picked":["Cloak And Dagger","Caltrops"],"picked":"Skewer","floor":14.0},{"not_picked":["Venomology","Unload"],"picked":"Burst","floor":16.0},{"not_picked":["Dagger Throw","Poisoned Stab"],"picked":"Outmaneuver","floor":18.0},{"not_picked":["Outmaneuver","Poisoned Stab"],"picked":"Leg Sweep","floor":19.0},{"not_picked":["Reflex","Accuracy","Outmaneuver"],"picked":"SKIP","floor":24.0},{"not_picked":["Expertise","Deadly Poison"],"picked":"PiercingWail","floor":25.0},{"not_picked":["Outmaneuver","Prepared"],"picked":"Dagger Throw+1","floor":29.0},{"not_picked":["Corpse Explosion","Die Die Die"],"picked":"Wraith Form v2","floor":33.0},{"not_picked":["Deflect","Outmaneuver","Poisoned Stab"],"picked":"SKIP","floor":35.0},{"not_picked":["Catalyst","Outmaneuver"],"picked":"Skewer+1","floor":36.0},{"not_picked":["Cloak And Dagger","Choke"],"picked":"Noxious Fumes","floor":39.0},{"not_picked":["Backflip","Poisoned Stab"],"picked":"Calculated Gamble+1","floor":41.0},{"not_picked":["Cloak And Dagger","Blade Dance"],"picked":"Crippling Poison","floor":42.0},{"not_picked":["Leg Sweep","Bane"],"picked":"Terror+1","floor":48}],"player_experience":774567,"relics_obtained":[{"floor":7.0,"key":"Incense Burner"},{"floor":9.0,"key":"Blood Vial"},{"floor":10.0,"key":"Boot"},{"floor":12.0,"key":"Ornamental Fan"},{"floor":21.0,"key":"Du-Vu Doll"},{"floor":26.0,"key":"Juzu Bracelet"},{"floor":28.0,"key":"Shuriken"},{"floor":29.0,"key":"Dream Catcher"},{"floor":39.0,"key":"Torii"},{"floor":43.0,"key":"Centennial Puzzle"},{"floor":46.0,"key":"Bottled Tornado"}],"event_choices":[{"damage_healed":0.0,"max_hp_gain":5.0,"max_hp_loss":0.0,"gold_gain":0.0,"event_name":"Big Fish","player_choice":"Donut","floor":2.0,"gold_loss":0.0,"damage_taken":0.0},{"cards_removed":["Strike_G"],"damage_healed":0.0,"max_hp_gain":0.0,"max_hp_loss":0.0,"gold_gain":0.0,"event_name":"Beggar","player_choice":"Gave Gold","floor":20.0,"gold_loss":75.0,"damage_taken":0.0},{"damage_healed":0.0,"max_hp_gain":0.0,"max_hp_loss":0.0,"gold_gain":0.0,"event_name":"The Mausoleum","player_choice":"Ignored","floor":27.0,"gold_loss":0.0,"damage_taken":0.0},{"cards_removed":["Defend_G"],"damage_healed":0.0,"max_hp_gain":0.0,"max_hp_loss":0.0,"gold_gain":0.0,"event_name":"Wheel of Change","player_choice":"Card Removal","floor":31.0,"gold_loss":0.0,"damage_taken":0.0},{"cards_removed":["Dodge and Roll"],"damage_healed":0.0,"max_hp_gain":0.0,"max_hp_loss":0.0,"gold_gain":0.0,"event_name":"Falling","player_choice":"Removed Skill","floor":37.0,"gold_loss":0.0,"damage_taken":0.0},{"damage_healed":0.0,"max_hp_gain":0.0,"max_hp_loss":0.0,"gold_gain":0.0,"event_name":"Mysterious Sphere","player_choice":"Ignored","floor":38.0,"gold_loss":0.0,"damage_taken":0.0},{"damage_healed":0.0,"max_hp_gain":0.0,"max_hp_loss":0.0,"gold_gain":0.0,"event_name":"MindBloom","player_choice":"Fight","floor":39.0,"gold_loss":0.0,"damage_taken":0.0},{"damage_healed":0.0,"max_hp_gain":0.0,"max_hp_loss":0.0,"gold_gain":0.0,"event_name":"Tomb of Lord Red Mask","player_choice":"Paid","floor":45.0,"gold_loss":296.0,"damage_taken":0.0,"relics_obtained":["Red Mask"]},{"damage_healed":0,"gold_gain":0,"player_choice":"Memory 1","damage_taken":0,"max_hp_gain":0,"max_hp_loss":0,"event_name":"SensoryStone","floor":47,"gold_loss":0}],"is_beta":false,"boss_relics":[{"not_picked":["Snecko Eye","Cursed Key"],"picked":"Philosopher\u0027s Stone"},{"not_picked":["White Beast Statue","Calling Bell"],"picked":"Sozu"}],"items_purged_floors":[22],"is_endless":false,"potions_floor_spawned":[1,7,8,12,14,16,24,25,33,39,48],"killed_by":"Time Eater","ascension_level":20}