{"gold_per_floor":[118,3,3,48,11,44,44,74,153,177,177,206,221,236,236,309,309,321,331,331,345,345],"floor_reached":22,"playtime":708,"items_purged":["Strike_B"],"score":504,"play_id":"c49807ce-c019-4664-a3e8-f0ff9b0dcb5d","local_time":"20190609135729","is_ascension_mode":true,"campfire_choices":[{"data":"Zap","floor":7,"key":"SMITH"},{"data":"Sweeping Beam","floor":11,"key":"SMITH"},{"data":"Defragment","floor":15,"key":"SMITH"}],"neow_cost":"NONE","seed_source_timestamp":983616516586964,"circlet_count":0,"master_deck":["AscendersBane","Strike_B","Strike_B","Defend_B","Defend_B","Defend_B","Defend_B","Zap+1","Dualcast","Gash","Defragment+1","Defragment","Coolheaded","Sweeping Beam+1","Ball Lightning","Loop","Conserve Battery","Buffer","Consume","Storm"],"relics":["Cracked Core","NeowsBlessing","Regal Pillow","Matryoshka","Gambling Chip","Vajra","The Courier","Gremlin Horn","Happy Flower","Pen Nib","Sozu"],"potions_floor_usage":[16,18],"damage_taken":[{"damage":0,"enemies":"Jaw Worm","floor":1,"turns":1},{"damage":0,"enemies":"Gremlin Nob","floor":6,"turns":1},{"damage":0,"enemies":"Lagavulin","floor":8,"turns":1},{"damage":25,"enemies":"3 Sentries","floor":12,"turns":11},{"damage":0,"enemies":"Cultist","floor":13,"turns":2},{"damage":0,"enemies":"2 Louse","floor":14,"turns":2},{"damage":7,"enemies":"Hexaghost","floor":16,"turns":10},{"damage":17,"enemies":"2 Thieves","floor":18,"turns":5},{"damage":4,"enemies":"Spheric Guardian","floor":19,"turns":3},{"damage":47,"enemies":"Snecko","floor":21,"turns":6},{"damage":7,"enemies":"Masked Bandits","floor":22,"turns":1}],"seed_played":"1845909120690484770","potions_obtained":[{"floor":12,"key":"Swift Potion"},{"floor":16,"key":"Regen Potion"}],"is_trial":false,"path_per_floor":["M","$","?","T","$","E","R","E","T","T","R","E","M","M","R","B",null,"M","M","?","M","?"],"character_chosen":"DEFECT","items_purchased":["Defragment","Defragment"],"campfire_rested":0,"item_purchase_floors":[2,5],"current_hp_per_floor":[64,64,57,57,57,57,57,57,57,57,57,32,32,32,32,25,60,57,53,53,6,0],"gold":345,"neow_bonus":"THREE_ENEMY_KILL","is_prod":false,"is_daily":false,"chose_seed":false,"campfire_upgraded":3,"win_rate":0,"timestamp":1560106649,"path_taken":["M","$","?","?","$","E","R","E","T","?","R","E","?","M","R","BOSS","M","M","?","M","?"],"build_version":"2019-01-23","purchased_purges":1,"victory":false,"max_hp_per_floor":[71,71,71,71,71,71,71,71,71,71,71,71,71,71,71,71,71,71,71,71,71,71],"card_choices":[{"not_picked":["Redo","Hello World"],"picked":"Gash","floor":1},{"not_picked":["Cold Snap","Skim"],"picked":"Coolheaded","floor":6},{"not_picked":["Lockon","Tempest"],"picked":"Sweeping Beam","floor":8},{"not_picked":["Barrage","Compile Driver"],"picked":"Ball Lightning","floor":12},{"not_picked":["Heatsinks","Blizzard"],"picked":"Loop","floor":13},{"not_picked":["Beam Cell","Hologram"],"picked":"Conserve Battery","floor":14},{"not_picked":["Fission","Reboot"],"picked":"Buffer","floor":16},{"not_picked":["Blizzard","Reprogram"],"picked":"Consume","floor":18},{"not_picked":["Double Energy","Streamline","Consume"],"picked":"SKIP","floor":19},{"not_picked":["Steam Power","Recycle"],"picked":"Storm","floor":21}],"player_experience":1718129,"relics_obtained":[{"floor":4,"key":"Regal Pillow"},{"floor":6,"key":"Matryoshka"},{"floor":8,"key":"Gambling Chip"},{"floor":9,"key":"Vajra"},{"floor":9,"key":"The Courier"},{"floor":10,"key":"Gremlin Horn"},{"floor":10,"key":"Happy Flower"},{"floor":12,"key":"Pen Nib"}],"event_choices":[{"cards_removed":["Strike_B"],"damage_healed":0,"gold_gain":0,"player_choice":"Card Removal","damage_taken":7,"max_hp_gain":0,"max_hp_loss":0,"event_name":"Golden Wing","floor":3,"gold_loss":0},{"damage_healed":0,"gold_gain":0,"player_choice":"Ignored","damage_taken":0,"max_hp_gain":0,"max_hp_loss":0,"event_name":"Vampires","floor":20,"gold_loss":0},{"damage_healed":0,"gold_gain":0,"player_choice":"Fought Bandits","damage_taken":0,"max_hp_gain":0,"max_hp_loss":0,"event_name":"Masked Bandits","floor":22,"gold_loss":0}],"is_beta":false,"boss_relics":[{"not_picked":["Orrery","FrozenCore"],"picked":"Sozu"}],"items_purged_floors":[2],"is_endless":false,"potions_floor_spawned":[12,16,19],"killed_by":"Masked Bandits","ascension_level":20}