{"gold_per_floor":[117,67,78,78,90,90,104,104,156,156,169,180,199,211,211,211],"floor_reached":16,"playtime":774,"items_purged":[],"score":96,"play_id":"f43b4a29-85b8-4219-9357-20857599d7ef","local_time":"20190702143432","is_ascension_mode":false,"campfire_choices":[{"data":"Juggernaut","floor":6,"key":"SMITH"},{"data":"True Grit","floor":8,"key":"SMITH"},{"data":"Barricade","floor":15,"key":"SMITH"}],"neow_cost":"NONE","seed_source_timestamp":134230313716023,"circlet_count":0,"master_deck":["Strike_R","Strike_R","Strike_R","Strike_R","Defend_R","Defend_R+1","Defend_R","Defend_R+1","Juggernaut+1","Iron Wave","Corruption","Regret","True Grit+1","Barricade+1","Flame Barrier","Shrug It Off","Shrug It Off","Shrug It Off"],"relics":["Burning Blood","Dream Catcher","War Paint"],"potions_floor_usage":[16,16],"damage_taken":[{"damage":9,"enemies":"Small Slimes","floor":1,"turns":5},{"damage":5,"enemies":"Jaw Worm","floor":3,"turns":4},{"damage":3,"enemies":"2 Louse","floor":5,"turns":3},{"damage":22,"enemies":"Large Slime","floor":7,"turns":5},{"damage":16,"enemies":"2 Fungi Beasts","floor":11,"turns":4},{"damage":1,"enemies":"Exordium Wildlife","floor":12,"turns":4},{"damage":8,"enemies":"Looter","floor":13,"turns":5},{"damage":7,"enemies":"Exordium Thugs","floor":14,"turns":6},{"damage":59,"enemies":"Hexaghost","floor":16,"turns":12}],"seed_played":"-7928701265116737187","potions_obtained":[{"floor":5,"key":"GamblersBrew"},{"floor":11,"key":"SpeedPotion"},{"floor":13,"key":"Poison Potion"}],"is_trial":false,"path_per_floor":["M","?","M","?","M","R","M","R","T","?","M","M","M","M","R","B"],"character_chosen":"IRONCLAD","items_purchased":[],"campfire_rested":0,"item_purchase_floors":[],"current_hp_per_floor":[77,77,78,78,80,80,64,64,64,64,54,59,57,56,56,0],"gold":211,"neow_bonus":"ONE_RANDOM_RARE_CARD","is_prod":false,"is_daily":false,"chose_seed":false,"campfire_upgraded":3,"win_rate":0.0,"timestamp":1562042072,"path_taken":["M","?","M","?","M","R","M","R","T","?","M","M","?","M","R","BOSS"],"build_version":"2019-07-01","purchased_purges":0,"victory":false,"max_hp_per_floor":[80,80,80,80,80,80,80,80,80,80,80,80,80,80,80,80],"card_choices":[{"not_picked":["Reckless Charge","Clash"],"picked":"Iron Wave","floor":1},{"not_picked":["Cleave","Uppercut"],"picked":"Corruption","floor":3},{"not_picked":["Dropkick","Body Slam"],"picked":"True Grit","floor":5},{"not_picked":["Shockwave","Uppercut","Rupture"],"picked":"SKIP","floor":7},{"not_picked":["Rupture","Flex"],"picked":"Flame Barrier","floor":11},{"not_picked":["Dual Wield","Perfected Strike"],"picked":"Shrug It Off","floor":12},{"not_picked":["Armaments","Thunderclap"],"picked":"Shrug It Off","floor":13},{"not_picked":["Thunderclap","Perfected Strike"],"picked":"Shrug It Off","floor":14}],"player_experience":1082,"relics_obtained":[{"floor":9,"key":"War Paint"}],"event_choices":[{"cards_removed":["Strike_R"],"damage_healed":0,"gold_gain":0,"player_choice":"Card Removal","damage_taken":0,"max_hp_gain":0,"max_hp_loss":0,"event_name":"The Cleric","floor":2,"gold_loss":50},{"damage_healed":0,"gold_gain":0,"player_choice":"Box","damage_taken":0,"relics_obtained":["Dream Catcher"],"max_hp_gain":0,"max_hp_loss":0,"event_name":"Big Fish","floor":4,"gold_loss":0,"cards_obtained":["Regret"]},{"damage_healed":0,"gold_gain":0,"cards_transformed":["Bash"],"player_choice":"Change","damage_taken":0,"max_hp_gain":0,"max_hp_loss":0,"event_name":"Living Wall","floor":10,"gold_loss":0,"cards_obtained":["Barricade"]}],"is_beta":false,"boss_relics":[],"items_purged_floors":[],"is_endless":false,"potions_floor_spawned":[5,11,13,14],"killed_by":"Hexaghost","ascension_level":0}