{"gold_per_floor":[119,138,148,148,148,174,174,101,101,163,89,89,116,132,132,232,282,293,325,325,337,352,352,379,379,433,54,80,6,39,56,56,158,158,173,273,25,247,39,39],"floor_reached":40,"playtime":2567,"items_purged":["Strike_R","Strike_R"],"score":522,"play_id":"376f5465-e831-498b-8f73-c9ce6a4bb9b3","local_time":"20190711221721","is_ascension_mode":true,"campfire_choices":[{"data":"Double Tap","floor":7,"key":"SMITH"},{"data":"Uppercut","floor":15,"key":"SMITH"},{"floor":23,"key":"REST"},{"floor":25,"key":"REST"},{"data":"Berserk","floor":32,"key":"SMITH"}],"neow_cost":"NONE","seed_source_timestamp":79342603135500,"circlet_count":0,"master_deck":["Strike_R","Strike_R","Strike_R+1","Defend_R","Defend_R","Defend_R","Defend_R","Bash","Shrug It Off","Uppercut+1","Double Tap+1","Whirlwind","Feel No Pain","Iron Wave","Rage","Dropkick","Demon Form","Flex","Shrug It Off","Body Slam+1","Ghostly","Ghostly","Ghostly","Ghostly","Ghostly","True Grit+1","Flex+1","Berserk+1","Finesse+1","Whirlwind+1","Seeing Red+1","Impervious+1","Burning Pact+1","Seeing Red+1"],"relics":["Burning Blood","Paper Frog","Anchor","Red Skull","Tiny House","Red Mask","The Courier","Dream Catcher","Toxic Egg 2","Blood Vial","Thread and Needle","Matryoshka","Busted Crown","Du-Vu Doll","Sling","Bottled Tornado"],"potions_floor_usage":[6,6,13,13,16,16,24,24,30,31,33],"damage_taken":[{"damage":15,"enemies":"Jaw Worm","floor":1,"turns":4},{"damage":2,"enemies":"2 Louse","floor":2,"turns":3},{"damage":9,"enemies":"Small Slimes","floor":3,"turns":4},{"damage":18,"enemies":"Lagavulin","floor":6,"turns":6},{"damage":32,"enemies":"Lagavulin Event","floor":10,"turns":5},{"damage":19,"enemies":"3 Sentries","floor":13,"turns":8},{"damage":0,"enemies":"2 Fungi Beasts","floor":14,"turns":2},{"damage":72,"enemies":"The Guardian","floor":16,"turns":11},{"damage":9,"enemies":"3 Byrds","floor":18,"turns":6},{"damage":59,"enemies":"Masked Bandits","floor":19,"turns":4},{"damage":10,"enemies":"Shell Parasite","floor":21,"turns":8},{"damage":21,"enemies":"Centurion and Healer","floor":22,"turns":9},{"damage":12,"enemies":"Book of Stabbing","floor":24,"turns":7},{"damage":12,"enemies":"Slavers","floor":28,"turns":5},{"damage":0,"enemies":"Book of Stabbing","floor":30,"turns":7},{"damage":16,"enemies":"Shelled Parasite and Fungi","floor":31,"turns":8},{"damage":14,"enemies":"Champ","floor":33,"turns":10},{"damage":0,"enemies":"Orb Walker","floor":35,"turns":6},{"damage":0,"enemies":"Mind Bloom Boss Battle","floor":36,"turns":5},{"damage":46,"enemies":"Reptomancer","floor":40,"turns":2}],"seed_played":"6234174204460229543","potions_obtained":[{"floor":0,"key":"AttackPotion"},{"floor":0,"key":"SpeedPotion"},{"floor":0,"key":"Energy Potion"},{"floor":13,"key":"FearPotion"},{"floor":14,"key":"Fire Potion"},{"floor":16,"key":"Strength Potion"},{"floor":17,"key":"LiquidBronze"},{"floor":22,"key":"Block Potion"},{"floor":24,"key":"FearPotion"},{"floor":30,"key":"Fire Potion"},{"floor":31,"key":"SpeedPotion"},{"floor":36,"key":"Dexterity Potion"}],"is_trial":false,"path_per_floor":["M","M","M","?","?","E","R","$","T","?","$","?","E","M","R","B",null,"M","?","?","M","M","R","E","R","T","$","E","$","E","M","R","B",null,"M","?","$","?","$","E"],"character_chosen":"IRONCLAD","items_purchased":["Whirlwind","Iron Wave","AttackPotion","Toxic Egg 2","Blood Vial","Finesse+1","Sling","Bottled Tornado"],"campfire_rested":2,"item_purchase_floors":[8,11,11,27,27,29,37,39],"current_hp_per_floor":[71,75,72,77,77,65,65,65,65,39,39,85,72,78,78,12,90,87,34,34,30,15,28,22,35,35,35,31,31,39,31,31,25,45,45,45,45,45,45,0],"gold":39,"neow_bonus":"THREE_SMALL_POTIONS","is_prod":false,"is_daily":false,"chose_seed":false,"campfire_upgraded":3,"win_rate":0,"timestamp":1562897841,"path_taken":["M","M","M","?","?","E","R","$","T","?","$","?","E","M","R","BOSS","M","?","?","M","M","R","E","R","T","$","E","$","E","M","R","BOSS","M","?","$","?","$","E"],"build_version":"2019-07-05","purchased_purges":2,"victory":false,"max_hp_per_floor":[80,80,80,85,85,85,85,85,85,85,85,85,85,85,85,85,90,90,90,45,45,45,45,45,45,45,45,45,45,45,45,45,45,45,45,45,45,45,45,45],"card_choices":[{"not_picked":["Clothesline","Burning Pact","Dropkick"],"picked":"SKIP","floor":1},{"not_picked":["Flex","Feel No Pain"],"picked":"Shrug It Off","floor":2},{"not_picked":["Rupture","Heavy Blade"],"picked":"Uppercut","floor":3},{"not_picked":["Dark Embrace","Armaments"],"picked":"Double Tap","floor":6},{"not_picked":["Blood for Blood","Combust"],"picked":"Feel No Pain","floor":10},{"not_picked":["Feel No Pain","True Grit"],"picked":"Rage","floor":13},{"not_picked":["Clash","Sword Boomerang"],"picked":"Dropkick","floor":14},{"not_picked":["Double Tap","Limit Break"],"picked":"Demon Form","floor":16},{"not_picked":["Body Slam","Heavy Blade"],"picked":"Flex","floor":17},{"not_picked":["Intimidate","Flex"],"picked":"Shrug It Off","floor":18},{"not_picked":["Corruption","Flex+1"],"picked":"Body Slam+1","floor":19},{"not_picked":["Evolve","Sword Boomerang"],"picked":"True Grit+1","floor":21},{"not_picked":["Infernal Blade+1","Perfected Strike"],"picked":"Flex+1","floor":22},{"not_picked":["Clothesline","Sword Boomerang+1"],"picked":"Berserk","floor":24},{"not_picked":["Sever Soul","Clash+1","Dropkick"],"picked":"SKIP","floor":28},{"not_picked":["Thunderclap+1","Havoc+1"],"picked":"Whirlwind+1","floor":30},{"not_picked":["Armaments+1","Burning Pact+1"],"picked":"Seeing Red+1","floor":31},{"not_picked":["Immolate","Reaper"],"picked":"Impervious+1","floor":33},{"not_picked":[],"picked":"Burning Pact+1","floor":35},{"not_picked":[],"picked":"Seeing Red+1","floor":36}],"player_experience":156975,"relics_obtained":[{"floor":6,"key":"Paper Frog"},{"floor":10,"key":"Anchor"},{"floor":13,"key":"Red Skull"},{"floor":19,"key":"Red Mask"},{"floor":24,"key":"The Courier"},{"floor":26,"key":"Dream Catcher"},{"floor":28,"key":"Thread and Needle"},{"floor":30,"key":"Matryoshka"},{"floor":36,"key":"Du-Vu Doll"}],"event_choices":[{"damage_healed":0,"gold_gain":0,"player_choice":"Donut","damage_taken":0,"max_hp_gain":5,"max_hp_loss":0,"event_name":"Big Fish","floor":4,"gold_loss":0},{"damage_healed":0,"gold_gain":0,"player_choice":"Ignored","damage_taken":0,"max_hp_gain":0,"max_hp_loss":0,"event_name":"Liars Game","floor":5,"gold_loss":0},{"damage_healed":0,"gold_gain":0,"player_choice":"Searched \u00272\u0027 times","damage_taken":0,"max_hp_gain":0,"max_hp_loss":0,"event_name":"Dead Adventurer","floor":10,"gold_loss":0},{"damage_healed":46,"gold_gain":0,"player_choice":"Full Heal","damage_taken":0,"max_hp_gain":0,"max_hp_loss":0,"event_name":"Wheel of Change","floor":12,"gold_loss":0},{"damage_healed":0,"gold_gain":0,"player_choice":"Fought Bandits","damage_taken":0,"max_hp_gain":0,"max_hp_loss":0,"event_name":"Masked Bandits","floor":19,"gold_loss":0},{"damage_healed":0,"gold_gain":0,"player_choice":"Became a Ghost","damage_taken":0,"max_hp_gain":0,"max_hp_loss":45,"event_name":"Ghosts","floor":20,"gold_loss":0,"cards_obtained":["Ghostly","Ghostly","Ghostly","Ghostly","Ghostly"]},{"damage_healed":0,"gold_gain":0,"player_choice":"Fight","damage_taken":0,"max_hp_gain":0,"max_hp_loss":0,"event_name":"MindBloom","floor":36,"gold_loss":0},{"damage_healed":0,"gold_gain":222,"player_choice":"Wore Mask","damage_taken":0,"max_hp_gain":0,"max_hp_loss":0,"event_name":"Tomb of Lord Red Mask","floor":38,"gold_loss":0}],"is_beta":false,"boss_relics":[{"not_picked":["Sozu","Runic Dome"],"picked":"Tiny House"},{"not_picked":["Astrolabe","Runic Pyramid"],"picked":"Busted Crown"}],"items_purged_floors":[27,37],"is_endless":false,"potions_floor_spawned":[3,13,14,16,22,24,30,31,36],"killed_by":"Reptomancer","ascension_level":1}