{"gold_per_floor":[110,110,129,146,156,156,187,187],"floor_reached":8,"playtime":660,"items_purged":[],"score":116,"play_id":"4586ddd0-55e7-43f8-87be-5858815a8785","local_time":"20190630160156","is_ascension_mode":true,"campfire_choices":[{"data":"Anger","floor":6,"key":"SMITH"}],"neow_cost":"TEN_PERCENT_HP_LOSS","seed_source_timestamp":536906613013855,"circlet_count":0,"master_deck":["AscendersBane","Strike_R","Strike_R","Strike_R","Strike_R","Strike_R","Defend_R","Defend_R","Defend_R","Defend_R","Bash+1","Offering","Anger+1","Fire Breathing","Spot Weakness","Feel No Pain"],"relics":["Burning Blood","Girya"],"potions_floor_usage":[8,8],"damage_taken":[{"damage":2,"enemies":"2 Louse","floor":1,"turns":4},{"damage":2,"enemies":"Cultist","floor":3,"turns":4},{"damage":13,"enemies":"Small Slimes","floor":4,"turns":4},{"damage":9,"enemies":"Blue Slaver","floor":5,"turns":3},{"damage":41,"enemies":"3 Sentries","floor":7,"turns":7},{"damage":24,"enemies":"Large Slime","floor":8,"turns":3}],"seed_played":"-4323767446365522931","potions_obtained":[{"floor":1,"key":"Explosive Potion"},{"floor":4,"key":"GamblersBrew"}],"is_trial":false,"path_per_floor":["M","?","M","M","M","R","E","M"],"character_chosen":"IRONCLAD","items_purchased":[],"campfire_rested":0,"item_purchase_floors":[],"current_hp_per_floor":[68,68,68,61,58,58,23,0],"gold":187,"neow_bonus":"THREE_RARE_CARDS","is_prod":false,"is_daily":false,"chose_seed":false,"campfire_upgraded":1,"win_rate":0,"timestamp":1561928516,"path_taken":["M","?","M","M","?","R","E","M"],"build_version":"2019-06-29","purchased_purges":0,"victory":false,"max_hp_per_floor":[68,68,68,68,68,68,68,68],"card_choices":[{"not_picked":["Reaper","Fiend Fire"],"picked":"Offering","floor":0},{"not_picked":["Power Through","Searing Blow"],"picked":"Anger","floor":1},{"not_picked":["Body Slam","Cleave"],"picked":"Fire Breathing","floor":3},{"not_picked":["Flex","Entrench","Perfected Strike"],"picked":"SKIP","floor":4},{"not_picked":["Ghostly Armor","Bloodletting"],"picked":"Spot Weakness","floor":5},{"not_picked":["Seeing Red","Whirlwind"],"picked":"Feel No Pain","floor":7}],"player_experience":1595248,"relics_obtained":[{"floor":7,"key":"Girya"}],"event_choices":[{"damage_healed":0,"gold_gain":0,"player_choice":"Upgraded","damage_taken":0,"max_hp_gain":0,"max_hp_loss":0,"event_name":"Upgrade Shrine","floor":2,"gold_loss":0,"cards_upgraded":["Bash"]}],"is_beta":true,"boss_relics":[],"items_purged_floors":[],"is_endless":false,"potions_floor_spawned":[1,4,7],"killed_by":"Large Slime","ascension_level":20}