{"gold_per_floor":[114,129,129,144,159,189,189,25,50,65,80,110,121,151,151,251,251,266,266,281,381,396,426,426,441,441,471,471,217,232,247,247,347,347,362,377,392,407,422,422,437,452,502,72,87,87,102,132,144,156],"floor_reached":51,"playtime":3993,"items_purged":["Strike_B","Sunder"],"score":872,"play_id":"7e432455-91db-4c4f-9fd6-39d3c6e2db3a","local_time":"20190713203342","daily_mods":["Specialized","Vintage","Binary"],"is_ascension_mode":false,"campfire_choices":[{"floor":7,"key":"REST"},{"data":"Apotheosis","floor":15,"key":"SMITH"},{"floor":24,"key":"REST"},{"data":"1","floor":28,"key":"LIFT"},{"data":"2","floor":32,"key":"LIFT"},{"data":"3","floor":40,"key":"LIFT"},{"data":"Reprogram","floor":46,"key":"SMITH"},{"data":"FTL","floor":49,"key":"SMITH"}],"neow_cost":"","seed_source_timestamp":0,"circlet_count":0,"master_deck":["Strike_B","Strike_B","Defend_B","Defend_B","Defend_B+1","Defend_B","Zap","Dualcast","Static Discharge","Static Discharge","Static Discharge","Static Discharge","Static Discharge","Redo","Apotheosis+1","Reinforced Body+1","Reprogram+1","Storm+1","Creative AI+1","Self Repair+1","White Noise+1","Echo Form+1","Capacitor+1","FTL+1","Buffer+1","Parasite","Compile Driver+1"],"special_seed":18091,"relics":["Cracked Core","Centennial Puzzle","FossilizedHelix","Pen Nib","Symbiotic Virus","Frozen Egg 2","PreservedInsect","Smiling Mask","Question Card","The Courier","Odd Mushroom","Girya","Nuclear Battery","Happy Flower","Regal Pillow","Kunai","Unceasing Top","Ancient Tea Set","Emotion Chip","Orichalcum","Blue Candle","Matryoshka","Eternal Feather","Art of War","DataDisk","Boot","Bronze Scales","Oddly Smooth Stone","Anchor","Cables","Dream Catcher","Omamori","Membership Card","Strawberry","Blood Vial","Letter Opener","Bag of Preparation","War Paint","MawBank"],"potions_floor_usage":[23,27,36,41,50,50,50],"damage_taken":[{"damage":5,"enemies":"Cultist","floor":1,"turns":3},{"damage":5,"enemies":"Small Slimes","floor":2,"turns":4},{"damage":4,"enemies":"Jaw Worm","floor":4,"turns":4},{"damage":10,"enemies":"Gremlin Gang","floor":5,"turns":3},{"damage":12,"enemies":"Gremlin Nob","floor":6,"turns":3},{"damage":0,"enemies":"Exordium Wildlife","floor":10,"turns":4},{"damage":0,"enemies":"Looter","floor":11,"turns":2},{"damage":0,"enemies":"Lagavulin","floor":12,"turns":5},{"damage":13,"enemies":"The Mushroom Lair","floor":13,"turns":4},{"damage":18,"enemies":"3 Sentries","floor":14,"turns":3},{"damage":30,"enemies":"Hexaghost","floor":16,"turns":5},{"damage":0,"enemies":"Spheric Guardian","floor":18,"turns":3},{"damage":0,"enemies":"Chosen","floor":20,"turns":3},{"damage":8,"enemies":"Snecko","floor":22,"turns":5},{"damage":28,"enemies":"Slavers","floor":23,"turns":3},{"damage":12,"enemies":"Centurion and Healer","floor":25,"turns":4},{"damage":24,"enemies":"Book of Stabbing","floor":27,"turns":2},{"damage":0,"enemies":"Cultist and Chosen","floor":30,"turns":4},{"damage":6,"enemies":"Shelled Parasite and Fungi","floor":31,"turns":3},{"damage":0,"enemies":"Champ","floor":33,"turns":7},{"damage":0,"enemies":"Orb Walker","floor":35,"turns":4},{"damage":10,"enemies":"3 Darklings","floor":36,"turns":4},{"damage":21,"enemies":"Jaw Worm Horde","floor":37,"turns":2},{"damage":0,"enemies":"Spire Growth","floor":38,"turns":3},{"damage":21,"enemies":"4 Shapes","floor":39,"turns":3},{"damage":0,"enemies":"Writhing Mass","floor":41,"turns":5},{"damage":0,"enemies":"Maw","floor":42,"turns":7},{"damage":0,"enemies":"Jaw Worm Horde","floor":45,"turns":3},{"damage":0,"enemies":"3 Darklings","floor":47,"turns":3},{"damage":0,"enemies":"Giant Head","floor":48,"turns":6},{"damage":15,"enemies":"Donu and Deca","floor":50,"turns":4}],"seed_played":"-4607552387354997456","potions_obtained":[{"floor":1,"key":"FearPotion"},{"floor":4,"key":"SteroidPotion"},{"floor":11,"key":"SteroidPotion"},{"floor":14,"key":"Dexterity Potion"},{"floor":25,"key":"GamblersBrew"},{"floor":33,"key":"Explosive Potion"},{"floor":35,"key":"SkillPotion"},{"floor":37,"key":"SteroidPotion"},{"floor":38,"key":"Ancient Potion"},{"floor":48,"key":"Explosive Potion"}],"is_trial":false,"path_per_floor":["M","M","?","M","M","E","R","$","T","M","M","E","?","E","R","B",null,"M","?","M","?","M","E","R","M","T","E","R","$","M","M","R","B",null,"M","M","M","M","M","R","M","M","T","$","M","R","M","E","R","B",null],"character_chosen":"DEFECT","items_purchased":["Apotheosis","Echo Form+1","Capacitor+1","FTL","Membership Card","Strawberry","Blood Vial","Letter Opener"],"campfire_rested":2,"item_purchase_floors":[8,29,29,29,44,44,44,44],"current_hp_per_floor":[70,65,70,66,56,44,68,68,68,68,68,68,55,37,37,7,80,80,80,80,80,72,44,80,78,78,64,64,64,64,68,68,78,80,80,80,59,59,48,63,73,80,80,87,87,87,87,87,87,72],"gold":168,"neow_bonus":"","is_prod":false,"is_daily":true,"chose_seed":false,"campfire_upgraded":3,"win_rate":0,"timestamp":1563075222,"path_taken":["M","M","?","M","M","E","R","$","T","M","M","E","?","E","R","BOSS","M","?","?","?","M","E","R","M","T","E","R","$","M","M","R","BOSS","M","M","M","M","M","R","M","M","T","$","M","R","M","E","R","BOSS"],"build_version":"2019-07-05","purchased_purges":2,"victory":true,"max_hp_per_floor":[75,75,80,80,80,80,80,80,80,80,80,80,80,80,80,80,80,80,80,80,80,80,80,80,80,80,80,80,80,80,80,80,80,80,80,80,80,80,80,80,80,80,80,87,87,87,87,87,87,87],"card_choices":[{"not_picked":["Recycle"],"picked":"Redo","floor":6},{"not_picked":["Undo","Stack"],"picked":"Reinforced Body","floor":12},{"not_picked":["Barrage","Steam Power"],"picked":"Reprogram","floor":13},{"not_picked":["Stack","Steam"],"picked":"Storm+1","floor":14},{"not_picked":["Meteor Strike","Buffer+1"],"picked":"Creative AI+1","floor":16},{"not_picked":["Streamline","Rebound"],"picked":"Self Repair+1","floor":23},{"not_picked":["Skim","Cold Snap"],"picked":"White Noise+1","floor":27},{"not_picked":["Echo Form+1","Hyperbeam"],"picked":"Buffer+1","floor":33},{"not_picked":["Ball Lightning+1","Melter+1"],"picked":"Compile Driver+1","floor":48}],"player_experience":70531,"relics_obtained":[{"floor":1,"key":"Centennial Puzzle"},{"floor":2,"key":"FossilizedHelix"},{"floor":4,"key":"Pen Nib"},{"floor":5,"key":"Symbiotic Virus"},{"floor":6,"key":"Frozen Egg 2"},{"floor":9,"key":"PreservedInsect"},{"floor":10,"key":"Smiling Mask"},{"floor":11,"key":"Question Card"},{"floor":12,"key":"The Courier"},{"floor":13,"key":"Odd Mushroom"},{"floor":14,"key":"Girya"},{"floor":18,"key":"Happy Flower"},{"floor":20,"key":"Regal Pillow"},{"floor":22,"key":"Kunai"},{"floor":23,"key":"Unceasing Top"},{"floor":25,"key":"Ancient Tea Set"},{"floor":26,"key":"Emotion Chip"},{"floor":27,"key":"Orichalcum"},{"floor":30,"key":"Blue Candle"},{"floor":31,"key":"Matryoshka"},{"floor":35,"key":"Art of War"},{"floor":36,"key":"DataDisk"},{"floor":37,"key":"Boot"},{"floor":38,"key":"Bronze Scales"},{"floor":39,"key":"Oddly Smooth Stone"},{"floor":41,"key":"Anchor"},{"floor":42,"key":"Cables"},{"floor":43,"key":"Dream Catcher"},{"floor":43,"key":"Omamori"},{"floor":45,"key":"Bag of Preparation"},{"floor":47,"key":"War Paint"},{"floor":48,"key":"MawBank"}],"event_choices":[{"damage_healed":0,"gold_gain":0,"player_choice":"Donut","damage_taken":0,"max_hp_gain":5,"max_hp_loss":0,"event_name":"Big Fish","floor":3,"gold_loss":0},{"damage_healed":0,"gold_gain":0,"player_choice":"Fought Mushrooms","damage_taken":0,"max_hp_gain":0,"max_hp_loss":0,"event_name":"Mushrooms","floor":13,"gold_loss":0},{"damage_healed":0,"gold_gain":0,"cards_transformed":["Strike_B"],"player_choice":"Transformed","damage_taken":0,"max_hp_gain":0,"max_hp_loss":0,"event_name":"Transmorgrifier","floor":19,"gold_loss":0,"cards_obtained":["Sunder"]},{"damage_healed":0,"gold_gain":100,"player_choice":"Pray","damage_taken":0,"max_hp_gain":0,"max_hp_loss":0,"event_name":"Golden Shrine","floor":21,"gold_loss":0}],"is_beta":false,"boss_relics":[{"not_picked":["Snecko Eye","Coffee Dripper"],"picked":"Nuclear Battery"},{"not_picked":["Empty Cage","Pandora\u0027s Box"],"picked":"Eternal Feather"}],"items_purged_floors":[29,44],"is_endless":false,"potions_floor_spawned":[1,4,11,12,14,25,33,35,37,38,39,48],"ascension_level":0}