{"gold_per_floor":[114,127,22,37,37,37,78,78,101,101,101,125,165,165,165,255,255,155,155,155,155,155,155,47,47,47,47,47,47,47,47,47,47,47,47,47,47,47,47,47,47,47,47,47,47,0,0,0,0,0],"floor_reached":51,"playtime":3675,"items_purged":["Strike_G"],"score":1380,"play_id":"93319659-76aa-44e3-ada0-707b4fad5aba","local_time":"20190712225353","is_ascension_mode":true,"campfire_choices":[{"data":"Sucker Punch","floor":6.0,"key":"SMITH"},{"data":"Noxious Fumes","floor":8.0,"key":"SMITH"},{"data":"Sucker Punch","floor":10.0,"key":"SMITH"},{"floor":15.0,"key":"REST"},{"data":"Footwork","floor":23.0,"key":"SMITH"},{"data":"Footwork","floor":28.0,"key":"SMITH"},{"data":"Neutralize","floor":32.0,"key":"SMITH"},{"data":"Backflip","floor":40.0,"key":"SMITH"},{"data":"Backflip","floor":42.0,"key":"SMITH"},{"data":"Survivor","floor":44.0,"key":"SMITH"},{"floor":49,"key":"REST"}],"neow_cost":"NONE","seed_source_timestamp":50214899389028,"circlet_count":0,"master_deck":["AscendersBane","Strike_G+1","Strike_G+1","Strike_G+1","Defend_G+1","Defend_G+1","Defend_G+1","Defend_G+1","Defend_G+1","Survivor+1","Neutralize+1","Backflip+1","Noxious Fumes+1","Sucker Punch+1","Sucker Punch+1","PiercingWail+1","Backflip+1","Footwork+1","Doppelganger+1","Footwork+1","Backflip+1","Deadly Poison+1","Bandage Up+1","Burst+1","Backflip+1","Calculated Gamble+1","Leg Sweep+1","Corpse Explosion+1","Dodge and Roll+1","Prepared+1","Bouncing Flask+1","Bandage Up+1","Cloak And Dagger+1","PiercingWail+1","After Image+1"],"special_seed":0,"relics":["Ring of the Snake","Omamori","Golden Idol","Bag of Marbles","Anchor","Singing Bowl","Toxic Egg 2","Ectoplasm","Blood Vial","Kunai","Ice Cream","Tiny Chest","Sozu","Frozen Egg 2","Red Mask","MawBank"],"potions_floor_usage":[],"damage_taken":[{"damage":0.0,"enemies":"Small Slimes","floor":1.0,"turns":4.0},{"damage":0.0,"enemies":"Jaw Worm","floor":2.0,"turns":5.0},{"damage":4.0,"enemies":"2 Louse","floor":4.0,"turns":4.0},{"damage":9.0,"enemies":"3 Sentries","floor":7.0,"turns":9.0},{"damage":3.0,"enemies":"Exordium Wildlife","floor":12.0,"turns":6.0},{"damage":13.0,"enemies":"Lagavulin","floor":13.0,"turns":6.0},{"damage":9.0,"enemies":"Hexaghost","floor":16.0,"turns":12.0},{"damage":1.0,"enemies":"2 Thieves","floor":18.0,"turns":4.0},{"damage":0.0,"enemies":"Shell Parasite","floor":19.0,"turns":8.0},{"damage":6.0,"enemies":"Snake Plant","floor":20.0,"turns":7.0},{"damage":7.0,"enemies":"Book of Stabbing","floor":25.0,"turns":7.0},{"damage":0.0,"enemies":"Centurion and Healer","floor":27.0,"turns":8.0},{"damage":14.0,"enemies":"Shelled Parasite and Fungi","floor":29.0,"turns":7.0},{"damage":14.0,"enemies":"Gremlin Leader","floor":30.0,"turns":7.0},{"damage":44.0,"enemies":"Collector","floor":33.0,"turns":10.0},{"damage":0.0,"enemies":"3 Shapes","floor":35.0,"turns":4.0},{"damage":0.0,"enemies":"3 Darklings","floor":36.0,"turns":4.0},{"damage":13.0,"enemies":"Spire Growth","floor":37.0,"turns":6.0},{"damage":0.0,"enemies":"Writhing Mass","floor":39.0,"turns":6.0},{"damage":0.0,"enemies":"Sphere and 2 Shapes","floor":45.0,"turns":5.0},{"damage":13,"enemies":"Reptomancer","floor":47,"turns":7},{"damage":14,"enemies":"Maw","floor":48,"turns":7},{"damage":13,"enemies":"Donu and Deca","floor":50,"turns":10}],"seed_played":"8211461795720062317","potions_obtained":[{"floor":2.0,"key":"Block Potion"},{"floor":4.0,"key":"Poison Potion"},{"floor":18.0,"key":"Swift Potion"},{"floor":19.0,"key":"Block Potion"}],"is_trial":false,"path_per_floor":["M","M","$","M","?","R","E","R","T","R","T","M","E","?","R","B",null,"M","M","M","?","T","R","$","E","T","M","R","M","E","?","R","B",null,"M","M","M","?","M","R","?","R","T","R","M","?","E","M","R","B",null],"character_chosen":"THE_SILENT","items_purchased":["Sucker Punch","Bandage Up+1"],"campfire_rested":2,"item_purchase_floors":[3,24],"current_hp_per_floor":[59,59,59,55,55,55,46,46,46,46,46,43,30,12,30,21,50,49,49,43,43,43,43,43,44,44,52,52,46,40,40,40,4,46,54,56,51,51,60,60,60,60,60,60,60,60,49,48,62,61],"gold":0,"neow_bonus":"RANDOM_COMMON_RELIC","is_prod":false,"is_daily":false,"chose_seed":false,"campfire_upgraded":9,"win_rate":0,"timestamp":1562990033,"path_taken":["M","M","$","M","?","R","E","R","T","R","?","M","E","?","R","BOSS","M","M","M","?","?","R","$","E","T","M","R","M","E","?","R","BOSS","M","M","?","?","M","R","?","R","T","R","M","?","E","M","R","BOSS"],"build_version":"2019-07-05","purchased_purges":1,"victory":true,"max_hp_per_floor":[66,66,66,66,60,60,60,60,60,60,60,60,60,60,60,60,60,60,60,60,60,60,60,60,60,60,60,60,60,60,60,60,60,60,60,60,60,60,60,60,60,60,60,60,60,60,62,62,62,62],"card_choices":[{"not_picked":["Distraction","All Out Attack"],"picked":"Backflip","floor":1.0},{"not_picked":["Predator","Masterful Stab"],"picked":"Noxious Fumes","floor":2.0},{"not_picked":["Blade Dance","Acrobatics"],"picked":"Sucker Punch","floor":4.0},{"not_picked":["Night Terror","Prepared"],"picked":"PiercingWail","floor":7.0},{"not_picked":["Crippling Poison","Setup"],"picked":"Backflip","floor":12.0},{"not_picked":["Finisher","Outmaneuver"],"picked":"Footwork","floor":13.0},{"not_picked":["Venomology+1","Die Die Die"],"picked":"Doppelganger+1","floor":16.0},{"not_picked":["Bane","Calculated Gamble+1"],"picked":"Footwork","floor":18.0},{"not_picked":["Dagger Spray","Sucker Punch"],"picked":"Backflip+1","floor":19.0},{"not_picked":["Blur+1","Dagger Spray"],"picked":"Deadly Poison+1","floor":20.0},{"not_picked":["PiercingWail+1","Bouncing Flask+1"],"picked":"Burst+1","floor":25.0},{"not_picked":["Blade Dance+1","Dagger Spray"],"picked":"Backflip+1","floor":27.0},{"not_picked":["Sucker Punch","Predator"],"picked":"Calculated Gamble+1","floor":29.0},{"not_picked":["Deflect+1","A Thousand Cuts"],"picked":"Leg Sweep+1","floor":30.0},{"not_picked":["Burst+1","Bullet Time+1"],"picked":"Corpse Explosion+1","floor":33.0},{"not_picked":["All Out Attack","Deflect+1"],"picked":"Dodge and Roll+1","floor":35.0},{"not_picked":["Deflect+1","Sucker Punch"],"picked":"Prepared+1","floor":36.0},{"not_picked":["Slice","Deflect+1"],"picked":"Bouncing Flask+1","floor":37.0},{"not_picked":["PanicButton+1","HandOfGreed"],"picked":"Bandage Up+1","floor":38.0},{"not_picked":["Dagger Throw","Infinite Blades"],"picked":"Cloak And Dagger+1","floor":39.0},{"not_picked":["Poisoned Stab","Cloak And Dagger+1"],"picked":"PiercingWail+1","floor":45.0},{"not_picked":["Choke","Flying Knee+1","Skewer+1"],"picked":"Singing Bowl","floor":47},{"not_picked":["Reflex+1","Poisoned Stab"],"picked":"After Image+1","floor":48}],"player_experience":186237,"relics_obtained":[{"floor":7.0,"key":"Bag of Marbles"},{"floor":9.0,"key":"Anchor"},{"floor":11.0,"key":"Singing Bowl"},{"floor":13.0,"key":"Toxic Egg 2"},{"floor":22.0,"key":"Blood Vial"},{"floor":25.0,"key":"Kunai"},{"floor":26.0,"key":"Ice Cream"},{"floor":30.0,"key":"Tiny Chest"},{"floor":43.0,"key":"Frozen Egg 2"},{"floor":47,"key":"MawBank"}],"event_choices":[{"damage_healed":0.0,"max_hp_gain":0.0,"max_hp_loss":6.0,"gold_gain":0.0,"event_name":"Golden Idol","player_choice":"Lose Max HP","floor":5.0,"gold_loss":0.0,"damage_taken":0.0,"relics_obtained":["Golden Idol"]},{"damage_healed":0.0,"max_hp_gain":0.0,"max_hp_loss":0.0,"gold_gain":0.0,"event_name":"Shining Light","player_choice":"Entered Light","floor":14.0,"gold_loss":0.0,"damage_taken":18.0,"cards_upgraded":["Defend_G","PiercingWail"]},{"damage_healed":0.0,"max_hp_gain":0.0,"max_hp_loss":0.0,"gold_gain":0.0,"event_name":"Back to Basics","player_choice":"Simplicity","floor":21.0,"gold_loss":0.0,"damage_taken":0.0,"cards_upgraded":["Strike_G","Strike_G","Strike_G","Strike_G","Defend_G","Defend_G","Defend_G","Defend_G"]},{"damage_healed":0.0,"max_hp_gain":0.0,"max_hp_loss":0.0,"gold_gain":0.0,"event_name":"Match and Keep!","player_choice":"0 cards matched","floor":31.0,"gold_loss":0.0,"damage_taken":0.0,"cards_obtained":[]},{"damage_healed":0.0,"max_hp_gain":0.0,"max_hp_loss":0.0,"gold_gain":0.0,"event_name":"SensoryStone","player_choice":"Memory 1","floor":38.0,"gold_loss":0.0,"damage_taken":0.0},{"cards_removed":["Strike_G"],"damage_healed":0.0,"max_hp_gain":0.0,"max_hp_loss":0.0,"gold_gain":0.0,"event_name":"Falling","player_choice":"Removed Attack","floor":41.0,"gold_loss":0.0,"damage_taken":0.0},{"damage_healed":0.0,"max_hp_gain":0.0,"max_hp_loss":0.0,"gold_gain":0.0,"event_name":"Tomb of Lord Red Mask","player_choice":"Paid","floor":46.0,"gold_loss":47.0,"damage_taken":0.0,"relics_obtained":["Red Mask"]}],"is_beta":false,"boss_relics":[{"not_picked":["Ring of the Serpent","Philosopher\u0027s Stone"],"picked":"Ectoplasm"},{"not_picked":["Orrery","Coffee Dripper"],"picked":"Sozu"}],"items_purged_floors":[3],"is_endless":false,"potions_floor_spawned":[2,4,18,19,20,27,35,36,37],"ascension_level":18}