{"gold_per_floor":[119,41,41,53,3,28,28,28,54,79,79,113,131,143,143,218,218,235,14,26,40,53,53,53],"floor_reached":24,"playtime":981,"items_purged":[],"score":482,"play_id":"7d39de4e-7462-458c-bb3b-07d3707ef554","local_time":"20190713020818","is_ascension_mode":true,"campfire_choices":[{"data":"Zap","floor":7.0,"key":"SMITH"},{"data":"Beam Cell","floor":11,"key":"SMITH"},{"floor":15,"key":"REST"},{"floor":23,"key":"REST"}],"neow_cost":"NONE","seed_source_timestamp":1609738851009082,"circlet_count":0,"master_deck":["AscendersBane","Strike_B","Strike_B+1","Strike_B","Strike_B","Defend_B","Defend_B","Defend_B","Defend_B","Zap+1","Dualcast","Lockon+1","Static Discharge","Multi-Cast","Beam Cell+1","Cold Snap","Defragment","Capacitor","Thunder Strike","Hologram","Consume","Electrodynamics","Melter","Conserve Battery","Undo","Cold Snap"],"special_seed":0,"relics":["Cracked Core","NeowsBlessing","The Courier","Whetstone","Cables","Velvet Choker","OrangePellets"],"potions_floor_usage":[16,21,22],"damage_taken":[{"damage":0.0,"enemies":"2 Louse","floor":1.0,"turns":1.0},{"damage":0.0,"enemies":"Cultist","floor":4.0,"turns":1.0},{"damage":0.0,"enemies":"Gremlin Nob","floor":6.0,"turns":1.0},{"damage":15.0,"enemies":"3 Sentries","floor":10.0,"turns":6.0},{"damage":25,"enemies":"Gremlin Nob","floor":12,"turns":4},{"damage":8,"enemies":"Small Slimes","floor":13,"turns":4},{"damage":12,"enemies":"Exordium Wildlife","floor":14,"turns":3},{"damage":25,"enemies":"Slime Boss","floor":16,"turns":10},{"damage":22,"enemies":"2 Thieves","floor":18,"turns":2},{"damage":13,"enemies":"3 Byrds","floor":20,"turns":3},{"damage":19,"enemies":"Centurion and Healer","floor":21,"turns":8},{"damage":2,"enemies":"Snecko","floor":22,"turns":4},{"damage":27,"enemies":"Book of Stabbing","floor":24,"turns":4}],"seed_played":"350989702207790357","potions_obtained":[{"floor":4.0,"key":"SteroidPotion"},{"floor":12,"key":"Ancient Potion"},{"floor":16,"key":"Poison Potion"},{"floor":18,"key":"FearPotion"},{"floor":20,"key":"Block Potion"}],"is_trial":false,"path_per_floor":["M","$","?","M","$","E","R","?","T","E","R","E","M","M","R","B",null,"M","$","M","M","M","R","E"],"character_chosen":"DEFECT","items_purchased":["Static Discharge","Cold Snap","OrangePellets","Conserve Battery"],"campfire_rested":2,"item_purchase_floors":[2,5,19,19],"current_hp_per_floor":[64,64,64,64,64,64,64,69,69,54,54,29,21,9,31,6,59,37,37,24,5,3,25,0],"gold":53,"neow_bonus":"THREE_ENEMY_KILL","is_prod":false,"is_daily":false,"chose_seed":false,"campfire_upgraded":2,"win_rate":0,"timestamp":1563001698,"path_taken":["M","$","?","?","$","E","R","?","T","E","R","E","M","M","R","BOSS","M","$","M","M","M","R","E"],"build_version":"2019-07-10","purchased_purges":0,"victory":false,"max_hp_per_floor":[71,71,71,71,71,71,71,76,76,76,76,76,76,76,76,76,76,76,76,76,76,76,76,76],"card_choices":[{"not_picked":["Stack","BootSequence"],"picked":"Lockon","floor":1.0},{"not_picked":["Redo","Heatsinks","Beam Cell"],"picked":"SKIP","floor":4.0},{"not_picked":["Coolheaded","Doom and Gloom"],"picked":"Defragment","floor":6.0},{"not_picked":["Sunder","Leap"],"picked":"Capacitor","floor":10},{"not_picked":["Barrage","Conserve Battery"],"picked":"Thunder Strike","floor":12},{"not_picked":["Turbo","Go for the Eyes"],"picked":"Hologram","floor":13},{"not_picked":["Gash","Stack"],"picked":"Consume","floor":14},{"not_picked":["Multi-Cast","Echo Form"],"picked":"Electrodynamics","floor":16},{"not_picked":["Static Discharge","Rebound"],"picked":"Melter","floor":18},{"not_picked":["Rebound+1","Blizzard","Barrage"],"picked":"SKIP","floor":20},{"not_picked":["Conserve Battery","Skim"],"picked":"Undo","floor":21},{"not_picked":["Steam","Force Field"],"picked":"Cold Snap","floor":22}],"player_experience":1692798,"relics_obtained":[{"floor":6.0,"key":"The Courier"},{"floor":9.0,"key":"Whetstone"},{"floor":12,"key":"Cables"}],"event_choices":[{"damage_healed":0.0,"max_hp_gain":0.0,"max_hp_loss":0.0,"gold_gain":0.0,"event_name":"Match and Keep!","player_choice":"2 cards matched","floor":3.0,"gold_loss":0.0,"damage_taken":0.0,"cards_obtained":["Multi-Cast","Beam Cell"]},{"damage_healed":0.0,"max_hp_gain":5.0,"max_hp_loss":0.0,"gold_gain":0.0,"event_name":"Big Fish","player_choice":"Donut","floor":8.0,"gold_loss":0.0,"damage_taken":0.0}],"is_beta":true,"boss_relics":[{"not_picked":["Lizard Tail","Fusion Hammer"],"picked":"Velvet Choker"}],"items_purged_floors":[],"is_endless":false,"potions_floor_spawned":[4,12,16,18,20],"killed_by":"Book of Stabbing","ascension_level":20}