{"gold_per_floor":[114,114,132,144,144,172,172,183,183,209,42,58,58,88,88,186,186,197,217,71,86,1,30,30,48,48,148,148,159,169,179,179,279,279,295,295,313,44,59,59,72,72,72,72,90,90,100,100,100,100],"floor_reached":51,"playtime":10078,"items_purged":["Strike_G","Strike_G"],"score":781,"play_id":"1d6cafbf-cbb7-419b-94e1-2252c9434c27","local_time":"20190706120849","is_ascension_mode":false,"campfire_choices":[{"data":"Backflip","floor":7,"key":"SMITH"},{"data":"Blur","floor":13,"key":"SMITH"},{"floor":15,"key":"REST"},{"data":"Dash","floor":24,"key":"SMITH"},{"floor":28,"key":"REST"},{"floor":32,"key":"REST"},{"data":"Acrobatics","floor":40,"key":"SMITH"},{"data":"Bullet Time","floor":42,"key":"SMITH"},{"data":"Prepared","floor":44,"key":"SMITH"},{"data":"Malaise","floor":49,"key":"SMITH"}],"neow_cost":"NONE","seed_source_timestamp":1676693905090300,"circlet_count":0,"master_deck":["Defend_G","Defend_G","Defend_G","Defend_G+1","Defend_G","Survivor","Neutralize","Backflip+1","Dash+1","Unload","Backflip+1","Burst+1","Backflip","PiercingWail","Outmaneuver","Flash of Steel","Blur+1","Bullet Time+1","Deflect+1","Burst+1","Caltrops+1","Dagger Spray+1","Blur","Tactician+1","Dagger Spray+1","Blur","Acrobatics+1","Malaise+1","Blur+1","Prepared+1","Well Laid Plans","Mind Blast+1","Acrobatics","Madness","Madness"],"relics":["Ring of the Serpent","War Paint","Bag of Marbles","Shuriken","Boot","Astrolabe","Omamori","Bird Faced Urn","Molten Egg 2","FossilizedHelix","Snake Skull"],"potions_floor_usage":[6,21,33,45,50],"damage_taken":[{"damage":0,"enemies":"Small Slimes","floor":1,"turns":4},{"damage":1,"enemies":"Cultist","floor":3,"turns":4},{"damage":0,"enemies":"2 Louse","floor":4,"turns":5},{"damage":29,"enemies":"Gremlin Nob","floor":6,"turns":5},{"damage":7,"enemies":"Looter","floor":8,"turns":3},{"damage":10,"enemies":"3 Sentries","floor":10,"turns":12},{"damage":0,"enemies":"Lots of Slimes","floor":12,"turns":6},{"damage":47,"enemies":"Hexaghost","floor":16,"turns":19},{"damage":0,"enemies":"3 Byrds","floor":18,"turns":5},{"damage":0,"enemies":"Shell Parasite","floor":19,"turns":7},{"damage":0,"enemies":"Snake Plant","floor":21,"turns":6},{"damage":20,"enemies":"Book of Stabbing","floor":23,"turns":9},{"damage":22,"enemies":"3 Cultists","floor":25,"turns":8},{"damage":23,"enemies":"Snecko","floor":29,"turns":10},{"damage":24,"enemies":"Snake Plant","floor":30,"turns":4},{"damage":0,"enemies":"Cultist and Chosen","floor":31,"turns":8},{"damage":0,"enemies":"Champ","floor":33,"turns":31},{"damage":0,"enemies":"3 Darklings","floor":35,"turns":7},{"damage":0,"enemies":"Orb Walker","floor":37,"turns":5},{"damage":0,"enemies":"Maw","floor":39,"turns":13},{"damage":16,"enemies":"4 Shapes","floor":41,"turns":12},{"damage":0,"enemies":"Jaw Worm Horde","floor":45,"turns":7},{"damage":35,"enemies":"3 Darklings","floor":47,"turns":6},{"damage":0,"enemies":"Time Eater","floor":50,"turns":21}],"seed_played":"-5664604033157094238","potions_obtained":[{"floor":3,"key":"Energy Potion"},{"floor":8,"key":"FairyPotion"},{"floor":12,"key":"SpeedPotion"},{"floor":16,"key":"Dexterity Potion"},{"floor":29,"key":"SpeedPotion"},{"floor":33,"key":"Dexterity Potion"},{"floor":45,"key":"GhostInAJar"}],"is_trial":false,"path_per_floor":["M","?","M","M","?","E","R","M","T","E","$","M","R","?","R","B",null,"M","M","$","M","?","E","R","M","T","?","R","M","M","M","R","B",null,"M","?","M","$","M","R","M","R","T","R","M","?","M","?","R","B",null],"character_chosen":"THE_SILENT","items_purchased":["Flash of Steel","Omamori","Well Laid Plans","Mind Blast+1"],"campfire_rested":3,"item_purchase_floors":[11,20,38,38],"current_hp_per_floor":[77,77,76,76,76,47,47,40,40,30,30,30,30,30,53,6,77,77,77,77,77,77,57,57,37,37,37,60,39,17,19,42,44,77,77,77,77,77,77,77,63,63,63,63,67,57,26,77,77,77],"gold":100,"neow_bonus":"TEN_PERCENT_HP_BONUS","is_prod":false,"is_daily":false,"chose_seed":false,"campfire_upgraded":7,"win_rate":0.0,"timestamp":1562429329,"path_taken":["M","?","?","?","?","E","R","M","T","E","$","M","R","?","R","BOSS","M","M","$","M","?","E","R","M","T","?","R","?","M","M","R","BOSS","M","?","M","$","M","R","M","R","T","R","M","?","M","?","R","BOSS"],"build_version":"2019-07-05","purchased_purges":2,"victory":true,"max_hp_per_floor":[77,77,77,77,77,77,77,77,77,77,77,77,77,77,77,77,77,77,77,77,77,77,77,77,77,77,77,77,77,77,77,77,77,77,77,77,77,77,77,77,77,77,77,77,77,77,77,77,77,77],"card_choices":[{"not_picked":["Deadly Poison","PiercingWail"],"picked":"Backflip","floor":1},{"not_picked":["Cloak And Dagger","Blade Dance"],"picked":"Backflip","floor":3},{"not_picked":["Crippling Poison","Slice"],"picked":"Burst","floor":4},{"not_picked":["Flying Knee","Distraction"],"picked":"Backflip","floor":6},{"not_picked":["Flying Knee","Poisoned Stab"],"picked":"PiercingWail","floor":8},{"not_picked":["Quick Slash","Dodge and Roll"],"picked":"Outmaneuver","floor":10},{"not_picked":["Distraction","Crippling Poison"],"picked":"Blur","floor":12},{"not_picked":["Corpse Explosion","Storm of Steel"],"picked":"Bullet Time","floor":16},{"not_picked":["Flying Knee","Leg Sweep","Poisoned Stab"],"picked":"SKIP","floor":18},{"not_picked":["Endless Agony","Flying Knee+1"],"picked":"Dagger Spray+1","floor":19},{"not_picked":["Endless Agony+1","Sucker Punch"],"picked":"Blur","floor":21},{"not_picked":["Bouncing Flask+1","Catalyst"],"picked":"Tactician+1","floor":23},{"not_picked":["Catalyst+1","Underhanded Strike+1"],"picked":"Dagger Spray+1","floor":25},{"not_picked":["Backflip","Dagger Throw+1"],"picked":"Blur","floor":29},{"not_picked":["Sucker Punch+1","Expertise+1","Blade Dance"],"picked":"SKIP","floor":30},{"not_picked":["Quick Slash+1","Riddle With Holes+1"],"picked":"Acrobatics","floor":31},{"not_picked":["Phantasmal Killer","Corpse Explosion"],"picked":"Malaise","floor":33},{"not_picked":["Catalyst","Slice+1"],"picked":"Blur+1","floor":35},{"not_picked":["Underhanded Strike+1","Quick Slash+1"],"picked":"Prepared","floor":37},{"not_picked":["Dagger Throw+1","Deadly Poison+1","Expertise+1"],"picked":"SKIP","floor":39},{"not_picked":["Dodge and Roll+1","Backflip+1"],"picked":"Acrobatics","floor":41},{"not_picked":["Bane+1","Expertise+1","Wraith Form v2"],"picked":"SKIP","floor":45},{"not_picked":["Dagger Spray+1","Flying Knee+1","All Out Attack+1"],"picked":"SKIP","floor":47}],"player_experience":66567,"relics_obtained":[{"floor":6,"key":"War Paint"},{"floor":9,"key":"Bag of Marbles"},{"floor":10,"key":"Shuriken"},{"floor":23,"key":"Molten Egg 2"},{"floor":26,"key":"FossilizedHelix"},{"floor":43,"key":"Snake Skull"}],"event_choices":[{"damage_healed":0,"gold_gain":0,"player_choice":"2 cards matched","damage_taken":0,"max_hp_gain":0,"max_hp_loss":0,"event_name":"Match and Keep!","floor":2,"gold_loss":0,"cards_obtained":["Dash","Unload"]},{"damage_healed":0,"gold_gain":0,"player_choice":"2 cards matched","damage_taken":0,"max_hp_gain":0,"max_hp_loss":0,"event_name":"Match and Keep!","floor":2,"gold_loss":0,"cards_obtained":["Dash","Unload"]},{"damage_healed":0,"gold_gain":0,"player_choice":"Grow","damage_taken":0,"max_hp_gain":0,"max_hp_loss":0,"event_name":"Living Wall","floor":5,"gold_loss":0,"cards_upgraded":["Burst"]},{"damage_healed":0,"gold_gain":30,"player_choice":"Searched \u00273\u0027 times","damage_taken":0,"relics_obtained":["Boot"],"max_hp_gain":0,"max_hp_loss":0,"event_name":"Dead Adventurer","floor":14,"gold_loss":0},{"damage_healed":0,"gold_gain":0,"player_choice":"Obtained Relic","damage_taken":0,"relics_obtained":["Bird Faced Urn"],"max_hp_gain":0,"max_hp_loss":0,"event_name":"Addict","floor":22,"gold_loss":85},{"damage_healed":0,"gold_gain":100,"player_choice":"Pray","damage_taken":0,"max_hp_gain":0,"max_hp_loss":0,"event_name":"Golden Shrine","floor":27,"gold_loss":0},{"damage_healed":0,"gold_gain":0,"player_choice":"Ignored","damage_taken":0,"max_hp_gain":0,"max_hp_loss":0,"event_name":"Tomb of Lord Red Mask","floor":36,"gold_loss":0},{"damage_healed":0,"gold_gain":0,"player_choice":"Embrace Madness","damage_taken":10,"max_hp_gain":0,"max_hp_loss":0,"event_name":"Winding Halls","floor":46,"gold_loss":0,"cards_obtained":["Madness","Madness"]},{"damage_healed":51,"gold_gain":0,"player_choice":"Heal","damage_taken":0,"max_hp_gain":0,"max_hp_loss":0,"event_name":"MindBloom","floor":48,"gold_loss":0,"cards_obtained":["Doubt"]}],"is_beta":false,"boss_relics":[{"not_picked":["Tiny House","Orrery"],"picked":"Astrolabe"},{"not_picked":["White Beast Statue","Runic Dome"],"picked":"Ring of the Serpent"}],"items_purged_floors":[11,38],"is_endless":false,"potions_floor_spawned":[3,8,12,16,18,29,33,39,45,47],"ascension_level":0}