{"gold_per_floor":[116,86,100,114,60,87,87,102,402,361,361,376,402,62,62,62],"floor_reached":16,"playtime":1112,"items_purged":["Strike_R"],"score":116,"play_id":"b7314a24-ecfb-4dd7-a5cd-d1fcff971fe5","local_time":"20190711213423","is_ascension_mode":true,"campfire_choices":[{"data":"Pommel Strike","floor":7,"key":"SMITH"},{"floor":15,"key":"REST"}],"neow_cost":"NONE","seed_source_timestamp":78219401327900,"circlet_count":0,"master_deck":["Strike_R","Strike_R","Strike_R","Defend_R","Defend_R","Defend_R","Defend_R","Bash","Sword Boomerang","Pommel Strike+1","Pummel","Fire Breathing","Shrug It Off","Heavy Blade","Cleave","Pommel Strike","Entrench","Body Slam"],"relics":["Burning Blood","Mummified Hand","Old Coin","FaceOfCleric","Du-Vu Doll","Pen Nib"],"potions_floor_usage":[6,13,16],"damage_taken":[{"damage":6,"enemies":"Cultist","floor":1,"turns":3},{"damage":6,"enemies":"2 Louse","floor":3,"turns":2},{"damage":0,"enemies":"Small Slimes","floor":4,"turns":3},{"damage":14,"enemies":"Gremlin Nob","floor":6,"turns":4},{"damage":22,"enemies":"Gremlin Gang","floor":8,"turns":4},{"damage":3,"enemies":"3 Louse","floor":12,"turns":3},{"damage":40,"enemies":"Lagavulin","floor":13,"turns":8},{"damage":65,"enemies":"The Guardian","floor":16,"turns":16}],"seed_played":"6778792697333666781","potions_obtained":[{"floor":2,"key":"SpeedPotion"},{"floor":2,"key":"Weak Potion"},{"floor":4,"key":"Ancient Potion"},{"floor":13,"key":"Dexterity Potion"}],"is_trial":false,"path_per_floor":["M","?","M","M","$","E","R","M","T","?","?","M","E","$","R","B"],"character_chosen":"IRONCLAD","items_purchased":["Shrug It Off","Entrench","Body Slam","Pen Nib"],"campfire_rested":1,"item_purchase_floors":[5,14,14,14],"current_hp_per_floor":[80,80,80,80,80,72,72,56,56,56,56,60,27,27,51,0],"gold":62,"neow_bonus":"TRANSFORM_CARD","is_prod":false,"is_daily":false,"chose_seed":false,"campfire_upgraded":1,"win_rate":0,"timestamp":1562895263,"path_taken":["M","?","M","M","?","E","R","M","T","?","?","M","E","$","R","BOSS"],"build_version":"2019-07-05","purchased_purges":1,"victory":false,"max_hp_per_floor":[80,80,80,80,80,80,80,80,80,80,80,81,82,82,82,82],"card_choices":[{"not_picked":["Sword Boomerang","Armaments"],"picked":"Pommel Strike","floor":1},{"not_picked":["Dual Wield","Havoc"],"picked":"Pummel","floor":3},{"not_picked":["Shrug It Off","Warcry"],"picked":"Fire Breathing","floor":4},{"not_picked":["Clash","Blood for Blood"],"picked":"Heavy Blade","floor":6},{"not_picked":["Flex","Intimidate"],"picked":"Cleave","floor":8},{"not_picked":["Havoc","Dropkick","Combust"],"picked":"SKIP","floor":12},{"not_picked":["Sword Boomerang","Dark Embrace"],"picked":"Pommel Strike","floor":13}],"player_experience":155863,"relics_obtained":[{"floor":6,"key":"Mummified Hand"},{"floor":9,"key":"Old Coin"},{"floor":13,"key":"Du-Vu Doll"}],"event_choices":[{"damage_healed":0,"gold_gain":0,"player_choice":"Bought 2 Potions","damage_taken":0,"max_hp_gain":0,"max_hp_loss":0,"event_name":"The Woman in Blue","floor":2,"gold_loss":0},{"damage_healed":0,"gold_gain":0,"player_choice":"Left Gold","damage_taken":0,"max_hp_gain":0,"max_hp_loss":0,"event_name":"World of Goop","floor":10,"gold_loss":41},{"damage_healed":0,"gold_gain":0,"player_choice":"Trade","damage_taken":0,"relics_obtained":["FaceOfCleric"],"max_hp_gain":0,"max_hp_loss":0,"event_name":"FaceTrader","floor":11,"gold_loss":0}],"is_beta":false,"boss_relics":[],"items_purged_floors":[14],"is_endless":false,"potions_floor_spawned":[4,13],"killed_by":"The Guardian","ascension_level":1}