{"gold_per_floor":[118,118,268,268,50,77,77,104,104,138,157,176,206,206,206,281,281,295,210,223,240,240,274,274,305,353,384,446,469,2,33,33,112,112,125,143,143,27,27],"floor_reached":39,"playtime":1929,"items_purged":["Strike_B"],"score":1030,"play_id":"c8b20f44-6b88-49e8-ac93-ab3647799a01","local_time":"20190630185750","is_ascension_mode":true,"campfire_choices":[{"data":"Capacitor","floor":7,"key":"SMITH"},{"data":"Defragment","floor":15,"key":"SMITH"},{"floor":24,"key":"REST"},{"data":"Injury","floor":32,"key":"PURGE"}],"neow_cost":"NONE","seed_source_timestamp":546191906215864,"circlet_count":0,"master_deck":["AscendersBane","Strike_B","Strike_B","Strike_B+1","Defend_B","Defend_B","Defend_B","Defend_B","Zap+1","Dualcast","Ball Lightning","Capacitor+1","Self Repair","Ball Lightning","Defragment+1","Conserve Battery","Cold Snap+1","Buffer+1","Go for the Eyes","Gash","Hologram+1","Hologram","Thunder Strike","Doom and Gloom","Coolheaded","Blizzard+1","Core Surge","Leap+1","Madness","Madness","Consume"],"relics":["FrozenCore","NeowsBlessing","Sling","Kunai","Pantograph","Matryoshka","Meat on the Bone","Ornamental Fan","Cursed Key","Centennial Puzzle","Incense Burner","Strawberry","MawBank","Anchor","DataDisk","Gambling Chip","Peace Pipe"],"potions_floor_usage":[13,16,21,23],"damage_taken":[{"damage":0,"enemies":"2 Louse","floor":1,"turns":1},{"damage":0,"enemies":"3 Sentries","floor":6,"turns":1},{"damage":0,"enemies":"Gremlin Nob","floor":8,"turns":1},{"damage":30,"enemies":"3 Sentries","floor":10,"turns":7},{"damage":12,"enemies":"Jaw Worm","floor":11,"turns":3},{"damage":8,"enemies":"Small Slimes","floor":12,"turns":2},{"damage":8,"enemies":"Gremlin Nob","floor":13,"turns":3},{"damage":27,"enemies":"The Guardian","floor":16,"turns":10},{"damage":11,"enemies":"Spheric Guardian","floor":18,"turns":5},{"damage":25,"enemies":"Shell Parasite","floor":20,"turns":6},{"damage":17,"enemies":"Snake Plant","floor":21,"turns":5},{"damage":39,"enemies":"Gremlin Leader","floor":23,"turns":9},{"damage":34,"enemies":"Book of Stabbing","floor":25,"turns":6},{"damage":14,"enemies":"3 Cultists","floor":27,"turns":6},{"damage":4,"enemies":"Snecko","floor":29,"turns":6},{"damage":6,"enemies":"Gremlin Leader","floor":31,"turns":6},{"damage":2,"enemies":"Champ","floor":33,"turns":15},{"damage":0,"enemies":"3 Darklings","floor":35,"turns":7},{"damage":0,"enemies":"Orb Walker","floor":36,"turns":7},{"damage":56,"enemies":"2 Orb Walkers","floor":39,"turns":5}],"seed_played":"-3151231737647590749","potions_obtained":[{"floor":1,"key":"FocusPotion"},{"floor":11,"key":"FairyPotion"},{"floor":12,"key":"EssenceOfSteel"},{"floor":18,"key":"Explosive Potion"},{"floor":20,"key":"Block Potion"},{"floor":29,"key":"SpeedPotion"}],"is_trial":false,"path_per_floor":["M","?","?","?","$","E","R","E","T","E","M","M","E","?","R","B",null,"M","?","M","M","?","E","R","E","T","M","?","M","$","E","R","B",null,"M","M","?","$","?"],"character_chosen":"DEFECT","items_purchased":["Sling","DataDisk","Gambling Chip","Consume"],"campfire_rested":1,"item_purchase_floors":[5,30,30,38],"current_hp_per_floor":[64,64,64,57,57,57,57,57,57,34,41,52,44,23,23,40,63,59,59,53,43,43,23,44,36,36,41,41,56,56,57,57,78,78,78,78,64,64,8],"gold":27,"neow_bonus":"THREE_ENEMY_KILL","is_prod":false,"is_daily":false,"chose_seed":false,"campfire_upgraded":2,"win_rate":0,"timestamp":1561939070,"path_taken":["M","?","?","?","?","E","R","E","T","E","M","?","E","?","R","BOSS","M","?","M","M","?","E","R","E","T","?","?","M","$","E","R","BOSS","M","M","?","$","?"],"build_version":"2019-06-29","purchased_purges":1,"victory":false,"max_hp_per_floor":[71,71,71,71,71,71,71,71,71,71,71,71,71,71,71,71,71,71,71,71,71,71,71,71,78,78,78,78,78,78,78,78,78,78,78,78,78,78,78],"card_choices":[{"not_picked":["Undo","Steam"],"picked":"Ball Lightning","floor":1},{"not_picked":["Scrape","Go for the Eyes"],"picked":"Capacitor","floor":6},{"not_picked":["Double Energy","Scrape"],"picked":"Self Repair","floor":8},{"not_picked":["Loop","Rip and Tear"],"picked":"Ball Lightning","floor":10},{"not_picked":["Streamline","Coolheaded"],"picked":"Defragment","floor":11},{"not_picked":["White Noise","Ball Lightning"],"picked":"Conserve Battery","floor":12},{"not_picked":["Streamline","Turbo"],"picked":"Cold Snap","floor":13},{"not_picked":["Reboot","Rainbow"],"picked":"Buffer","floor":16},{"not_picked":["Leap","BootSequence"],"picked":"Go for the Eyes","floor":18},{"not_picked":["Ball Lightning","Storm"],"picked":"Gash","floor":20},{"not_picked":["Barrage+1","Rebound"],"picked":"Hologram+1","floor":21},{"not_picked":["Barrage+1","Stack"],"picked":"Hologram","floor":23},{"not_picked":["Sweeping Beam+1","Streamline"],"picked":"Thunder Strike","floor":25},{"not_picked":["Genetic Algorithm","Redo+1"],"picked":"Doom and Gloom","floor":27},{"not_picked":["Rebound","Aggregate"],"picked":"Coolheaded","floor":29},{"not_picked":["Conserve Battery","Sunder"],"picked":"Blizzard+1","floor":31},{"not_picked":["Thunder Strike","Reboot"],"picked":"Core Surge","floor":33},{"not_picked":["Rebound","Reprogram"],"picked":"Leap+1","floor":35},{"not_picked":["Cold Snap","Go for the Eyes","Self Repair"],"picked":"SKIP","floor":36}],"player_experience":1602441,"relics_obtained":[{"floor":6,"key":"Kunai"},{"floor":8,"key":"Pantograph"},{"floor":9,"key":"Matryoshka"},{"floor":10,"key":"Meat on the Bone"},{"floor":13,"key":"Ornamental Fan"},{"floor":23,"key":"Incense Burner"},{"floor":25,"key":"Strawberry"},{"floor":26,"key":"MawBank"},{"floor":26,"key":"Anchor"},{"floor":31,"key":"Peace Pipe"}],"event_choices":[{"damage_healed":0,"gold_gain":0,"player_choice":"Grow","damage_taken":0,"max_hp_gain":0,"max_hp_loss":0,"event_name":"Living Wall","floor":2,"gold_loss":0,"cards_upgraded":["Zap"]},{"damage_healed":0,"gold_gain":150,"player_choice":"AGREE","damage_taken":0,"max_hp_gain":0,"max_hp_loss":0,"event_name":"Liars Game","floor":3,"gold_loss":0,"cards_obtained":["Doubt"]},{"cards_removed":["Doubt"],"damage_healed":0,"gold_gain":0,"player_choice":"Card Removal","damage_taken":7,"max_hp_gain":0,"max_hp_loss":0,"event_name":"Golden Wing","floor":4,"gold_loss":0},{"damage_healed":0,"gold_gain":0,"player_choice":"Entered Light","damage_taken":21,"max_hp_gain":0,"max_hp_loss":0,"event_name":"Shining Light","floor":14,"gold_loss":0,"cards_upgraded":["Strike_B","Cold Snap"]},{"damage_healed":0,"gold_gain":0,"player_choice":"Obtained Relic","damage_taken":0,"relics_obtained":["Centennial Puzzle"],"max_hp_gain":0,"max_hp_loss":0,"event_name":"Addict","floor":19,"gold_loss":85},{"damage_healed":0,"gold_gain":0,"player_choice":"Upgraded","damage_taken":0,"max_hp_gain":0,"max_hp_loss":0,"event_name":"Upgrade Shrine","floor":22,"gold_loss":0,"cards_upgraded":["Buffer"]},{"damage_healed":0,"gold_gain":50,"player_choice":"Stole From Cult","damage_taken":0,"max_hp_gain":0,"max_hp_loss":0,"event_name":"Nest","floor":28,"gold_loss":0},{"damage_healed":0,"gold_gain":0,"player_choice":"Embrace Madness","damage_taken":14,"max_hp_gain":0,"max_hp_loss":0,"event_name":"Winding Halls","floor":37,"gold_loss":0,"cards_obtained":["Madness","Madness"]},{"damage_healed":0,"gold_gain":0,"player_choice":"Fight","damage_taken":0,"max_hp_gain":0,"max_hp_loss":0,"event_name":"Mysterious Sphere","floor":39,"gold_loss":0}],"is_beta":true,"boss_relics":[{"not_picked":["Busted Crown","White Beast Statue"],"picked":"Cursed Key"},{"not_picked":["Pandora\u0027s Box","Tiny House"],"picked":"FrozenCore"}],"items_purged_floors":[38],"is_endless":false,"potions_floor_spawned":[1,11,12,18,20,29],"killed_by":"2 Orb Walkers","ascension_level":20}