{"gold_per_floor":[13,25,39,39,49,49,69,94,94,94,94,94,104,104,104,178,178,194,194,119,135,2,2,20,38,38,38,38,54,86,100,100,176,176,193,208,58,73,90,119,130,130,130,130,130],"floor_reached":45,"playtime":2297,"items_purged":["Bite+1","Zap"],"score":988,"play_id":"2dbc7aea-6190-4331-a4c4-0333fc09d1d2","local_time":"20190619005916","is_ascension_mode":true,"campfire_choices":[{"data":"All For One","floor":6,"key":"SMITH"},{"floor":12,"key":"DIG"},{"floor":15,"key":"REST"},{"data":"Hologram","floor":23,"key":"SMITH"},{"floor":28,"key":"DIG"},{"floor":32,"key":"DIG"},{"floor":42,"key":"DIG"}],"neow_cost":"NO_GOLD","seed_source_timestamp":1799334924872842,"circlet_count":0,"master_deck":["AscendersBane","Defend_B","Defend_B","Defend_B","Defend_B","Zap+1","Dualcast","Echo Form","Gash","Gash","All For One+1","Hologram+1","Go for the Eyes+1","Biased Cognition","Leap+1","Bite+1","Bite+1","Bite+1","Conserve Battery","Steam","Sweeping Beam+1","Compile Driver+1","Doom and Gloom+1","Core Surge+1","Electrodynamics","Turbo","Coolheaded","Hologram","Defragment"],"relics":["Cracked Core","Shovel","Molten Egg 2","Lantern","Runic Pyramid","Peace Pipe","PreservedInsect","Symbiotic Virus","Inserter","Cables","Bird Faced Urn","Frozen Egg 2","Bottled Flame"],"potions_floor_usage":[13,16,21,30,39,40,45],"damage_taken":[{"damage":10,"enemies":"Small Slimes","floor":1,"turns":5},{"damage":6,"enemies":"Cultist","floor":2,"turns":4},{"damage":2,"enemies":"Jaw Worm","floor":3,"turns":3},{"damage":6,"enemies":"2 Fungi Beasts","floor":5,"turns":3},{"damage":6,"enemies":"Blue Slaver","floor":7,"turns":3},{"damage":15,"enemies":"Lagavulin","floor":8,"turns":4},{"damage":24,"enemies":"Exordium Wildlife","floor":13,"turns":4},{"damage":8,"enemies":"Slime Boss","floor":16,"turns":6},{"damage":34,"enemies":"2 Thieves","floor":18,"turns":4},{"damage":8,"enemies":"3 Byrds","floor":21,"turns":4},{"damage":27,"enemies":"Sentry and Sphere","floor":24,"turns":5},{"damage":1,"enemies":"Snecko","floor":25,"turns":5},{"damage":0,"enemies":"Cultist and Chosen","floor":29,"turns":7},{"damage":15,"enemies":"Gremlin Leader","floor":30,"turns":7},{"damage":20,"enemies":"Snake Plant","floor":31,"turns":4},{"damage":19,"enemies":"Champ","floor":33,"turns":13},{"damage":4,"enemies":"3 Shapes","floor":35,"turns":4},{"damage":8,"enemies":"Orb Walker","floor":36,"turns":3},{"damage":33,"enemies":"3 Darklings","floor":38,"turns":6},{"damage":16,"enemies":"Spire Growth","floor":39,"turns":6},{"damage":12,"enemies":"Giant Head","floor":40,"turns":7},{"damage":31,"enemies":"4 Shapes","floor":41,"turns":6},{"damage":16,"enemies":"3 Darklings","floor":45,"turns":2}],"seed_played":"1850746221528363460","potions_obtained":[{"floor":3,"key":"SmokeBomb"},{"floor":8,"key":"Regen Potion"},{"floor":13,"key":"SkillPotion"},{"floor":18,"key":"Block Potion"},{"floor":24,"key":"SpeedPotion"},{"floor":25,"key":"Explosive Potion"},{"floor":31,"key":"SpeedPotion"},{"floor":40,"key":"Fire Potion"},{"floor":41,"key":"Weak Potion"}],"is_trial":false,"path_per_floor":["M","M","M","?","M","R","M","E","T","?","?","R","M","?","R","B",null,"M","?","?","M","$","R","M","M","T","?","R","M","E","M","R","B",null,"M","M","$","M","M","E","M","R","T","T","M"],"character_chosen":"DEFECT","items_purchased":["Steam","Coolheaded"],"campfire_rested":1,"item_purchase_floors":[22,37],"current_hp_per_floor":[54,48,46,46,40,40,34,19,19,19,24,24,9,2,24,16,61,27,27,27,31,31,31,22,33,33,33,33,45,45,37,37,51,53,52,50,50,35,31,31,12,12,12,12,0],"gold":130,"neow_bonus":"THREE_RARE_CARDS","is_prod":false,"is_daily":false,"chose_seed":false,"campfire_upgraded":2,"win_rate":0,"timestamp":1560923956,"path_taken":["M","M","M","?","?","R","M","E","T","?","?","R","?","?","R","BOSS","M","?","?","M","$","R","M","M","T","?","R","M","E","M","R","BOSS","M","M","$","M","M","E","?","R","T","?","M"],"build_version":"2019-01-23","purchased_purges":2,"victory":false,"max_hp_per_floor":[71,71,71,71,71,71,71,71,71,71,76,76,76,76,76,76,76,76,53,53,53,53,53,53,53,53,53,53,53,53,53,53,53,53,53,53,53,53,53,53,53,53,53,53,53],"card_choices":[{"not_picked":["Amplify","Fission"],"picked":"Echo Form","floor":0},{"not_picked":["Beam Cell","Conserve Battery"],"picked":"Gash","floor":1},{"not_picked":["Conserve Battery","Steam"],"picked":"Gash","floor":2},{"not_picked":["Static Discharge","Recycle"],"picked":"All For One","floor":3},{"not_picked":["Gash","Turbo","Blizzard"],"picked":"SKIP","floor":5},{"not_picked":["Barrage","Double Energy","Force Field"],"picked":"SKIP","floor":7},{"not_picked":["Double Energy","Auto Shields"],"picked":"Hologram","floor":8},{"not_picked":["Amplify","Turbo"],"picked":"Go for the Eyes+1","floor":13},{"not_picked":["Reboot","Amplify"],"picked":"Biased Cognition","floor":16},{"not_picked":["Stack","Aggregate+1"],"picked":"Leap+1","floor":18},{"not_picked":["Heatsinks","Streamline+1"],"picked":"Conserve Battery","floor":21},{"not_picked":["Barrage+1","Go for the Eyes+1","Leap"],"picked":"SKIP","floor":24},{"not_picked":["Rebound+1","Beam Cell+1"],"picked":"Sweeping Beam+1","floor":25},{"not_picked":["Tempest","Melter+1","Ball Lightning+1"],"picked":"SKIP","floor":29},{"not_picked":["Darkness","Sweeping Beam+1"],"picked":"Doom and Gloom+1","floor":30},{"not_picked":["Ball Lightning+1","Scrape+1"],"picked":"Core Surge+1","floor":31},{"not_picked":["Creative AI","Multi-Cast"],"picked":"Electrodynamics","floor":33},{"not_picked":["Streamline+1","Sunder+1"],"picked":"Turbo","floor":35},{"not_picked":["Sweeping Beam+1","Barrage+1","Rebound+1"],"picked":"SKIP","floor":36},{"not_picked":["Stack","Rip and Tear+1"],"picked":"Hologram","floor":38},{"not_picked":["Stack","Undo","Turbo"],"picked":"SKIP","floor":39},{"not_picked":["Hologram","Electrodynamics"],"picked":"Defragment","floor":40},{"not_picked":["Turbo","Hello World+1","Aggregate"],"picked":"SKIP","floor":41}],"player_experience":1800485,"relics_obtained":[{"floor":8,"key":"Shovel"},{"floor":9,"key":"Molten Egg 2"},{"floor":12,"key":"Lantern"},{"floor":28,"key":"Peace Pipe"},{"floor":30,"key":"PreservedInsect"},{"floor":32,"key":"Symbiotic Virus"},{"floor":40,"key":"Cables"},{"floor":42,"key":"Bird Faced Urn"},{"floor":43,"key":"Frozen Egg 2"},{"floor":44,"key":"Bottled Flame"}],"event_choices":[{"damage_healed":0,"gold_gain":0,"player_choice":"Upgraded","damage_taken":0,"max_hp_gain":0,"max_hp_loss":0,"event_name":"Upgrade Shrine","floor":4,"gold_loss":0,"cards_upgraded":["Zap"]},{"damage_healed":0,"gold_gain":0,"player_choice":"Ignored","damage_taken":0,"max_hp_gain":0,"max_hp_loss":0,"event_name":"Shining Light","floor":10,"gold_loss":0},{"damage_healed":0,"gold_gain":0,"player_choice":"Donut","damage_taken":0,"max_hp_gain":5,"max_hp_loss":0,"event_name":"Big Fish","floor":11,"gold_loss":0},{"cards_removed":["Strike_B"],"damage_healed":0,"gold_gain":0,"player_choice":"Card Removal","damage_taken":7,"max_hp_gain":0,"max_hp_loss":0,"event_name":"Golden Wing","floor":14,"gold_loss":0},{"damage_healed":0,"gold_gain":0,"player_choice":"Became a vampire","damage_taken":0,"max_hp_gain":0,"max_hp_loss":23,"event_name":"Vampires","floor":19,"gold_loss":0,"cards_obtained":["Bite","Bite","Bite","Bite","Bite"]},{"cards_removed":["Bite"],"damage_healed":0,"gold_gain":0,"player_choice":"Gave Gold","damage_taken":0,"max_hp_gain":0,"max_hp_loss":0,"event_name":"Beggar","floor":20,"gold_loss":75},{"damage_healed":0,"gold_gain":0,"player_choice":"2 cards matched","damage_taken":0,"max_hp_gain":0,"max_hp_loss":0,"event_name":"Match and Keep!","floor":27,"gold_loss":0,"cards_obtained":["Compile Driver","Zap"]},{"damage_healed":0,"gold_gain":0,"player_choice":"2 cards matched","damage_taken":0,"max_hp_gain":0,"max_hp_loss":0,"event_name":"Match and Keep!","floor":27,"gold_loss":0,"cards_obtained":["Compile Driver","Zap"]}],"is_beta":false,"boss_relics":[{"not_picked":["Orrery","Empty Cage"],"picked":"Runic Pyramid"},{"not_picked":["Snecko Eye","Pandora\u0027s Box"],"picked":"Inserter"}],"items_purged_floors":[22,37],"is_endless":false,"potions_floor_spawned":[3,8,13,18,24,25,31,40,41],"killed_by":"3 Darklings","ascension_level":20}