{"gold_per_floor":[215,215,72,172,190,204,154,54,54,54,93,93,106,124,124,245,245,260,285,119,218,239,252,252,273,296,296,221,239,239,260,260,390,453,478,491,616,227,227,227,227],"floor_reached":41,"playtime":6829,"items_purged":["Injury","Strike_B","Strike_B","Defend_B"],"score":418,"play_id":"172b69ea-29f1-4121-9936-74b19034286b","local_time":"20190709195414","is_ascension_mode":false,"campfire_choices":[{"data":"Consume","floor":10,"key":"SMITH"},{"floor":12,"key":"REST"},{"data":"Double Energy","floor":15,"key":"SMITH"},{"floor":24,"key":"REST"},{"floor":30,"key":"REST"},{"floor":32,"key":"REST"},{"floor":40,"key":"REST"}],"neow_cost":"NONE","seed_source_timestamp":1967100131772700,"circlet_count":0,"master_deck":["Defend_B","Zap","Dualcast","Consume+1","Double Energy+1","Ball Lightning","Turbo","Multi-Cast","Self Repair","Streamline+1","Meteor Strike","Redo","Lockon+1","Reinforced Body","Glacier","Chaos","Chaos","Cold Snap","Buffer","Turbo+1","Lockon","Thunder Strike","Hologram","Leap+1","Loop","Skim+1","Madness","Madness","Madness"],"relics":["Cracked Core","Golden Idol","Orichalcum","Blood Vial","Inserter","Ancient Tea Set","Tiny House","WingedGreaves","Boot"],"potions_floor_usage":[5,16,19,22,23,25,33,37,37,41],"damage_taken":[{"damage":0,"enemies":"Small Slimes","floor":1,"turns":3},{"damage":0,"enemies":"Jaw Worm","floor":5,"turns":2},{"damage":6,"enemies":"Cultist","floor":6,"turns":3},{"damage":34,"enemies":"3 Sentries","floor":11,"turns":9},{"damage":0,"enemies":"Large Slime","floor":13,"turns":2},{"damage":3,"enemies":"2 Fungi Beasts","floor":14,"turns":3},{"damage":60,"enemies":"The Guardian","floor":16,"turns":8},{"damage":49,"enemies":"3 Byrds","floor":18,"turns":7},{"damage":26,"enemies":"Shell Parasite","floor":19,"turns":6},{"damage":12,"enemies":"Centurion and Healer","floor":22,"turns":6},{"damage":6,"enemies":"Snake Plant","floor":23,"turns":4},{"damage":18,"enemies":"3 Cultists","floor":25,"turns":5},{"damage":9,"enemies":"Centurion and Healer","floor":29,"turns":10},{"damage":0,"enemies":"Snecko","floor":31,"turns":5},{"damage":48,"enemies":"Automaton","floor":33,"turns":11},{"damage":12,"enemies":"3 Shapes","floor":35,"turns":3},{"damage":9,"enemies":"Orb Walker","floor":36,"turns":3},{"damage":21,"enemies":"Mind Bloom Boss Battle","floor":37,"turns":6},{"damage":88,"enemies":"Giant Head","floor":41,"turns":10}],"seed_played":"-1715900659487418046","potions_obtained":[{"floor":1,"key":"Block Potion"},{"floor":11,"key":"Swift Potion"},{"floor":13,"key":"Swift Potion"},{"floor":18,"key":"Energy Potion"},{"floor":22,"key":"Weak Potion"},{"floor":23,"key":"Explosive Potion"},{"floor":31,"key":"Ancient Potion"},{"floor":33,"key":"Explosive Potion"},{"floor":34,"key":"Energy Potion"},{"floor":37,"key":"Fire Potion"}],"is_trial":false,"path_per_floor":["M","?","$","?","M","M","?","$","T","R","E","R","M","M","R","B",null,"M","M","$","?","M","M","R","M","T","?","?","M","R","M","R","B",null,"M","M","?","$","?","R","E"],"character_chosen":"DEFECT","items_purchased":["Double Energy","Reinforced Body","Boot","Madness"],"campfire_rested":5,"item_purchase_floors":[3,20,38,38],"current_hp_per_floor":[75,75,75,75,75,69,69,69,69,69,35,57,59,65,65,14,75,33,16,16,16,13,9,31,15,15,15,15,15,37,46,68,29,80,68,61,49,49,39,63,0],"gold":227,"neow_bonus":"HUNDRED_GOLD","is_prod":false,"is_daily":false,"chose_seed":false,"campfire_upgraded":2,"win_rate":0.0,"timestamp":1562716454,"path_taken":["M","?","$","?","M","?","?","$","T","R","E","R","M","M","R","BOSS","M","M","$","?","M","M","R","M","T","?","?","M","R","M","R","BOSS","M","M","?","$","?","R","E"],"build_version":"2019-07-05","purchased_purges":4,"victory":false,"max_hp_per_floor":[75,75,75,75,75,75,75,75,75,75,75,75,75,75,75,75,75,75,75,75,75,75,75,75,75,75,75,75,75,75,75,75,75,80,80,80,80,80,80,80,80],"card_choices":[{"not_picked":["Leap","Barrage"],"picked":"Consume","floor":1},{"not_picked":["Capacitor","Leap"],"picked":"Ball Lightning","floor":5},{"not_picked":["Barrage","Chill"],"picked":"Turbo","floor":6},{"not_picked":["Gash","Undo"],"picked":"Multi-Cast","floor":11},{"not_picked":["Hologram","Barrage"],"picked":"Self Repair","floor":13},{"not_picked":["Go for the Eyes","Barrage"],"picked":"Streamline","floor":14},{"not_picked":["Amplify","Seek"],"picked":"Meteor Strike","floor":16},{"not_picked":["Stack","Streamline"],"picked":"Redo","floor":18},{"not_picked":["Redo","Chaos"],"picked":"Lockon+1","floor":19},{"not_picked":["Defragment+1","Barrage"],"picked":"Glacier","floor":22},{"not_picked":["Sweeping Beam","Leap"],"picked":"Chaos","floor":23},{"not_picked":["Gash","Rip and Tear+1"],"picked":"Chaos","floor":25},{"not_picked":["Go for the Eyes","Chill"],"picked":"Turbo+1","floor":29},{"not_picked":["Redo","Streamline"],"picked":"Lockon","floor":31},{"not_picked":["Machine Learning","Echo Form"],"picked":"Thunder Strike","floor":33},{"not_picked":["Turbo+1","Rebound"],"picked":"Hologram","floor":34},{"not_picked":["Static Discharge","Tempest"],"picked":"Leap+1","floor":35},{"not_picked":["Redo","Leap+1"],"picked":"Loop","floor":36},{"not_picked":["Hello World+1","Turbo"],"picked":"Skim+1","floor":37}],"player_experience":138817,"relics_obtained":[{"floor":9,"key":"Orichalcum"},{"floor":11,"key":"Blood Vial"},{"floor":26,"key":"Ancient Tea Set"},{"floor":37,"key":"WingedGreaves"}],"event_choices":[{"damage_healed":0,"gold_gain":0,"player_choice":"Take Wound","damage_taken":0,"relics_obtained":["Golden Idol"],"max_hp_gain":0,"max_hp_loss":0,"event_name":"Golden Idol","floor":2,"gold_loss":0,"cards_obtained":["Injury"]},{"damage_healed":0,"gold_gain":100,"player_choice":"Pray","damage_taken":0,"max_hp_gain":0,"max_hp_loss":0,"event_name":"Golden Shrine","floor":4,"gold_loss":0},{"cards_removed":["Strike_B"],"damage_healed":0,"gold_gain":0,"player_choice":"Card Removal","damage_taken":0,"max_hp_gain":0,"max_hp_loss":0,"event_name":"The Cleric","floor":7,"gold_loss":50},{"damage_healed":0,"gold_gain":99,"player_choice":"Stole From Cult","damage_taken":0,"max_hp_gain":0,"max_hp_loss":0,"event_name":"Nest","floor":21,"gold_loss":0},{"damage_healed":0,"gold_gain":0,"cards_transformed":["Strike_B","Defend_B"],"player_choice":"Became Test Subject","damage_taken":0,"max_hp_gain":0,"max_hp_loss":0,"event_name":"Drug Dealer","floor":27,"gold_loss":0,"cards_obtained":["Cold Snap","Buffer"]},{"cards_removed":["Defend_B"],"damage_healed":0,"gold_gain":0,"player_choice":"Gave Gold","damage_taken":0,"max_hp_gain":0,"max_hp_loss":0,"event_name":"Beggar","floor":28,"gold_loss":75},{"damage_healed":0,"gold_gain":0,"player_choice":"Fight","damage_taken":0,"max_hp_gain":0,"max_hp_loss":0,"event_name":"MindBloom","floor":37,"gold_loss":0},{"damage_healed":0,"gold_gain":0,"player_choice":"Embrace Madness","damage_taken":10,"max_hp_gain":0,"max_hp_loss":0,"event_name":"Winding Halls","floor":39,"gold_loss":0,"cards_obtained":["Madness","Madness"]}],"is_beta":false,"boss_relics":[{"not_picked":["White Beast Statue","Cursed Key"],"picked":"Inserter"},{"not_picked":["Runic Dome","Philosopher\u0027s Stone"],"picked":"Tiny House"}],"items_purged_floors":[3,8,20,38],"is_endless":false,"potions_floor_spawned":[1,11,13,18,22,23,31,33,37],"killed_by":"Giant Head","ascension_level":0}