{"gold_per_floor":[112,123,123,3,14,40,53,69,69,69,102,102,121,296,296,396,396,413,265,265,265,284,315,315,240,240,253,253,280,290,290,290,394,394,405,201,0,47,47,47,64,64,88,100,126,138,160,172,184,196],"floor_reached":50,"playtime":1627,"items_purged":["Writhe","Doubt"],"score":538,"play_id":"f50d0cd4-bcdc-45fb-82ab-b949f5f8da22","local_time":"20190710155904","is_ascension_mode":false,"campfire_choices":[{"data":"Wild Strike","floor":10,"key":"SMITH"},{"data":"Armaments","floor":12,"key":"SMITH"},{"data":"Hemokinesis","floor":15,"key":"SMITH"},{"data":"Perfected Strike","floor":24,"key":"SMITH"},{"data":"Perfected Strike","floor":32,"key":"SMITH"},{"data":"Demon Form","floor":40,"key":"PURGE"},{"data":"Headbutt","floor":42,"key":"PURGE"},{"floor":46,"key":"REST"},{"floor":49,"key":"REST"}],"neow_cost":"CURSE","seed_source_timestamp":588714835202306,"circlet_count":0,"master_deck":["Strike_R+1","Strike_R+1","Strike_R+1","Strike_R+1","Strike_R+1","Defend_R+1","Defend_R+1","Defend_R+1","Defend_R+1","Bash","Armaments+1","Hemokinesis+1","Wild Strike+1","Twin Strike","Twin Strike","Twin Strike","Double Tap","Rupture","Perfected Strike+1","Immolate","Wild Strike+1","Perfected Strike+1","Twin Strike","Metallicize+1","True Grit+1","Pommel Strike","Thunderclap+1","Offering","Disarm+1","Wild Strike","Good Instincts","Secret Technique","Pommel Strike"],"relics":["Burning Blood","Torii","Self Forming Clay","Matryoshka","Bag of Preparation","Meat on the Bone","Happy Flower","Orrery","MutagenicStrength","Boot","Omamori","Centennial Puzzle","Darkstone Periapt","Paper Frog","Anchor","Fusion Hammer","Bag of Marbles","Red Mask","Peace Pipe","MawBank"],"potions_floor_usage":[16,33,33,33,50,50,50],"damage_taken":[{"damage":2,"enemies":"Cultist","floor":1,"turns":4},{"damage":9,"enemies":"2 Louse","floor":2,"turns":4},{"damage":13,"enemies":"Small Slimes","floor":5,"turns":3},{"damage":25,"enemies":"Gremlin Nob","floor":6,"turns":4},{"damage":8,"enemies":"Looter","floor":7,"turns":3},{"damage":22,"enemies":"Exordium Wildlife","floor":8,"turns":3},{"damage":19,"enemies":"Lagavulin","floor":11,"turns":5},{"damage":5,"enemies":"Exordium Thugs","floor":13,"turns":4},{"damage":31,"enemies":"The Guardian","floor":16,"turns":9},{"damage":31,"enemies":"3 Byrds","floor":18,"turns":6},{"damage":1,"enemies":"Spheric Guardian","floor":22,"turns":3},{"damage":24,"enemies":"Slavers","floor":23,"turns":4},{"damage":3,"enemies":"Snecko","floor":27,"turns":4},{"damage":39,"enemies":"Book of Stabbing","floor":29,"turns":6},{"damage":1,"enemies":"Cultist and Chosen","floor":30,"turns":3},{"damage":19,"enemies":"Collector","floor":33,"turns":4},{"damage":6,"enemies":"3 Darklings","floor":35,"turns":4},{"damage":53,"enemies":"2 Orb Walkers","floor":38,"turns":4},{"damage":0,"enemies":"Orb Walker","floor":41,"turns":2},{"damage":0,"enemies":"4 Shapes","floor":45,"turns":1},{"damage":21,"enemies":"Transient","floor":47,"turns":5},{"damage":98,"enemies":"Time Eater","floor":50,"turns":10}],"seed_played":"-2627330362713187398","potions_obtained":[{"floor":2,"key":"FearPotion"},{"floor":6,"key":"AttackPotion"},{"floor":8,"key":"LiquidBronze"},{"floor":13,"key":"SpeedPotion"},{"floor":16,"key":"Block Potion"},{"floor":30,"key":"Strength Potion"},{"floor":38,"key":"Weak Potion"},{"floor":45,"key":"Regen Potion"},{"floor":47,"key":"Strength Potion"}],"is_trial":false,"path_per_floor":["M","M","?","$","M","E","M","M","T","R","E","R","M","?","R","B",null,"M","$","?","?","M","E","R","?","T","M","T","E","M","T","R","B",null,"M","$","?","?","?","R","M","R","T","?","M","R","M","?","R","B"],"character_chosen":"IRONCLAD","items_purchased":["Wild Strike","Perfected Strike","Wild Strike","Bag of Marbles"],"campfire_rested":2,"item_purchase_floors":[4,19,36,36],"current_hp_per_floor":[80,77,77,77,70,51,49,33,33,33,32,32,45,45,45,32,80,55,55,55,55,60,54,54,54,54,57,57,36,53,53,53,52,80,80,80,80,45,45,45,51,51,51,51,57,80,65,65,80,0],"gold":196,"neow_bonus":"ONE_RARE_RELIC","is_prod":false,"is_daily":false,"chose_seed":false,"campfire_upgraded":5,"win_rate":0,"timestamp":1562738344,"path_taken":["M","?","?","$","M","E","M","M","T","R","E","R","?","?","R","BOSS","M","$","?","?","M","E","R","?","T","?","?","E","M","?","R","BOSS","M","$","?","?","?","R","?","R","T","?","M","R","M","?","R","BOSS"],"build_version":"2019-07-05","purchased_purges":2,"victory":false,"max_hp_per_floor":[80,80,80,80,80,80,80,80,80,80,80,80,80,80,80,80,80,80,80,80,80,80,80,80,80,80,80,80,80,80,80,80,80,80,80,80,80,80,80,80,80,80,80,80,80,80,80,80,80,80],"card_choices":[{"not_picked":["True Grit","Iron Wave"],"picked":"Armaments","floor":1},{"not_picked":["Shrug It Off","Flex"],"picked":"Hemokinesis","floor":2},{"not_picked":["Anger","Sword Boomerang","Sever Soul"],"picked":"SKIP","floor":5},{"not_picked":["Cleave","Juggernaut","Corruption"],"picked":"SKIP","floor":6},{"not_picked":["Cleave","Iron Wave"],"picked":"Twin Strike","floor":7},{"not_picked":["Combust","Body Slam"],"picked":"Twin Strike","floor":8},{"not_picked":["Clash","Iron Wave"],"picked":"Twin Strike","floor":11},{"not_picked":["Shrug It Off","Iron Wave","Anger"],"picked":"SKIP","floor":13},{"not_picked":["Juggernaut","Barricade"],"picked":"Double Tap","floor":16},{"not_picked":["Inflame","Flex"],"picked":"Rupture","floor":17},{"not_picked":["Pommel Strike","Thunderclap"],"picked":"Perfected Strike","floor":17},{"not_picked":["Spot Weakness","Inflame"],"picked":"Dropkick","floor":17},{"not_picked":["Body Slam","Metallicize"],"picked":"Headbutt","floor":17},{"not_picked":["Sever Soul","Power Through"],"picked":"Immolate","floor":17},{"not_picked":["Blood for Blood+1","Pummel"],"picked":"Wild Strike+1","floor":18},{"not_picked":["Body Slam+1","Clash"],"picked":"Twin Strike","floor":22},{"not_picked":["Sever Soul","Iron Wave"],"picked":"Metallicize+1","floor":23},{"not_picked":["Exhume","Cleave"],"picked":"True Grit+1","floor":27},{"not_picked":["Thunderclap+1","Rampage"],"picked":"Pommel Strike","floor":29},{"not_picked":["Clothesline+1","Armaments+1"],"picked":"Thunderclap+1","floor":30},{"not_picked":["Dark Embrace","Bludgeon"],"picked":"Offering","floor":33},{"not_picked":["Entrench","Sever Soul"],"picked":"Disarm+1","floor":35},{"not_picked":["Iron Wave+1","Searing Blow+1","Anger"],"picked":"SKIP","floor":41},{"not_picked":["Deep Breath","Impatience"],"picked":"Secret Technique","floor":44},{"not_picked":["Flame Barrier","Shockwave"],"picked":"Pommel Strike","floor":45},{"not_picked":["Fire Breathing","True Grit","Heavy Blade"],"picked":"SKIP","floor":47}],"player_experience":20397,"relics_obtained":[{"floor":6,"key":"Matryoshka"},{"floor":9,"key":"Bag of Preparation"},{"floor":9,"key":"Meat on the Bone"},{"floor":11,"key":"Happy Flower"},{"floor":23,"key":"Boot"},{"floor":26,"key":"Omamori"},{"floor":26,"key":"Centennial Puzzle"},{"floor":28,"key":"Darkstone Periapt"},{"floor":29,"key":"Paper Frog"},{"floor":31,"key":"Anchor"},{"floor":38,"key":"Peace Pipe"},{"floor":43,"key":"MawBank"}],"event_choices":[{"damage_healed":0,"gold_gain":0,"player_choice":"Gave Potion","damage_taken":0,"relics_obtained":["Self Forming Clay"],"max_hp_gain":0,"max_hp_loss":0,"event_name":"WeMeetAgain","floor":3,"gold_loss":0},{"damage_healed":0,"gold_gain":175,"player_choice":"AGREE","damage_taken":0,"max_hp_gain":0,"max_hp_loss":0,"event_name":"Liars Game","floor":14,"gold_loss":0,"cards_obtained":["Doubt"]},{"damage_healed":0,"gold_gain":0,"player_choice":"Simplicity","damage_taken":0,"max_hp_gain":0,"max_hp_loss":0,"event_name":"Back to Basics","floor":20,"gold_loss":0,"cards_upgraded":["Strike_R","Strike_R","Strike_R","Strike_R","Strike_R","Defend_R","Defend_R","Defend_R","Defend_R"]},{"damage_healed":0,"gold_gain":0,"player_choice":"Inject Mutagens","damage_taken":0,"relics_obtained":["MutagenicStrength"],"max_hp_gain":0,"max_hp_loss":0,"event_name":"Drug Dealer","floor":21,"gold_loss":0},{"cards_removed":["Dropkick"],"damage_healed":0,"gold_gain":0,"player_choice":"Gave Gold","damage_taken":0,"max_hp_gain":0,"max_hp_loss":0,"event_name":"Beggar","floor":25,"gold_loss":75},{"damage_healed":0,"gold_gain":0,"player_choice":"Paid","damage_taken":0,"relics_obtained":["Red Mask"],"max_hp_gain":0,"max_hp_loss":0,"event_name":"Tomb of Lord Red Mask","floor":37,"gold_loss":201},{"damage_healed":0,"gold_gain":0,"player_choice":"Fight","damage_taken":0,"max_hp_gain":0,"max_hp_loss":0,"event_name":"Mysterious Sphere","floor":38,"gold_loss":0},{"damage_healed":0,"gold_gain":0,"player_choice":"2 cards matched","damage_taken":0,"max_hp_gain":0,"max_hp_loss":0,"event_name":"Match and Keep!","floor":39,"gold_loss":0,"cards_obtained":["Good Instincts","Demon Form"]},{"damage_healed":0,"gold_gain":0,"player_choice":"Memory 1","damage_taken":0,"max_hp_gain":0,"max_hp_loss":0,"event_name":"SensoryStone","floor":44,"gold_loss":0},{"damage_healed":0,"gold_gain":0,"player_choice":"Ignored","damage_taken":0,"max_hp_gain":0,"max_hp_loss":0,"event_name":"SecretPortal","floor":48,"gold_loss":0}],"is_beta":false,"boss_relics":[{"not_picked":["Runic Cube","Lizard Tail"],"picked":"Orrery"},{"not_picked":["Snecko Eye","Sozu"],"picked":"Fusion Hammer"}],"items_purged_floors":[4,19],"is_endless":false,"potions_floor_spawned":[2,6,8,13,16,23,27,30,38,45,47],"killed_by":"Time Eater","ascension_level":0}