{"gold_per_floor":[14,14,89,89,33,33,51,51,77,110,122,164,186,218,230,316,328,356,368,380,96,113,13,43,43,43,43,43,43,43,78,78,78],"floor_reached":33,"playtime":1662,"items_purged":["Bite","Dagger Throw"],"score":609,"play_id":"2e0b1d32-b649-4932-bcf1-ea0a78421f14","local_time":"20190619225959","is_ascension_mode":true,"campfire_choices":[{"floor":6,"key":"REST"},{"floor":8,"key":"REST"},{"data":"Terror","floor":15,"key":"SMITH"},{"floor":25,"key":"REST"},{"data":"Noxious Fumes","floor":27,"key":"SMITH"},{"floor":30,"key":"REST"},{"data":"Noxious Fumes","floor":32,"key":"SMITH"}],"neow_cost":"NO_GOLD","seed_source_timestamp":1879213185506304,"circlet_count":0,"master_deck":["AscendersBane","Defend_G+1","Defend_G+1","Defend_G+1","Defend_G+1","Defend_G+1","Survivor","Neutralize","Infinite Blades+1","Dagger Spray+1","Terror+1","Dagger Throw","Blur","Envenom","Noxious Fumes+1","Bite","Bite","Bite","Bite","Noxious Fumes+1","Leg Sweep"],"relics":["Ring of the Snake","Ninja Scroll","Vajra","MawBank","Incense Burner","Snecko Eye","Chemical X","Red Mask","Matryoshka","Sundial"],"potions_floor_usage":[16,16,24,31,33,33,33,33],"damage_taken":[{"damage":1,"enemies":"Small Slimes","floor":1,"turns":5},{"damage":5,"enemies":"2 Louse","floor":7,"turns":2},{"damage":7,"enemies":"Lagavulin","floor":10,"turns":6},{"damage":0,"enemies":"Gremlin Nob","floor":12,"turns":3},{"damage":0,"enemies":"Jaw Worm","floor":13,"turns":3},{"damage":5,"enemies":"Exordium Thugs","floor":14,"turns":4},{"damage":11,"enemies":"Slime Boss","floor":16,"turns":13},{"damage":20,"enemies":"2 Thieves","floor":18,"turns":4},{"damage":9,"enemies":"3 Byrds","floor":22,"turns":5},{"damage":26,"enemies":"Masked Bandits","floor":24,"turns":5},{"damage":10,"enemies":"Book of Stabbing","floor":31,"turns":4},{"damage":68,"enemies":"Champ","floor":33,"turns":15}],"seed_played":"-7142946450350328289","potions_obtained":[{"floor":1,"key":"FearPotion"},{"floor":12,"key":"SpeedPotion"},{"floor":13,"key":"SpeedPotion"},{"floor":14,"key":"Ancient Potion"},{"floor":16,"key":"SkillPotion"},{"floor":18,"key":"Fire Potion"},{"floor":24,"key":"EntropicBrew"},{"floor":31,"key":"LiquidBronze"}],"is_trial":false,"path_per_floor":["M","?","?","?","$","R","M","R","T","E","?","E","M","M","R","B",null,"M","?","?","$","M","$","?","R","T","R","?","$","R","E","R","B"],"character_chosen":"THE_SILENT","items_purchased":["Dagger Spray","Chemical X"],"campfire_rested":4,"item_purchase_floors":[5,21],"current_hp_per_floor":[58,32,21,1,1,20,15,34,34,27,27,27,27,22,22,11,52,32,32,32,32,35,35,17,30,30,30,19,19,34,32,32,0],"gold":78,"neow_bonus":"REMOVE_TWO","is_prod":false,"is_daily":false,"chose_seed":false,"campfire_upgraded":3,"win_rate":0,"timestamp":1561003199,"path_taken":["M","?","?","?","$","R","M","R","T","E","?","E","M","M","R","BOSS","M","?","?","?","?","$","?","R","T","R","?","$","R","E","R","BOSS"],"build_version":"2019-01-23","purchased_purges":2,"victory":false,"max_hp_per_floor":[66,66,66,66,66,66,66,66,66,66,66,66,66,66,66,66,66,66,46,46,46,46,46,46,46,46,46,51,51,51,51,51,51],"card_choices":[{"not_picked":["Eviscerate","Terror"],"picked":"Infinite Blades","floor":1},{"not_picked":["Slice","Distraction"],"picked":"Terror","floor":7},{"not_picked":["Blade Dance","Outmaneuver","Flechettes"],"picked":"SKIP","floor":10},{"not_picked":["Phantasmal Killer","Slice"],"picked":"Dagger Throw","floor":12},{"not_picked":["Expertise","Sucker Punch"],"picked":"Dagger Throw","floor":13},{"not_picked":["Underhanded Strike","Cloak And Dagger"],"picked":"Blur","floor":14},{"not_picked":["Glass Knife","Bullet Time"],"picked":"Envenom","floor":16},{"not_picked":["Heel Hook","Sucker Punch"],"picked":"Noxious Fumes","floor":18},{"not_picked":["Concentrate","Poisoned Stab"],"picked":"Noxious Fumes","floor":22},{"not_picked":["Expertise","Well Laid Plans+1"],"picked":"Leg Sweep","floor":31}],"player_experience":1809574,"relics_obtained":[{"floor":9,"key":"Vajra"},{"floor":10,"key":"MawBank"},{"floor":12,"key":"Incense Burner"},{"floor":24,"key":"Red Mask"},{"floor":26,"key":"Matryoshka"},{"floor":31,"key":"Sundial"}],"event_choices":[{"damage_healed":0,"gold_gain":0,"player_choice":"Success","damage_taken":26,"relics_obtained":["Ninja Scroll"],"max_hp_gain":0,"max_hp_loss":0,"event_name":"Scrap Ooze","floor":2,"gold_loss":0},{"damage_healed":0,"gold_gain":75,"player_choice":"Gather Gold","damage_taken":11,"max_hp_gain":0,"max_hp_loss":0,"event_name":"World of Goop","floor":3,"gold_loss":0},{"damage_healed":0,"gold_gain":0,"player_choice":"Entered Light","damage_taken":20,"max_hp_gain":0,"max_hp_loss":0,"event_name":"Shining Light","floor":4,"gold_loss":0,"cards_upgraded":["Infinite Blades","Defend_G"]},{"damage_healed":0,"gold_gain":0,"player_choice":"Grow","damage_taken":0,"max_hp_gain":0,"max_hp_loss":0,"event_name":"Living Wall","floor":11,"gold_loss":0,"cards_upgraded":["Dagger Spray"]},{"damage_healed":0,"gold_gain":0,"player_choice":"Became a vampire","damage_taken":0,"max_hp_gain":0,"max_hp_loss":20,"event_name":"Vampires","floor":19,"gold_loss":0,"cards_obtained":["Bite","Bite","Bite","Bite","Bite"]},{"damage_healed":0,"gold_gain":0,"player_choice":"Simplicity","damage_taken":0,"max_hp_gain":0,"max_hp_loss":0,"event_name":"Back to Basics","floor":20,"gold_loss":0,"cards_upgraded":["Defend_G","Defend_G","Defend_G","Defend_G"]},{"damage_healed":0,"gold_gain":0,"player_choice":"Fought Bandits","damage_taken":0,"max_hp_gain":0,"max_hp_loss":0,"event_name":"Masked Bandits","floor":24,"gold_loss":0},{"damage_healed":0,"gold_gain":0,"player_choice":"Shed Blood","damage_taken":16,"max_hp_gain":5,"max_hp_loss":0,"event_name":"Forgotten Altar","floor":28,"gold_loss":0}],"is_beta":false,"boss_relics":[{"not_picked":["White Beast Statue","Tiny House"],"picked":"Snecko Eye"}],"items_purged_floors":[21,23],"is_endless":false,"potions_floor_spawned":[1,12,13,14,16,18,24,31],"killed_by":"Champ","ascension_level":20}