{"gold_per_floor":[119,119,194,31,31,31,50,50,50,64,91,101,121,155,155,230,230,240,20,34,45,45],"floor_reached":22,"playtime":1321,"items_purged":["Strike_G"],"score":382,"play_id":"0da05a5d-7ff1-4635-9e31-84c721bada95","local_time":"20190630120120","is_ascension_mode":true,"campfire_choices":[{"data":"Sucker Punch","floor":6,"key":"SMITH"},{"floor":8,"key":"REST"},{"data":"Noxious Fumes","floor":15,"key":"SMITH"}],"neow_cost":"PERCENT_DAMAGE","seed_source_timestamp":521809587142152,"circlet_count":0,"master_deck":["AscendersBane","Strike_G","Strike_G","Defend_G","Defend_G","Defend_G","Defend_G","Defend_G","Survivor","Neutralize+1","Sucker Punch+1","Well Laid Plans+1","Bane","Masterful Stab","Blur","Dagger Spray","Noxious Fumes+1","Burst","Catalyst","Blur","Well Laid Plans","Footwork","Noxious Fumes"],"relics":["Ring of the Snake","Thread and Needle","Anchor","Potion Belt","HoveringKite"],"potions_floor_usage":[14,14,21,21,22],"damage_taken":[{"damage":0,"enemies":"2 Louse","floor":1,"turns":4},{"damage":0,"enemies":"Cultist","floor":7,"turns":5},{"damage":0,"enemies":"Small Slimes","floor":10,"turns":6},{"damage":3,"enemies":"3 Sentries","floor":11,"turns":17},{"damage":0,"enemies":"Exordium Thugs","floor":12,"turns":5},{"damage":0,"enemies":"3 Louse","floor":13,"turns":3},{"damage":18,"enemies":"Lagavulin","floor":14,"turns":10},{"damage":14,"enemies":"Hexaghost","floor":16,"turns":11},{"damage":0,"enemies":"Shell Parasite","floor":18,"turns":7},{"damage":3,"enemies":"Chosen","floor":20,"turns":7},{"damage":21,"enemies":"3 Cultists","floor":21,"turns":5},{"damage":21,"enemies":"Shelled Parasite and Fungi","floor":22,"turns":6}],"seed_played":"5030078330192431163","potions_obtained":[{"floor":11,"key":"Fire Potion"},{"floor":12,"key":"GamblersBrew"},{"floor":13,"key":"EssenceOfSteel"},{"floor":18,"key":"GhostInAJar"},{"floor":21,"key":"Ancient Potion"}],"is_trial":false,"path_per_floor":["M","?","?","$","?","R","M","R","T","M","E","M","M","E","R","B",null,"M","$","M","M","M"],"character_chosen":"THE_SILENT","items_purchased":["Well Laid Plans","Blur","Well Laid Plans","SkillPotion"],"campfire_rested":1,"item_purchase_floors":[4,19,19,19],"current_hp_per_floor":[44,44,33,33,33,33,33,52,52,52,49,49,49,31,31,17,54,54,54,51,30,9],"gold":45,"neow_bonus":"REMOVE_TWO","is_prod":false,"is_daily":false,"chose_seed":false,"campfire_upgraded":2,"win_rate":0,"timestamp":1561914080,"path_taken":["M","?","?","$","?","R","?","R","T","M","E","M","M","E","R","BOSS","M","$","M","M","M"],"build_version":"2019-06-29","purchased_purges":1,"victory":false,"max_hp_per_floor":[66,66,66,66,66,66,66,66,66,66,66,66,66,66,66,66,66,66,66,66,66,66],"card_choices":[{"not_picked":["Slice","Dodge and Roll"],"picked":"Sucker Punch","floor":1},{"not_picked":["Bane","Sucker Punch","Blade Dance"],"picked":"SKIP","floor":7},{"not_picked":["Acrobatics","Calculated Gamble"],"picked":"Bane","floor":10},{"not_picked":["Setup","Sucker Punch"],"picked":"Masterful Stab","floor":11},{"not_picked":["Dagger Throw","Deflect"],"picked":"Blur","floor":12},{"not_picked":["Bane","Tactician"],"picked":"Dagger Spray","floor":13},{"not_picked":["Dagger Spray","A Thousand Cuts"],"picked":"Noxious Fumes","floor":14},{"not_picked":["Bullet Time","Night Terror"],"picked":"Burst","floor":16},{"not_picked":["Distraction","Poisoned Stab"],"picked":"Catalyst","floor":18},{"not_picked":["Tactician+1","Leg Sweep"],"picked":"Footwork","floor":20},{"not_picked":["Sucker Punch","Calculated Gamble"],"picked":"Noxious Fumes","floor":21}],"player_experience":1580439,"relics_obtained":[{"floor":9,"key":"Thread and Needle"},{"floor":11,"key":"Anchor"},{"floor":14,"key":"Potion Belt"}],"event_choices":[{"damage_healed":0,"gold_gain":0,"player_choice":"Grow","damage_taken":0,"max_hp_gain":0,"max_hp_loss":0,"event_name":"Living Wall","floor":2,"gold_loss":0,"cards_upgraded":["Neutralize"]},{"damage_healed":0,"gold_gain":75,"player_choice":"Gather Gold","damage_taken":11,"max_hp_gain":0,"max_hp_loss":0,"event_name":"World of Goop","floor":3,"gold_loss":0},{"damage_healed":0,"gold_gain":0,"player_choice":"Upgraded","damage_taken":0,"max_hp_gain":0,"max_hp_loss":0,"event_name":"Upgrade Shrine","floor":5,"gold_loss":0,"cards_upgraded":["Well Laid Plans"]}],"is_beta":true,"boss_relics":[{"not_picked":["Lizard Tail","WristBlade"],"picked":"HoveringKite"}],"items_purged_floors":[4],"is_endless":false,"potions_floor_spawned":[11,12,13,18,21],"killed_by":"Shelled Parasite and Fungi","ascension_level":19}