{"gold_per_floor":[109,127,147,24,36,36,51,6,6,20,52,52,111,126,126,228,228,239,239,239,164,164,197,210,236,261,275,292,309,326,346,346,442,442,452,470,470,470,84,97,97,107,155,182,182,209,224,224,224,224],"floor_reached":51,"playtime":6864,"items_purged":["Backstab"],"score":867,"play_id":"c735e7da-dbb1-4d84-91cc-35eb8021e79f","local_time":"20190712204725","is_ascension_mode":true,"campfire_choices":[{"data":"Footwork","floor":6,"key":"SMITH"},{"data":"Noxious Fumes","floor":12,"key":"SMITH"},{"data":"Footwork","floor":15,"key":"SMITH"},{"floor":32,"key":"REST"},{"floor":41,"key":"REST"},{"floor":45,"key":"REST"},{"floor":49,"key":"REST"}],"neow_cost":"NONE","seed_source_timestamp":146230938690500,"circlet_count":0,"master_deck":["Survivor","Neutralize+1","Escape Plan","Cloak And Dagger","Noxious Fumes+1","Footwork+1","Dodge and Roll","Blur","Footwork+1","Corpse Explosion","Backflip","Adrenaline","Blade Dance","Reflex","Ghostly","Ghostly","Ghostly","Ghostly","Ghostly","Flechettes","Backflip","Dodge and Roll+1","Cloak And Dagger+1","PiercingWail","Catalyst","Poisoned Stab+1","Storm of Steel","Venomology","Caltrops","Masterful Stab","Acrobatics","Setup","Bullet Time","Escape Plan","Burst","A Thousand Cuts","Blur","PiercingWail","Master of Strategy","Footwork","Deadly Poison","Choke+1","Calculated Gamble","Cloak And Dagger+1","Doppelganger","Dodge and Roll+1","Underhanded Strike","Well Laid Plans","Grand Finale"],"relics":["Ring of the Snake","Paper Crane","Darkstone Periapt","Snecko Eye","Whetstone","Pear","Centennial Puzzle","Pandora\u0027s Box","Ice Cream","Ancient Tea Set","Orichalcum","Dead Branch"],"potions_floor_usage":[7,11,16,23,24,25,31,33,40,42,42,44,44,47,50,50,50,50],"damage_taken":[{"damage":0,"enemies":"Cultist","floor":1,"turns":5},{"damage":0,"enemies":"Small Slimes","floor":2,"turns":3},{"damage":5,"enemies":"Jaw Worm","floor":3,"turns":6},{"damage":0,"enemies":"Blue Slaver","floor":5,"turns":5},{"damage":0,"enemies":"Exordium Wildlife","floor":7,"turns":3},{"damage":1,"enemies":"Looter","floor":8,"turns":5},{"damage":0,"enemies":"Large Slime","floor":10,"turns":9},{"damage":15,"enemies":"3 Sentries","floor":11,"turns":7},{"damage":3,"enemies":"3 Sentries","floor":13,"turns":4},{"damage":0,"enemies":"Exordium Thugs","floor":14,"turns":5},{"damage":11,"enemies":"Slime Boss","floor":16,"turns":14},{"damage":16,"enemies":"2 Thieves","floor":18,"turns":3},{"damage":31,"enemies":"Slavers","floor":23,"turns":6},{"damage":1,"enemies":"3 Byrds","floor":24,"turns":6},{"damage":0,"enemies":"Gremlin Leader","floor":25,"turns":7},{"damage":2,"enemies":"Centurion and Healer","floor":27,"turns":5},{"damage":0,"enemies":"Cultist and Chosen","floor":28,"turns":6},{"damage":5,"enemies":"Shelled Parasite and Fungi","floor":29,"turns":9},{"damage":0,"enemies":"3 Cultists","floor":30,"turns":5},{"damage":2,"enemies":"Centurion and Healer","floor":31,"turns":5},{"damage":31,"enemies":"Champ","floor":33,"turns":18},{"damage":16,"enemies":"3 Darklings","floor":35,"turns":2},{"damage":8,"enemies":"3 Shapes","floor":36,"turns":11},{"damage":9,"enemies":"Jaw Worm Horde","floor":40,"turns":2},{"damage":7,"enemies":"Maw","floor":42,"turns":9},{"damage":39,"enemies":"Nemesis","floor":44,"turns":7},{"damage":10,"enemies":"Reptomancer","floor":46,"turns":7},{"damage":2,"enemies":"Sphere and 2 Shapes","floor":47,"turns":5},{"damage":19,"enemies":"Awakened One","floor":50,"turns":13}],"seed_played":"-7697906417412702343","potions_obtained":[{"floor":1,"key":"AttackPotion"},{"floor":5,"key":"SneckoOil"},{"floor":10,"key":"Block Potion"},{"floor":11,"key":"Dexterity Potion"},{"floor":13,"key":"FearPotion"},{"floor":18,"key":"Regen Potion"},{"floor":23,"key":"FairyPotion"},{"floor":28,"key":"SteroidPotion"},{"floor":30,"key":"SkillPotion"},{"floor":38,"key":"LiquidBronze"},{"floor":38,"key":"Swift Potion"},{"floor":44,"key":"SteroidPotion"},{"floor":46,"key":"Explosive Potion"}],"is_trial":false,"path_per_floor":["M","M","M","$","M","R","M","M","T","M","E","R","?","M","R","B",null,"M","?","?","$","?","E","M","E","T","M","M","M","M","M","R","B",null,"M","M","?","?","$","M","R","M","T","E","R","E","M","?","R","B",null],"character_chosen":"THE_SILENT","items_purchased":["Footwork","Dodge and Roll","Ice Cream","Footwork","Deadly Poison"],"campfire_rested":4,"item_purchase_floors":[4,4,39,39,39],"current_hp_per_floor":[77,77,72,72,72,72,72,71,71,71,56,56,53,53,53,42,77,61,61,47,47,41,20,19,29,29,27,27,22,22,20,35,4,51,35,27,27,27,27,18,33,26,26,8,23,13,11,11,26,7],"gold":224,"neow_bonus":"TEN_PERCENT_HP_BONUS","is_prod":false,"is_daily":false,"chose_seed":false,"campfire_upgraded":3,"win_rate":0,"timestamp":1562978845,"path_taken":["M","M","M","$","M","R","M","M","T","?","E","R","?","M","R","BOSS","M","?","?","$","?","E","M","E","T","M","M","?","M","M","R","BOSS","M","M","?","?","$","M","R","M","T","E","R","E","?","?","R","BOSS"],"build_version":"2019-07-05","purchased_purges":1,"victory":true,"max_hp_per_floor":[77,77,77,77,77,77,77,77,77,77,77,77,77,77,77,77,77,77,77,82,82,41,41,41,51,51,51,51,51,51,51,51,51,51,51,51,51,51,51,51,51,51,51,51,51,51,51,51,51,51],"card_choices":[{"not_picked":["Distraction","Blade Dance"],"picked":"Escape Plan","floor":1},{"not_picked":["Prepared","Quick Slash"],"picked":"Cloak And Dagger","floor":2},{"not_picked":["Flying Knee","Deadly Poison"],"picked":"Noxious Fumes","floor":3},{"not_picked":["PiercingWail","Dodge and Roll"],"picked":"Blur","floor":5},{"not_picked":["Sucker Punch","Expertise","Bane"],"picked":"SKIP","floor":7},{"not_picked":["Flying Knee","Endless Agony"],"picked":"Footwork","floor":8},{"not_picked":["Corpse Explosion","Poisoned Stab","Blade Dance"],"picked":"SKIP","floor":10},{"not_picked":["Poisoned Stab","Blade Dance"],"picked":"Corpse Explosion","floor":10},{"not_picked":["Choke","Flying Knee"],"picked":"Backflip","floor":11},{"not_picked":["Underhanded Strike","Endless Agony","Infinite Blades"],"picked":"SKIP","floor":14},{"not_picked":["A Thousand Cuts","Tools of the Trade"],"picked":"Adrenaline","floor":16},{"not_picked":["Distraction","Prepared"],"picked":"Backstab","floor":18},{"not_picked":["Blade Dance","Predator"],"picked":"Flechettes","floor":23},{"not_picked":["Deflect","Blade Dance"],"picked":"Backflip","floor":24},{"not_picked":["Deflect","Cloak And Dagger"],"picked":"Dodge and Roll+1","floor":25},{"not_picked":["Bouncing Flask","Skewer"],"picked":"Cloak And Dagger+1","floor":27},{"not_picked":["Dagger Throw","Underhanded Strike+1"],"picked":"PiercingWail","floor":28},{"not_picked":["Masterful Stab","Blur"],"picked":"Catalyst","floor":29},{"not_picked":["Bane","PiercingWail"],"picked":"Poisoned Stab+1","floor":30},{"not_picked":["Cloak And Dagger","Quick Slash"],"picked":"Storm of Steel","floor":31},{"not_picked":["Grand Finale","Adrenaline"],"picked":"Venomology","floor":33},{"not_picked":["PiercingWail","Flying Knee+1"],"picked":"Blur","floor":35},{"not_picked":["Infinite Blades+1","All Out Attack+1"],"picked":"PiercingWail","floor":36},{"not_picked":["Purity","PanicButton"],"picked":"Master of Strategy","floor":37},{"not_picked":["Deadly Poison","Bane+1"],"picked":"Choke+1","floor":40},{"not_picked":["Deadly Poison","Endless Agony+1"],"picked":"Calculated Gamble","floor":42},{"not_picked":["Distraction","Tactician"],"picked":"Cloak And Dagger+1","floor":44},{"not_picked":["Tactician","Bane"],"picked":"Doppelganger","floor":46},{"not_picked":["Footwork","Dash"],"picked":"Dodge and Roll+1","floor":47}],"player_experience":171148,"relics_obtained":[{"floor":11,"key":"Paper Crane"},{"floor":13,"key":"Darkstone Periapt"},{"floor":23,"key":"Whetstone"},{"floor":25,"key":"Pear"},{"floor":26,"key":"Centennial Puzzle"},{"floor":43,"key":"Ancient Tea Set"},{"floor":44,"key":"Orichalcum"},{"floor":46,"key":"Dead Branch"}],"event_choices":[{"damage_healed":0,"gold_gain":0,"player_choice":"Searched \u00271\u0027 times","damage_taken":0,"max_hp_gain":0,"max_hp_loss":0,"event_name":"Dead Adventurer","floor":13,"gold_loss":0},{"damage_healed":0,"gold_gain":0,"cards_transformed":["Strike_G","Strike_G"],"player_choice":"Became Test Subject","damage_taken":0,"max_hp_gain":0,"max_hp_loss":0,"event_name":"Drug Dealer","floor":19,"gold_loss":0,"cards_obtained":["Blade Dance","Reflex"]},{"damage_healed":0,"gold_gain":0,"player_choice":"Shed Blood","damage_taken":19,"max_hp_gain":5,"max_hp_loss":0,"event_name":"Forgotten Altar","floor":20,"gold_loss":0},{"damage_healed":0,"gold_gain":0,"player_choice":"Became a Ghost","damage_taken":0,"max_hp_gain":0,"max_hp_loss":41,"event_name":"Ghosts","floor":22,"gold_loss":0,"cards_obtained":["Ghostly","Ghostly","Ghostly","Ghostly","Ghostly"]},{"damage_healed":0,"gold_gain":0,"player_choice":"Memory 1","damage_taken":0,"max_hp_gain":0,"max_hp_loss":0,"event_name":"SensoryStone","floor":37,"gold_loss":0},{"damage_healed":0,"gold_gain":0,"player_choice":"Got Potions","damage_taken":0,"max_hp_gain":0,"max_hp_loss":0,"event_name":"Lab","floor":38,"gold_loss":0},{"damage_healed":0,"gold_gain":0,"player_choice":"3 cards matched","damage_taken":0,"max_hp_gain":0,"max_hp_loss":0,"event_name":"Match and Keep!","floor":48,"gold_loss":0,"cards_obtained":["Underhanded Strike","Well Laid Plans","Grand Finale"]}],"is_beta":false,"boss_relics":[{"not_picked":["Sozu","Fusion Hammer"],"picked":"Snecko Eye"},{"not_picked":["Tiny House","Orrery"],"picked":"Pandora\u0027s Box"}],"items_purged_floors":[21],"is_endless":false,"potions_floor_spawned":[1,5,10,11,13,18,23,28,30,40,44,46,47],"ascension_level":1}