{"gold_per_floor":[116,191,210,210,210,240,240,273,320,338,348,348,361,376,376,473,473,483,67,87,87,107,107,125,125,125,125,152,152,332,346,346,450,450,463,482,496,496,509,509,559,570,595,595,608,172,72,72,72,72],"floor_reached":51,"playtime":4037,"items_purged":["Strike_R","Bash"],"score":779,"play_id":"c79797ad-971f-4d2a-ac25-f25cfe7b36b3","local_time":"20190704021531","is_ascension_mode":false,"campfire_choices":[{"data":"Infernal Blade","floor":7.0,"key":"SMITH"},{"data":"Armaments","floor":12.0,"key":"SMITH"},{"floor":15.0,"key":"REST"},{"data":"Corruption","floor":23,"key":"SMITH"},{"data":"Barricade","floor":25,"key":"SMITH"},{"data":"Body Slam","floor":29,"key":"SMITH"},{"data":"Ghostly Armor","floor":32,"key":"SMITH"},{"data":"Shrug It Off","floor":40,"key":"SMITH"},{"data":"Strike_R","floor":44,"key":"PURGE"},{"data":"Berserk","floor":49,"key":"SMITH"}],"neow_cost":"NONE","seed_source_timestamp":0,"circlet_count":0,"master_deck":["Defend_R","Defend_R","Defend_R","Defend_R","Evolve","Twin Strike","Infernal Blade+1","Body Slam+1","Anger","Corruption+1","Armaments+1","Barricade+1","Second Wind","Ghostly Armor+1","Impervious","Shrug It Off","Rampage+1","Shrug It Off+1","Iron Wave+1","Entrench+1","Power Through","Impervious","Burning Pact+1","Metallicize","Feel No Pain+1","Offering+1","Berserk+1","Madness+1","Madness+1"],"special_seed":0,"relics":["Burning Blood","Paper Frog","Thread and Needle","Mercury Hourglass","Anchor","Runic Dome","Molten Egg 2","Meat on the Bone","Enchiridion","Ancient Tea Set","White Beast Statue","Toxic Egg 2","Peace Pipe","Vajra","Potion Belt"],"potions_floor_usage":[16,16,16,33,35,36,41,50,50],"damage_taken":[{"damage":9.0,"enemies":"2 Louse","floor":1.0,"turns":4.0},{"damage":7.0,"enemies":"Small Slimes","floor":3.0,"turns":5.0},{"damage":36.0,"enemies":"Gremlin Nob","floor":6.0,"turns":5.0},{"damage":30.0,"enemies":"Lagavulin","floor":8.0,"turns":6.0},{"damage":0.0,"enemies":"Jaw Worm","floor":10.0,"turns":2.0},{"damage":12.0,"enemies":"Lots of Slimes","floor":11.0,"turns":3.0},{"damage":0.0,"enemies":"Exordium Thugs","floor":13.0,"turns":5.0},{"damage":4.0,"enemies":"2 Fungi Beasts","floor":14.0,"turns":3.0},{"damage":33,"enemies":"The Guardian","floor":16,"turns":9},{"damage":6,"enemies":"2 Thieves","floor":18,"turns":4},{"damage":0,"enemies":"3 Byrds","floor":20,"turns":6},{"damage":33,"enemies":"Snake Plant","floor":22,"turns":6},{"damage":6,"enemies":"Centurion and Healer","floor":24,"turns":7},{"damage":0,"enemies":"Book of Stabbing","floor":28,"turns":5},{"damage":0,"enemies":"Shelled Parasite and Fungi","floor":31,"turns":5},{"damage":0,"enemies":"Champ","floor":33,"turns":10},{"damage":4,"enemies":"3 Shapes","floor":35,"turns":5},{"damage":0,"enemies":"3 Darklings","floor":36,"turns":4},{"damage":8,"enemies":"4 Shapes","floor":37,"turns":6},{"damage":0,"enemies":"Maw","floor":39,"turns":7},{"damage":0,"enemies":"2 Orb Walkers","floor":41,"turns":5},{"damage":8,"enemies":"3 Darklings","floor":42,"turns":5},{"damage":0,"enemies":"Spire Growth","floor":45,"turns":3},{"damage":6,"enemies":"Donu and Deca","floor":50,"turns":4}],"seed_played":"4906182528770427368","potions_obtained":[{"floor":3.0,"key":"Poison Potion"},{"floor":10.0,"key":"AttackPotion"},{"floor":11.0,"key":"LiquidBronze"},{"floor":16,"key":"Explosive Potion"},{"floor":24,"key":"PowerPotion"},{"floor":31,"key":"AttackPotion"},{"floor":33,"key":"PowerPotion"},{"floor":35,"key":"Weak Potion"},{"floor":36,"key":"Explosive Potion"},{"floor":37,"key":"Regen Potion"},{"floor":39,"key":"Poison Potion"},{"floor":41,"key":"FearPotion"},{"floor":42,"key":"Block Potion"}],"is_trial":false,"path_per_floor":["M","?","M","?","T","E","R","E","T","M","M","R","M","M","R","B",null,"M","$","M","?","M","R","M","R","T","?","E","R","?","M","R","B",null,"M","M","M","T","M","R","?","M","T","R","M","$","$","?","R","B",null],"character_chosen":"IRONCLAD","items_purchased":["Molten Egg 2","Rampage+1","Offering+1","Berserk","Potion Belt"],"campfire_rested":1,"item_purchase_floors":[19,19,46,46,46],"current_hp_per_floor":[77,66,65,65,65,35,35,11,11,17,11,11,17,19,43,16,80,80,80,80,80,53,53,53,53,53,37,55,55,31,49,49,55,80,80,80,78,78,80,80,80,78,78,78,80,80,80,70,70,70],"gold":72,"neow_bonus":"TRANSFORM_CARD","is_prod":false,"is_daily":false,"chose_seed":false,"campfire_upgraded":8,"win_rate":0.0,"timestamp":1562174131,"path_taken":["M","?","M","?","?","E","R","E","T","M","M","R","?","M","R","BOSS","M","$","M","?","M","R","M","R","T","?","E","R","?","M","R","BOSS","M","?","M","?","M","R","?","M","T","R","M","?","$","?","R","BOSS"],"build_version":"2019-07-01","purchased_purges":2,"victory":true,"max_hp_per_floor":[80,80,80,80,80,80,80,80,80,80,80,80,80,80,80,80,80,80,80,80,80,80,80,80,80,80,80,80,80,80,80,80,80,80,80,80,80,80,80,80,80,80,80,80,80,80,80,80,80,80],"card_choices":[{"not_picked":["Body Slam","Spot Weakness"],"picked":"Twin Strike","floor":1.0},{"not_picked":["Bloodletting","Dual Wield"],"picked":"Infernal Blade","floor":3.0},{"not_picked":["Cleave","Thunderclap"],"picked":"Anger","floor":6.0},{"not_picked":["Twin Strike","Anger"],"picked":"Corruption","floor":8.0},{"not_picked":["Anger","Dropkick"],"picked":"Armaments","floor":10.0},{"not_picked":["Burning Pact","Inflame"],"picked":"Barricade","floor":11.0},{"not_picked":["Shrug It Off","Fire Breathing"],"picked":"Second Wind","floor":13.0},{"not_picked":["Whirlwind","Twin Strike"],"picked":"Ghostly Armor","floor":14.0},{"not_picked":["Double Tap","Feed"],"picked":"Impervious","floor":16},{"not_picked":["Pummel","Second Wind"],"picked":"Shrug It Off","floor":18},{"not_picked":["Heavy Blade+1","Sword Boomerang+1","Infernal Blade"],"picked":"SKIP","floor":20},{"not_picked":["Reckless Charge+1","Iron Wave+1"],"picked":"Shrug It Off","floor":22},{"not_picked":["Armaments","Sword Boomerang+1"],"picked":"Iron Wave+1","floor":24},{"not_picked":["Warcry","Fire Breathing"],"picked":"Entrench+1","floor":28},{"not_picked":["Heavy Blade+1","Searing Blow+1"],"picked":"Power Through","floor":31},{"not_picked":["Fiend Fire+1","Bludgeon+1"],"picked":"Impervious","floor":33},{"not_picked":["Sword Boomerang+1","Perfected Strike+1"],"picked":"Burning Pact+1","floor":35},{"not_picked":["Infernal Blade+1","Blood for Blood+1","Second Wind+1"],"picked":"SKIP","floor":36},{"not_picked":["Dual Wield+1","Anger+1"],"picked":"Metallicize","floor":37},{"not_picked":["Iron Wave+1","Heavy Blade+1","Wild Strike+1"],"picked":"SKIP","floor":39},{"not_picked":["Corruption+1","Pummel+1"],"picked":"Feel No Pain+1","floor":42},{"not_picked":["Blood for Blood+1","Spot Weakness+1","Pummel+1"],"picked":"SKIP","floor":45}],"player_experience":20743,"relics_obtained":[{"floor":5.0,"key":"Paper Frog"},{"floor":6.0,"key":"Thread and Needle"},{"floor":8.0,"key":"Mercury Hourglass"},{"floor":9.0,"key":"Anchor"},{"floor":26,"key":"Meat on the Bone"},{"floor":27,"key":"Enchiridion"},{"floor":28,"key":"Ancient Tea Set"},{"floor":38,"key":"Toxic Egg 2"},{"floor":41,"key":"Peace Pipe"},{"floor":43,"key":"Vajra"}],"event_choices":[{"damage_healed":0.0,"max_hp_gain":0.0,"max_hp_loss":0.0,"gold_gain":75.0,"event_name":"World of Goop","player_choice":"Gather Gold","floor":2.0,"gold_loss":0.0,"damage_taken":11.0},{"damage_healed":0.0,"max_hp_gain":0.0,"max_hp_loss":0.0,"gold_gain":0.0,"cards_transformed":["Strike_R"],"event_name":"Living Wall","player_choice":"Change","floor":4.0,"gold_loss":0.0,"damage_taken":0.0,"cards_obtained":["Body Slam"]},{"cards_removed":["Strike_R"],"damage_healed":0,"gold_gain":0,"player_choice":"Elegance","damage_taken":0,"max_hp_gain":0,"max_hp_loss":0,"event_name":"Back to Basics","floor":21,"gold_loss":0},{"damage_healed":0,"gold_gain":0,"player_choice":"Obtained Book","damage_taken":16,"max_hp_gain":0,"max_hp_loss":0,"event_name":"Cursed Tome","floor":27,"gold_loss":0},{"damage_healed":0,"gold_gain":180,"player_choice":"GOLD GOLD ","damage_taken":24,"max_hp_gain":0,"max_hp_loss":0,"event_name":"Knowing Skull","floor":30,"potions_obtained":[],"gold_loss":0,"cards_obtained":[]},{"damage_healed":0,"gold_gain":0,"player_choice":"Fight","damage_taken":0,"max_hp_gain":0,"max_hp_loss":0,"event_name":"Mysterious Sphere","floor":41,"gold_loss":0},{"damage_healed":0,"gold_gain":0,"player_choice":"Embrace Madness","damage_taken":10,"max_hp_gain":0,"max_hp_loss":0,"event_name":"Winding Halls","floor":48,"gold_loss":0,"cards_obtained":["Madness","Madness"]}],"is_beta":false,"boss_relics":[{"not_picked":["Velvet Choker","Busted Crown"],"picked":"Runic Dome"},{"not_picked":["Cursed Key","Snecko Eye"],"picked":"White Beast Statue"}],"items_purged_floors":[19,47],"is_endless":false,"potions_floor_spawned":[3,10,11,16,24,31,33,35,36,37,39,41,42,45],"ascension_level":0}