{"gold_per_floor":[118,129,2,2,2,2,33,46,73,73,86,119,119,130,130,207,207,223,241,258,258],"floor_reached":21,"playtime":890,"items_purged":[],"score":432,"play_id":"7f350824-4a9a-47d8-8f93-9c879fbb8a7d","local_time":"20190630182528","is_ascension_mode":true,"campfire_choices":[{"data":"Skewer","floor":6,"key":"SMITH"},{"data":"Neutralize","floor":10,"key":"SMITH"},{"data":"Glass Knife","floor":15,"key":"SMITH"}],"neow_cost":"NONE","seed_source_timestamp":545288157425910,"circlet_count":0,"master_deck":["AscendersBane","Strike_G","Strike_G","Strike_G","Strike_G","Strike_G","Defend_G","Defend_G","Defend_G","Defend_G","Defend_G","Survivor","Neutralize+1","Infinite Blades","Skewer+1","Glass Knife+1","Footwork","Acrobatics","Phantasmal Killer+1","Flying Knee","Malaise","PiercingWail+1","Choke","All Out Attack"],"relics":["Ring of the Snake","NeowsBlessing","Pear","Ornamental Fan","Ancient Tea Set","Lantern","Philosopher\u0027s Stone"],"potions_floor_usage":[16,19],"damage_taken":[{"damage":0,"enemies":"Cultist","floor":1,"turns":1},{"damage":0,"enemies":"2 Louse","floor":2,"turns":1},{"damage":0,"enemies":"3 Sentries","floor":7,"turns":2},{"damage":0,"enemies":"Small Slimes","floor":8,"turns":4},{"damage":0,"enemies":"3 Louse","floor":11,"turns":3},{"damage":31,"enemies":"Lagavulin","floor":12,"turns":8},{"damage":0,"enemies":"Blue Slaver","floor":14,"turns":4},{"damage":15,"enemies":"Slime Boss","floor":16,"turns":8},{"damage":15,"enemies":"3 Byrds","floor":18,"turns":7},{"damage":2,"enemies":"Chosen","floor":19,"turns":4},{"damage":9,"enemies":"Centurion and Healer","floor":20,"turns":5},{"damage":45,"enemies":"Sentry and Sphere","floor":21,"turns":5}],"seed_played":"-3219348881611193488","potions_obtained":[{"floor":11,"key":"Ancient Potion"},{"floor":16,"key":"Poison Potion"},{"floor":19,"key":"Strength Potion"}],"is_trial":false,"path_per_floor":["M","M","$","T","?","R","E","M","T","R","M","E","?","M","R","B",null,"M","M","M","M"],"character_chosen":"THE_SILENT","items_purchased":["Skewer","AttackPotion"],"campfire_rested":0,"item_purchase_floors":[3,3],"current_hp_per_floor":[59,59,59,69,69,69,69,69,69,69,69,38,38,38,38,23,63,48,46,37,0],"gold":258,"neow_bonus":"THREE_ENEMY_KILL","is_prod":false,"is_daily":false,"chose_seed":false,"campfire_upgraded":3,"win_rate":0,"timestamp":1561937128,"path_taken":["M","?","$","?","?","R","E","M","T","R","M","E","?","M","R","BOSS","M","M","?","M"],"build_version":"2019-06-29","purchased_purges":0,"victory":false,"max_hp_per_floor":[66,66,66,76,76,76,76,76,76,76,76,76,76,76,76,76,76,76,76,76,76],"card_choices":[{"not_picked":["Deadly Poison","Concentrate"],"picked":"Infinite Blades","floor":1},{"not_picked":["Blade Dance","Accuracy","Acrobatics"],"picked":"SKIP","floor":2},{"not_picked":["Dagger Throw","Flechettes"],"picked":"Glass Knife","floor":7},{"not_picked":["Acrobatics","Backflip"],"picked":"Footwork","floor":8},{"not_picked":["Dagger Throw","Deflect"],"picked":"Acrobatics","floor":11},{"not_picked":["Underhanded Strike","Predator"],"picked":"Phantasmal Killer","floor":12},{"not_picked":["Deadly Poison","Backflip"],"picked":"Flying Knee","floor":14},{"not_picked":["Envenom","Venomology"],"picked":"Malaise","floor":16},{"not_picked":["Catalyst","Slice+1"],"picked":"PiercingWail+1","floor":18},{"not_picked":["Eviscerate","Sucker Punch"],"picked":"Choke","floor":19},{"not_picked":["Heel Hook","Eviscerate+1"],"picked":"All Out Attack","floor":20}],"player_experience":1601551,"relics_obtained":[{"floor":4,"key":"Pear"},{"floor":7,"key":"Ornamental Fan"},{"floor":9,"key":"Ancient Tea Set"},{"floor":12,"key":"Lantern"}],"event_choices":[{"damage_healed":0,"gold_gain":0,"player_choice":"Ignored","damage_taken":0,"max_hp_gain":0,"max_hp_loss":0,"event_name":"Liars Game","floor":5,"gold_loss":0},{"damage_healed":0,"gold_gain":0,"player_choice":"Upgraded","damage_taken":0,"max_hp_gain":0,"max_hp_loss":0,"event_name":"Upgrade Shrine","floor":13,"gold_loss":0,"cards_upgraded":["Phantasmal Killer"]}],"is_beta":true,"boss_relics":[{"not_picked":["Ectoplasm","Calling Bell"],"picked":"Philosopher\u0027s Stone"}],"items_purged_floors":[],"is_endless":false,"potions_floor_spawned":[11,12,16,19],"killed_by":"Sentry and Sphere","ascension_level":20}