{"gold_per_floor":[116,130,80,94,94,94,117,117,198,198],"floor_reached":10,"playtime":395,"items_purged":[],"score":56,"play_id":"c8503a77-e604-4e2c-bbf8-8b5940eacbe3","local_time":"20190709201113","is_ascension_mode":false,"campfire_choices":[{"data":"Bouncing Flask","floor":6,"key":"SMITH"},{"data":"Burst","floor":8,"key":"SMITH"}],"neow_cost":"CURSE","seed_source_timestamp":0,"circlet_count":0,"master_deck":["Strike_G","Strike_G","Strike_G","Strike_G","Defend_G","Defend_G","Defend_G","Defend_G","Defend_G","Survivor","Neutralize","Bouncing Flask+1","Acrobatics","Deflect","Burst+1"],"special_seed":0,"relics":["Ring of the Snake","Bird Faced Urn","Odd Mushroom"],"potions_floor_usage":[10],"damage_taken":[{"damage":0.0,"enemies":"2 Louse","floor":1.0,"turns":4.0},{"damage":6,"enemies":"Small Slimes","floor":2,"turns":3},{"damage":9,"enemies":"Jaw Worm","floor":4,"turns":4},{"damage":37,"enemies":"The Mushroom Lair","floor":7,"turns":5},{"damage":17,"enemies":"2 Fungi Beasts","floor":10,"turns":4}],"seed_played":"-5742637997891675721","potions_obtained":[{"floor":1.0,"key":"Strength Potion"},{"floor":7,"key":"SneckoOil"}],"is_trial":false,"path_per_floor":["M","M","?","M","?","R","?","R","T","M"],"character_chosen":"THE_SILENT","items_purchased":[],"campfire_rested":0,"item_purchase_floors":[],"current_hp_per_floor":[70,64,64,55,48,48,11,11,11,0],"gold":198,"neow_bonus":"ONE_RARE_RELIC","is_prod":false,"is_daily":false,"chose_seed":false,"campfire_upgraded":2,"win_rate":0,"timestamp":1562670673,"path_taken":["M","M","?","M","?","R","?","R","T","M"],"build_version":"2019-07-05","purchased_purges":0,"victory":false,"max_hp_per_floor":[70,70,70,70,70,70,70,70,70,70],"card_choices":[{"not_picked":["Backflip","Quick Slash"],"picked":"Bouncing Flask","floor":1.0},{"not_picked":["Blade Dance","Underhanded Strike"],"picked":"Acrobatics","floor":2},{"not_picked":["Underhanded Strike","Acrobatics"],"picked":"Deflect","floor":4},{"not_picked":["Slice","Underhanded Strike"],"picked":"Burst","floor":7}],"player_experience":133716,"relics_obtained":[{"floor":7,"key":"Odd Mushroom"}],"event_choices":[{"cards_removed":["Decay"],"damage_healed":0,"gold_gain":0,"player_choice":"Card Removal","damage_taken":0,"max_hp_gain":0,"max_hp_loss":0,"event_name":"The Cleric","floor":3,"gold_loss":50},{"cards_removed":["Strike_G"],"damage_healed":0,"gold_gain":0,"player_choice":"Card Removal","damage_taken":7,"max_hp_gain":0,"max_hp_loss":0,"event_name":"Golden Wing","floor":5,"gold_loss":0},{"damage_healed":0,"gold_gain":0,"player_choice":"Fought Mushrooms","damage_taken":0,"max_hp_gain":0,"max_hp_loss":0,"event_name":"Mushrooms","floor":7,"gold_loss":0}],"is_beta":false,"boss_relics":[],"items_purged_floors":[],"is_endless":false,"potions_floor_spawned":[1,7],"killed_by":"2 Fungi Beasts","ascension_level":0}