{"gold_per_floor":[117,192,202,219,22,22,53,53,53,53,71,98,108,108,108,185,185,199,212,237,16,29,64,64,64,91,105,105,137,23,51,51,128,128,141,158,158,175,185,185],"floor_reached":40,"playtime":1702,"items_purged":["Strike_B","Strike_B"],"score":987,"play_id":"ea9b1afd-2ace-411e-9e38-5d0484b3340e","local_time":"20190601234942","is_ascension_mode":true,"campfire_choices":[{"floor":6,"key":"REST"},{"data":"Fission","floor":8,"key":"SMITH"},{"data":"Zap","floor":10,"key":"SMITH"},{"data":"Storm","floor":15,"key":"SMITH"},{"floor":24,"key":"REST"},{"data":"Seek","floor":28,"key":"SMITH"},{"floor":32,"key":"REST"}],"neow_cost":"PERCENT_DAMAGE","seed_source_timestamp":326956226054472,"circlet_count":0,"master_deck":["AscendersBane","Strike_B+1","Strike_B+1","Defend_B","Defend_B","Defend_B","Defend_B","Zap+1","Dualcast","Biased Cognition","Gash","Glacier","Rip and Tear","Capacitor","Genetic Algorithm","Fission+1","Gash","Biased Cognition","Storm+1","Electrodynamics","Hologram","Barrage","Seek+1","Beam Cell+1","Capacitor","Decay","BootSequence","Flash of Steel","Skim","Glacier","Rainbow","Hologram","Writhe","Capacitor+1","Hologram"],"relics":["Cracked Core","Shuriken","Oddly Smooth Stone","Dream Catcher","Du-Vu Doll","Sozu","Red Mask","Membership Card","Lantern","Centennial Puzzle","Whetstone","Frozen Egg 2","Fusion Hammer"],"potions_floor_usage":[16,29],"damage_taken":[{"damage":4,"enemies":"Jaw Worm","floor":1,"turns":4},{"damage":1,"enemies":"Small Slimes","floor":3,"turns":3},{"damage":0,"enemies":"Cultist","floor":4,"turns":4},{"damage":8,"enemies":"Lagavulin","floor":7,"turns":7},{"damage":0,"enemies":"Blue Slaver","floor":11,"turns":4},{"damage":8,"enemies":"3 Sentries","floor":12,"turns":7},{"damage":0,"enemies":"Looter","floor":13,"turns":4},{"damage":14,"enemies":"Slime Boss","floor":16,"turns":7},{"damage":0,"enemies":"Chosen","floor":18,"turns":3},{"damage":16,"enemies":"Shell Parasite","floor":19,"turns":3},{"damage":8,"enemies":"Masked Bandits","floor":20,"turns":3},{"damage":0,"enemies":"Snecko","floor":22,"turns":4},{"damage":24,"enemies":"Slavers","floor":23,"turns":4},{"damage":2,"enemies":"Centurion and Healer","floor":27,"turns":4},{"damage":0,"enemies":"Gremlin Leader","floor":29,"turns":4},{"damage":13,"enemies":"Slavers","floor":31,"turns":3},{"damage":28,"enemies":"Automaton","floor":33,"turns":7},{"damage":0,"enemies":"3 Darklings","floor":35,"turns":3},{"damage":13,"enemies":"3 Shapes","floor":36,"turns":4},{"damage":0,"enemies":"Spire Growth","floor":38,"turns":4},{"damage":17,"enemies":"Jaw Worm Horde","floor":39,"turns":4},{"damage":45,"enemies":"Nemesis","floor":40,"turns":8}],"seed_played":"-5933559955914360801","potions_obtained":[{"floor":7,"key":"Dexterity Potion"},{"floor":13,"key":"Fire Potion"},{"floor":16,"key":"EssenceOfSteel"}],"is_trial":false,"path_per_floor":["M","?","M","M","$","R","E","R","T","R","M","E","M","?","R","B",null,"M","M","?","$","M","E","R","?","T","M","R","E","$","E","R","B",null,"M","M","?","M","M","E"],"character_chosen":"DEFECT","items_purchased":["Capacitor","Genetic Algorithm","Membership Card","Flash of Steel","Skim"],"campfire_rested":3,"item_purchase_floors":[5,5,21,30,30],"current_hp_per_floor":[42,31,30,30,30,51,43,43,43,43,43,35,35,35,35,21,59,59,43,35,35,35,11,32,32,32,30,30,30,30,17,38,10,56,56,43,57,57,40,0],"gold":185,"neow_bonus":"THREE_RARE_CARDS","is_prod":false,"is_daily":false,"chose_seed":false,"campfire_upgraded":4,"win_rate":0,"timestamp":1559450982,"path_taken":["M","?","M","M","$","R","E","R","T","R","M","E","M","?","R","BOSS","M","M","?","$","M","E","R","?","T","M","R","E","$","E","R","BOSS","M","M","?","M","M","E"],"build_version":"2019-01-23","purchased_purges":2,"victory":false,"max_hp_per_floor":[71,71,71,71,71,71,71,71,71,71,71,71,71,71,71,71,71,71,71,71,71,71,71,71,71,71,71,71,71,71,71,71,71,71,71,71,71,71,71,71],"card_choices":[{"not_picked":["Thunder Strike","Meteor Strike"],"picked":"Biased Cognition","floor":0},{"not_picked":["Turbo","Consume"],"picked":"Gash","floor":1},{"not_picked":["White Noise","Go for the Eyes"],"picked":"Glacier","floor":3},{"not_picked":["Turbo","Redo"],"picked":"Rip and Tear","floor":4},{"not_picked":["Go for the Eyes","Redo"],"picked":"Fission","floor":7},{"not_picked":["Sunder","Double Energy"],"picked":"Gash","floor":11},{"not_picked":["Auto Shields","Steam"],"picked":"Biased Cognition","floor":12},{"not_picked":["Gash","Sweeping Beam"],"picked":"Storm","floor":13},{"not_picked":["Multi-Cast","Reboot"],"picked":"Electrodynamics","floor":16},{"not_picked":["Loop","Gash"],"picked":"Hologram","floor":18},{"not_picked":["Chaos+1","Rebound"],"picked":"Barrage","floor":19},{"not_picked":["Go for the Eyes","Ball Lightning"],"picked":"Seek","floor":20},{"not_picked":["Reprogram","Static Discharge"],"picked":"Beam Cell+1","floor":22},{"not_picked":["Stack","Sweeping Beam","Redo"],"picked":"SKIP","floor":23},{"not_picked":["Heatsinks","Aggregate"],"picked":"Capacitor","floor":24},{"not_picked":["Ball Lightning","Machine Learning","Consume"],"picked":"SKIP","floor":27},{"not_picked":["Cold Snap","Go for the Eyes"],"picked":"BootSequence","floor":29},{"not_picked":["Amplify","Leap","Turbo+1"],"picked":"SKIP","floor":31},{"not_picked":["Double Energy","Hello World+1"],"picked":"Glacier","floor":32},{"not_picked":["Hyperbeam","Meteor Strike"],"picked":"Rainbow","floor":33},{"not_picked":["Stack","FTL"],"picked":"Hologram","floor":35},{"not_picked":["Hello World+1","Stack","Leap"],"picked":"SKIP","floor":36},{"not_picked":["Go for the Eyes","Reprogram+1"],"picked":"Capacitor+1","floor":38},{"not_picked":["Sweeping Beam","BootSequence"],"picked":"Hologram","floor":39}],"player_experience":1674821,"relics_obtained":[{"floor":7,"key":"Shuriken"},{"floor":9,"key":"Oddly Smooth Stone"},{"floor":12,"key":"Dream Catcher"},{"floor":20,"key":"Red Mask"},{"floor":23,"key":"Lantern"},{"floor":26,"key":"Centennial Puzzle"},{"floor":29,"key":"Whetstone"},{"floor":31,"key":"Frozen Egg 2"}],"event_choices":[{"damage_healed":0,"gold_gain":75,"player_choice":"Gather Gold","damage_taken":11,"max_hp_gain":0,"max_hp_loss":0,"event_name":"World of Goop","floor":2,"gold_loss":0},{"damage_healed":0,"gold_gain":0,"player_choice":"Gave Potion","damage_taken":0,"relics_obtained":["Du-Vu Doll"],"max_hp_gain":0,"max_hp_loss":0,"event_name":"WeMeetAgain","floor":14,"gold_loss":0},{"damage_healed":0,"gold_gain":0,"player_choice":"Fought Bandits","damage_taken":0,"max_hp_gain":0,"max_hp_loss":0,"event_name":"Masked Bandits","floor":20,"gold_loss":0},{"damage_healed":0,"gold_gain":0,"player_choice":"Smashed Altar","damage_taken":0,"max_hp_gain":0,"max_hp_loss":0,"event_name":"Forgotten Altar","floor":25,"gold_loss":0,"cards_obtained":["Decay"]},{"damage_healed":14,"gold_gain":0,"player_choice":"Writhe","damage_taken":0,"max_hp_gain":0,"max_hp_loss":0,"event_name":"Winding Halls","floor":37,"gold_loss":0,"cards_obtained":["Writhe"]}],"is_beta":false,"boss_relics":[{"not_picked":["Coffee Dripper","Empty Cage"],"picked":"Sozu"},{"not_picked":["Eternal Feather","White Beast Statue"],"picked":"Fusion Hammer"}],"items_purged_floors":[5,30],"is_endless":false,"potions_floor_spawned":[7,13,16,18,19,22,29,31,33,38],"killed_by":"Nemesis","ascension_level":20}