{"gold_per_floor":[114,114,114,127,142,142,171,171,196,196,216,226,23,34,34,112,112,123,123,136,136,150,150,150,167,246,246,1,19,19,37,37,112,112,126,426,441,60,112,112,128,128,128,128,128],"floor_reached":45,"playtime":2166,"items_purged":["Defend_G","Bite"],"score":920,"play_id":"49a7ce3d-6140-49c5-9c21-60785293e263","local_time":"20190712022542","is_ascension_mode":true,"campfire_choices":[{"data":"Neutralize","floor":6.0,"key":"SMITH"},{"floor":8.0,"key":"REST"},{"data":"Noxious Fumes","floor":15.0,"key":"SMITH"},{"data":"Wraith Form v2","floor":23.0,"key":"SMITH"},{"data":"Catalyst","floor":27.0,"key":"SMITH"},{"data":"Well Laid Plans","floor":32.0,"key":"SMITH"},{"floor":40.0,"key":"REST"},{"data":"Glass Knife","floor":42.0,"key":"SMITH"}],"neow_cost":"PERCENT_DAMAGE","seed_source_timestamp":0,"circlet_count":0,"master_deck":["AscendersBane","Defend_G+1","Defend_G+1","Defend_G+1","Defend_G+1","Neutralize+1","Venomology+1","Well Laid Plans+1","Quick Slash","Backflip","Dagger Spray","Noxious Fumes+1","Catalyst+1","Poisoned Stab+1","Wraith Form v2+1","PiercingWail","Bite","Bite","Bite+1","Deadly Poison","Skewer","Cloak And Dagger","Acrobatics","Glass Knife+1","Tools of the Trade+1","Enlightenment+1","Eviscerate+1","Outmaneuver+1","PiercingWail","Leg Sweep+1","Parasite"],"special_seed":0,"relics":["Ring of the Snake","Strawberry","Pen Nib","Velvet Choker","Gremlin Horn","Whetstone","Ancient Tea Set","Astrolabe","Meat on the Bone","Torii","PreservedInsect"],"potions_floor_usage":[45,45,45],"damage_taken":[{"damage":0.0,"enemies":"2 Louse","floor":1.0,"turns":6.0},{"damage":2.0,"enemies":"Jaw Worm","floor":4.0,"turns":7.0},{"damage":0.0,"enemies":"Small Slimes","floor":5.0,"turns":4.0},{"damage":19.0,"enemies":"3 Sentries","floor":7.0,"turns":11.0},{"damage":20.0,"enemies":"Gremlin Gang","floor":11.0,"turns":7.0},{"damage":13.0,"enemies":"Large Slime","floor":12.0,"turns":8.0},{"damage":7.0,"enemies":"3 Louse","floor":14.0,"turns":2.0},{"damage":4.0,"enemies":"Hexaghost","floor":16.0,"turns":9.0},{"damage":12.0,"enemies":"Shell Parasite","floor":18.0,"turns":5.0},{"damage":15.0,"enemies":"2 Thieves","floor":20.0,"turns":4.0},{"damage":19.0,"enemies":"Cultist and Chosen","floor":22.0,"turns":7.0},{"damage":0.0,"enemies":"Gremlin Leader","floor":24.0,"turns":1.0},{"damage":2.0,"enemies":"Snecko","floor":25.0,"turns":4.0},{"damage":21.0,"enemies":"Snake Plant","floor":29.0,"turns":4.0},{"damage":15.0,"enemies":"Centurion and Healer","floor":31.0,"turns":8.0},{"damage":29.0,"enemies":"Champ","floor":33.0,"turns":14.0},{"damage":3.0,"enemies":"Orb Walker","floor":35.0,"turns":5.0},{"damage":23.0,"enemies":"3 Darklings","floor":37.0,"turns":4.0},{"damage":22.0,"enemies":"2 Orb Walkers","floor":39.0,"turns":5.0},{"damage":9.0,"enemies":"Writhing Mass","floor":41.0,"turns":6.0},{"damage":58,"enemies":"Time Eater","floor":45,"turns":9}],"seed_played":"-4013671825804725155","potions_obtained":[{"floor":1.0,"key":"AttackPotion"},{"floor":12.0,"key":"LiquidBronze"},{"floor":16.0,"key":"Block Potion"},{"floor":25.0,"key":"SteroidPotion"},{"floor":31.0,"key":"GhostInAJar"},{"floor":33.0,"key":"PowerPotion"},{"floor":41.0,"key":"FearPotion"}],"is_trial":false,"path_per_floor":["M","?","?","M","M","R","E","R","T","?","M","M","$","M","R","B",null,"M","?","M","?","M","R","E","M","T","R","$","M","T","M","R","B",null,"M","?","M","$","?","R","M","R","T","?","B"],"character_chosen":"THE_SILENT","items_purchased":["Noxious Fumes","Catalyst","Whetstone","Cloak And Dagger","Acrobatics","Meat on the Bone"],"campfire_rested":2,"item_purchase_floors":[13,13,28,28,28,38],"current_hp_per_floor":[44,44,37,35,35,35,23,44,44,44,24,11,11,4,4,7,57,45,45,30,30,29,29,31,39,39,39,39,27,27,30,30,25,45,48,48,30,30,27,42,41,41,41,41,0],"gold":128,"neow_bonus":"THREE_RARE_CARDS","is_prod":false,"is_daily":false,"chose_seed":false,"campfire_upgraded":6,"win_rate":0,"timestamp":1562865942,"path_taken":["M","?","?","M","M","R","E","R","T","?","M","M","$","?","R","BOSS","M","?","M","?","M","R","E","M","T","R","$","M","?","?","R","BOSS","M","?","?","$","?","R","M","R","T","?","BOSS"],"build_version":"2019-07-05","purchased_purges":2,"victory":false,"max_hp_per_floor":[66,66,66,66,66,66,73,73,73,73,73,73,73,73,73,73,73,73,73,73,51,51,51,51,51,51,51,51,51,51,51,51,51,51,51,51,51,51,51,51,51,51,51,51,51],"card_choices":[{"not_picked":["After Image","Malaise"],"picked":"Venomology","floor":0.0},{"not_picked":["Bane","Flechettes"],"picked":"Well Laid Plans","floor":1.0},{"not_picked":["Flechettes","Quick Slash"],"picked":"Blade Dance","floor":4.0},{"not_picked":["Concentrate","Outmaneuver"],"picked":"Quick Slash","floor":5.0},{"not_picked":["Bane","Caltrops"],"picked":"Backflip","floor":7.0},{"not_picked":["Choke","All Out Attack","Quick Slash"],"picked":"SKIP","floor":11.0},{"not_picked":["Slice","Leg Sweep"],"picked":"Dagger Spray","floor":12.0},{"not_picked":["Cloak And Dagger","Predator"],"picked":"Poisoned Stab","floor":14.0},{"not_picked":["Glass Knife","Tools of the Trade"],"picked":"Wraith Form v2","floor":16.0},{"not_picked":["Dagger Throw","Blade Dance"],"picked":"PiercingWail","floor":18.0},{"not_picked":["Choke+1","Calculated Gamble","Expertise"],"picked":"SKIP","floor":20.0},{"not_picked":["Dodge and Roll","Sucker Punch"],"picked":"Deadly Poison","floor":22.0},{"not_picked":["Dagger Throw+1","Flying Knee"],"picked":"Skewer","floor":25.0},{"not_picked":["Slice","Finisher"],"picked":"Glass Knife","floor":29.0},{"not_picked":["Eviscerate","Sucker Punch","Acrobatics"],"picked":"SKIP","floor":31.0},{"not_picked":["Blade Dance","PiercingWail"],"picked":"Outmaneuver+1","floor":35.0},{"not_picked":["Slice+1","Deadly Poison"],"picked":"PiercingWail","floor":37.0},{"not_picked":["After Image","Dagger Spray"],"picked":"Leg Sweep+1","floor":39.0},{"not_picked":["Underhanded Strike","Dodge and Roll","Sucker Punch+1"],"picked":"SKIP","floor":41.0}],"player_experience":768996,"relics_obtained":[{"floor":7.0,"key":"Strawberry"},{"floor":9.0,"key":"Pen Nib"},{"floor":26.0,"key":"Gremlin Horn"},{"floor":30.0,"key":"Ancient Tea Set"},{"floor":39.0,"key":"Torii"},{"floor":43.0,"key":"PreservedInsect"}],"event_choices":[{"damage_healed":0.0,"max_hp_gain":0.0,"max_hp_loss":0.0,"gold_gain":0.0,"event_name":"Living Wall","player_choice":"Grow","floor":2.0,"gold_loss":0.0,"damage_taken":0.0,"cards_upgraded":["Venomology"]},{"cards_removed":["Strike_G"],"damage_healed":0.0,"max_hp_gain":0.0,"max_hp_loss":0.0,"gold_gain":0.0,"event_name":"Golden Wing","player_choice":"Card Removal","floor":3.0,"gold_loss":0.0,"damage_taken":7.0},{"cards_removed":["Strike_G"],"damage_healed":0.0,"max_hp_gain":0.0,"max_hp_loss":0.0,"gold_gain":0.0,"event_name":"Purifier","player_choice":"Purged","floor":10.0,"gold_loss":0.0,"damage_taken":0.0},{"damage_healed":0.0,"max_hp_gain":0.0,"max_hp_loss":0.0,"gold_gain":0.0,"event_name":"Back to Basics","player_choice":"Simplicity","floor":19.0,"gold_loss":0.0,"damage_taken":0.0,"cards_upgraded":["Strike_G","Strike_G","Strike_G","Defend_G","Defend_G","Defend_G","Defend_G"]},{"damage_healed":0.0,"max_hp_gain":0.0,"max_hp_loss":22.0,"gold_gain":0.0,"event_name":"Vampires","player_choice":"Became a vampire","floor":21.0,"gold_loss":0.0,"damage_taken":0.0,"cards_obtained":["Bite","Bite","Bite","Bite","Bite"]},{"damage_healed":0.0,"max_hp_gain":0.0,"max_hp_loss":0.0,"gold_gain":300.0,"event_name":"Wheel of Change","player_choice":"Gold","floor":36.0,"gold_loss":0.0,"damage_taken":0.0},{"damage_healed":0.0,"max_hp_gain":0.0,"max_hp_loss":0.0,"gold_gain":0.0,"event_name":"Mysterious Sphere","player_choice":"Fight","floor":39.0,"gold_loss":0.0,"damage_taken":0.0},{"damage_healed":0.0,"max_hp_gain":0.0,"max_hp_loss":0.0,"gold_gain":0.0,"event_name":"SecretPortal","player_choice":"Took Portal","floor":44.0,"gold_loss":0.0,"damage_taken":0.0}],"is_beta":false,"boss_relics":[{"not_picked":["White Beast Statue","Runic Dome"],"picked":"Velvet Choker"},{"not_picked":["Busted Crown","Lizard Tail"],"picked":"Astrolabe"}],"items_purged_floors":[13,38],"is_endless":false,"potions_floor_spawned":[1,5,12,16,24,25,29,31,33,37,41],"killed_by":"Time Eater","ascension_level":20}