{"gold_per_floor":[113,38,55,72,84,84,110,110,185,218,229,229,209,229,229,329,329,346,357,371,156,184,5,5,18,69,86,86,101,101,101,101,101],"floor_reached":33,"playtime":2196,"items_purged":["Strike_B","Strike_B","Strike_B"],"score":259,"play_id":"597b8693-83be-4059-adc4-1e371559c7fb","local_time":"20190709180024","is_ascension_mode":false,"campfire_choices":[{"data":"Reinforced Body","floor":6,"key":"SMITH"},{"data":"Dualcast","floor":8,"key":"SMITH"},{"floor":12,"key":"REST"},{"floor":15,"key":"REST"},{"floor":28,"key":"REST"},{"floor":30,"key":"REST"},{"data":"Strike_G","floor":32,"key":"PURGE"}],"neow_cost":"NONE","seed_source_timestamp":1964886478338800,"circlet_count":0,"master_deck":["Defend_B","Defend_B","Defend_B","Zap","Dualcast+1","Beam Cell","Tempest","Beam Cell","Reinforced Body+1","Ball Lightning","Doom and Gloom","Turbo","Compile Driver","Streamline","Gash","Rainbow","Redo","Scrape","Streamline","Defragment","Go for the Eyes","Gash","Hologram","Turbo+1","Conserve Battery+1","Hyperbeam","Static Discharge"],"relics":["Cracked Core","Peace Pipe","Dodecahedron","Dream Catcher","Runic Dome","Red Mask","Strawberry"],"potions_floor_usage":[14,16,16,16,18,22,33,33],"damage_taken":[{"damage":4,"enemies":"2 Louse","floor":1,"turns":3},{"damage":0,"enemies":"Cultist","floor":3,"turns":3},{"damage":2,"enemies":"Small Slimes","floor":4,"turns":4},{"damage":15,"enemies":"Looter","floor":5,"turns":3},{"damage":13,"enemies":"Lagavulin","floor":7,"turns":6},{"damage":34,"enemies":"3 Sentries","floor":10,"turns":7},{"damage":0,"enemies":"2 Fungi Beasts","floor":11,"turns":4},{"damage":0,"enemies":"Exordium Thugs","floor":14,"turns":3},{"damage":35,"enemies":"Hexaghost","floor":16,"turns":9},{"damage":5,"enemies":"3 Byrds","floor":18,"turns":3},{"damage":10,"enemies":"Chosen","floor":19,"turns":4},{"damage":1,"enemies":"Snecko","floor":20,"turns":4},{"damage":12,"enemies":"Masked Bandits","floor":22,"turns":3},{"damage":22,"enemies":"Shelled Parasite and Fungi","floor":25,"turns":5},{"damage":14,"enemies":"Cultist and Chosen","floor":27,"turns":4},{"damage":18,"enemies":"3 Cultists","floor":29,"turns":4},{"damage":49,"enemies":"Champ","floor":33,"turns":5}],"seed_played":"1370249832532858652","potions_obtained":[{"floor":4,"key":"FearPotion"},{"floor":11,"key":"Fire Potion"},{"floor":13,"key":"SpeedPotion"},{"floor":14,"key":"Fire Potion"},{"floor":16,"key":"FearPotion"},{"floor":18,"key":"Explosive Potion"},{"floor":22,"key":"Energy Potion"},{"floor":29,"key":"Strength Potion"}],"is_trial":false,"path_per_floor":["M","$","M","M","M","R","E","R","T","E","M","R","?","M","R","B",null,"M","M","M","$","?","$","?","M","T","M","R","M","R","?","R","B"],"character_chosen":"DEFECT","items_purchased":["Fusion","Defragment","Gash"],"campfire_rested":4,"item_purchase_floors":[21,21,23],"current_hp_per_floor":[71,71,71,69,54,54,41,41,41,7,7,29,29,29,51,16,75,70,60,59,59,47,47,47,25,32,18,42,24,48,48,48,0],"gold":101,"neow_bonus":"REMOVE_CARD","is_prod":false,"is_daily":false,"chose_seed":false,"campfire_upgraded":2,"win_rate":0.0,"timestamp":1562709624,"path_taken":["M","$","M","M","M","R","E","R","T","E","M","R","?","?","R","BOSS","M","M","?","?","?","$","?","M","T","?","R","M","R","?","R","BOSS"],"build_version":"2019-07-05","purchased_purges":3,"victory":false,"max_hp_per_floor":[75,75,75,75,75,75,75,75,75,75,75,75,75,75,75,75,75,75,75,75,75,75,75,75,75,82,82,82,82,82,82,82,82],"card_choices":[{"not_picked":["Barrage","Ball Lightning"],"picked":"Beam Cell","floor":1},{"not_picked":["Blizzard","Melter"],"picked":"Tempest","floor":3},{"not_picked":["Recycle","Sweeping Beam"],"picked":"Beam Cell","floor":4},{"not_picked":["Rebound","Ball Lightning"],"picked":"Reinforced Body","floor":5},{"not_picked":["Amplify","White Noise"],"picked":"Ball Lightning","floor":7},{"not_picked":["Turbo","FTL"],"picked":"Doom and Gloom","floor":10},{"not_picked":["Barrage","Chill"],"picked":"Turbo","floor":11},{"not_picked":["Turbo","Steam"],"picked":"Compile Driver","floor":12},{"not_picked":["Genetic Algorithm","Rip and Tear"],"picked":"Streamline","floor":14},{"not_picked":["Turbo","Hello World"],"picked":"Gash","floor":15},{"not_picked":["Core Surge","Buffer"],"picked":"Rainbow","floor":16},{"not_picked":["Coolheaded","Turbo"],"picked":"Redo","floor":18},{"not_picked":["Force Field","Undo"],"picked":"Scrape","floor":19},{"not_picked":["White Noise","Sweeping Beam"],"picked":"Streamline","floor":20},{"not_picked":["Recycle","Steam"],"picked":"Go for the Eyes","floor":22},{"not_picked":["Streamline","Hello World"],"picked":"Hologram","floor":25},{"not_picked":["Barrage","Streamline"],"picked":"Turbo+1","floor":27},{"not_picked":["Heatsinks+1","Steam"],"picked":"Conserve Battery+1","floor":28},{"not_picked":["Conserve Battery","Ball Lightning+1"],"picked":"Hyperbeam","floor":29},{"not_picked":["Defragment","Coolheaded"],"picked":"Static Discharge","floor":30}],"player_experience":136621,"relics_obtained":[{"floor":7,"key":"Peace Pipe"},{"floor":9,"key":"Dodecahedron"},{"floor":10,"key":"Dream Catcher"},{"floor":22,"key":"Red Mask"},{"floor":26,"key":"Strawberry"}],"event_choices":[{"damage_healed":0,"gold_gain":0,"player_choice":"Bought 1 Potion","damage_taken":0,"max_hp_gain":0,"max_hp_loss":0,"event_name":"The Woman in Blue","floor":13,"gold_loss":0},{"damage_healed":0,"gold_gain":0,"player_choice":"Fought Bandits","damage_taken":0,"max_hp_gain":0,"max_hp_loss":0,"event_name":"Masked Bandits","floor":22,"gold_loss":0},{"cards_removed":["Defend_B"],"damage_healed":0,"gold_gain":0,"player_choice":"Purged","damage_taken":0,"max_hp_gain":0,"max_hp_loss":0,"event_name":"Purifier","floor":24,"gold_loss":0},{"cards_removed":["Fusion"],"damage_healed":0,"gold_gain":0,"player_choice":"Took Card","damage_taken":0,"max_hp_gain":0,"max_hp_loss":0,"event_name":"NoteForYourself","floor":31,"gold_loss":0,"cards_obtained":["Strike_G"]}],"is_beta":false,"boss_relics":[{"not_picked":["Snecko Eye","Busted Crown"],"picked":"Runic Dome"}],"items_purged_floors":[2,21,23],"is_endless":false,"potions_floor_spawned":[4,11,14,16,18,22,29],"killed_by":"Champ","ascension_level":0}