{"gold_per_floor":[113,129,48,59,59,59,94,94,117,128,78,78,89,106,106,106],"floor_reached":16,"playtime":1414,"items_purged":[],"score":102,"play_id":"dc3ada34-ed03-462c-a75f-a445e4841c75","local_time":"20190704151823","is_ascension_mode":false,"campfire_choices":[{"floor":6,"key":"REST"},{"floor":8,"key":"REST"},{"data":"Carnage","floor":12,"key":"SMITH"},{"floor":15,"key":"REST"}],"neow_cost":"","seed_source_timestamp":839783296475111,"circlet_count":0,"master_deck":["Strike_R","Strike_R","Strike_R","Strike_R","Defend_R","Defend_R","Defend_R","Defend_R","Bash","Armaments","Twin Strike","Combust","Carnage+1","Perfected Strike","Burning Pact","Pommel Strike"],"relics":["Burning Blood","Bag of Marbles","Potion Belt","Ancient Tea Set"],"potions_floor_usage":[7,7,16,16],"damage_taken":[{"damage":5,"enemies":"Cultist","floor":1,"turns":4},{"damage":11,"enemies":"Jaw Worm","floor":2,"turns":3},{"damage":20,"enemies":"Small Slimes","floor":4,"turns":5},{"damage":8,"enemies":"Gremlin Nob","floor":7,"turns":4},{"damage":4,"enemies":"Blue Slaver","floor":10,"turns":3},{"damage":13,"enemies":"Red Slaver","floor":13,"turns":4},{"damage":14,"enemies":"Lots of Slimes","floor":14,"turns":4},{"damage":108,"enemies":"The Guardian","floor":16,"turns":16}],"seed_played":"-4302704298122780279","potions_obtained":[{"floor":1,"key":"Weak Potion"},{"floor":4,"key":"Block Potion"},{"floor":13,"key":"Ancient Potion"},{"floor":14,"key":"BloodPotion"}],"is_trial":false,"path_per_floor":["M","M","$","M","?","R","E","R","T","M","?","R","M","M","R","B"],"character_chosen":"IRONCLAD","items_purchased":["Combust"],"campfire_rested":3,"item_purchase_floors":[3],"current_hp_per_floor":[80,75,75,61,28,52,50,74,74,76,76,76,69,61,80,0],"gold":106,"neow_bonus":"","is_prod":false,"is_daily":false,"chose_seed":false,"campfire_upgraded":1,"win_rate":0.0,"timestamp":1562267903,"path_taken":["M","?","$","M","?","R","E","R","T","M","?","R","M","M","R","BOSS"],"build_version":"2019-07-01","purchased_purges":0,"victory":false,"max_hp_per_floor":[80,80,80,80,80,80,80,80,80,80,80,80,80,80,80,80],"card_choices":[{"not_picked":["Burning Pact","Metallicize"],"picked":"Armaments","floor":1},{"not_picked":["Disarm","Anger"],"picked":"Twin Strike","floor":2},{"not_picked":["True Grit","Rampage"],"picked":"Carnage","floor":4},{"not_picked":["Corruption","Blood for Blood"],"picked":"Perfected Strike","floor":7},{"not_picked":["Battle Trance","Sword Boomerang"],"picked":"Burning Pact","floor":10},{"not_picked":["Intimidate","Flex"],"picked":"Pommel Strike","floor":13},{"not_picked":["True Grit","Intimidate","Body Slam"],"picked":"SKIP","floor":14}],"player_experience":0,"relics_obtained":[{"floor":7,"key":"Potion Belt"},{"floor":9,"key":"Ancient Tea Set"}],"event_choices":[{"damage_healed":0,"gold_gain":0,"player_choice":"Success","damage_taken":33,"relics_obtained":["Bag of Marbles"],"max_hp_gain":0,"max_hp_loss":0,"event_name":"Scrap Ooze","floor":5,"gold_loss":0},{"cards_removed":["Strike_R"],"damage_healed":0,"gold_gain":0,"player_choice":"Card Removal","damage_taken":0,"max_hp_gain":0,"max_hp_loss":0,"event_name":"The Cleric","floor":11,"gold_loss":50}],"is_beta":false,"boss_relics":[],"items_purged_floors":[],"is_endless":false,"potions_floor_spawned":[1,4,13,14],"killed_by":"The Guardian","ascension_level":0}