{"gold_per_floor":[115,133,208,222,222,222,256,256,256,269,37,53,65,65,65,162,162,179,197,207,207,234,299,299,326,349,349,349,349,359,389,389,487,487,504,517,271,271,146,146,180,180,180,197,210,220,272,306,306,306,306,306,83,111,111],"floor_reached":56,"playtime":4778,"items_purged":["Strike_R","Defend_R","Pain","Shame"],"score":1290,"play_id":"de96d260-78b1-417e-b48b-2788a8934b13","local_time":"20190711014038","is_ascension_mode":false,"campfire_choices":[{"data":"Havoc","floor":6.0,"key":"SMITH"},{"data":"Reaper","floor":8.0,"key":"SMITH"},{"data":"Armaments","floor":15.0,"key":"SMITH"},{"data":"Exhume","floor":24.0,"key":"SMITH"},{"data":"Limit Break","floor":27.0,"key":"SMITH"},{"data":"Feed","floor":29.0,"key":"SMITH"},{"data":"Uppercut","floor":32.0,"key":"SMITH"},{"data":"Barricade","floor":40.0,"key":"SMITH"},{"data":"Ghostly Armor","floor":42.0,"key":"SMITH"},{"floor":49,"key":"RECALL"},{"data":"Ghostly Armor","floor":52,"key":"SMITH"}],"neow_cost":"NONE","seed_source_timestamp":0,"circlet_count":0,"master_deck":["Strike_R","Strike_R","Defend_R","Defend_R","Bash","Havoc+1","Spot Weakness","Reaper+1","Feed+1","Armaments+1","Exhume+1","Offering","Ghostly Armor+1","Juggernaut+1","Demon Form+1","Seeing Red","Shockwave+1","Feel No Pain","Ghostly Armor+1","Battle Trance","Limit Break+1","Ghostly Armor+1","Uppercut+1","Offering","Pummel+1","Barricade+1","Sword Boomerang+1","Heavy Blade+1"],"special_seed":0,"relics":["Burning Blood","Art of War","Mango","Astrolabe","Red Mask","Tiny Chest","WingedGreaves","Strawberry","Charon\u0027s Ashes","Red Skull","Cursed Key","WarpedTongs","Oddly Smooth Stone","Ornamental Fan","Gambling Chip","Lantern","Sundial"],"potions_floor_usage":[50,55,55,55],"damage_taken":[{"damage":2.0,"enemies":"Jaw Worm","floor":1.0,"turns":4.0},{"damage":5.0,"enemies":"Small Slimes","floor":2.0,"turns":4.0},{"damage":1.0,"enemies":"Cultist","floor":4.0,"turns":3.0},{"damage":36.0,"enemies":"Lagavulin","floor":7.0,"turns":8.0},{"damage":23.0,"enemies":"3 Louse","floor":10.0,"turns":3.0},{"damage":9.0,"enemies":"Blue Slaver","floor":12.0,"turns":5.0},{"damage":0.0,"enemies":"Looter","floor":13.0,"turns":3.0},{"damage":84.0,"enemies":"Hexaghost","floor":16.0,"turns":10.0},{"damage":33.0,"enemies":"2 Thieves","floor":18.0,"turns":4.0},{"damage":19.0,"enemies":"Shell Parasite","floor":19.0,"turns":6.0},{"damage":21.0,"enemies":"Centurion and Healer","floor":20.0,"turns":7.0},{"damage":39.0,"enemies":"Masked Bandits","floor":22.0,"turns":5.0},{"damage":46.0,"enemies":"Gremlin Leader","floor":23.0,"turns":7.0},{"damage":41.0,"enemies":"Book of Stabbing","floor":25.0,"turns":6.0},{"damage":13.0,"enemies":"Shelled Parasite and Fungi","floor":30.0,"turns":6.0},{"damage":80.0,"enemies":"Slavers","floor":31.0,"turns":8.0},{"damage":49.0,"enemies":"Collector","floor":33.0,"turns":8.0},{"damage":27.0,"enemies":"3 Darklings","floor":35.0,"turns":4.0},{"damage":58.0,"enemies":"3 Shapes","floor":36.0,"turns":4.0},{"damage":18.0,"enemies":"Giant Head","floor":41.0,"turns":6.0},{"damage":12.0,"enemies":"3 Darklings","floor":44.0,"turns":5.0},{"damage":18.0,"enemies":"Spire Growth","floor":45.0,"turns":5.0},{"damage":38.0,"enemies":"Writhing Mass","floor":46.0,"turns":6.0},{"damage":81.0,"enemies":"2 Orb Walkers","floor":47.0,"turns":5.0},{"damage":49,"enemies":"Nemesis","floor":48,"turns":7},{"damage":42,"enemies":"Awakened One","floor":50,"turns":6},{"damage":44,"enemies":"Shield and Spear","floor":54,"turns":7},{"damage":28,"enemies":"The Heart","floor":55,"turns":6}],"seed_played":"8548226308204629206","potions_obtained":[{"floor":2.0,"key":"LiquidBronze"},{"floor":10.0,"key":"LiquidBronze"},{"floor":12.0,"key":"PowerPotion"},{"floor":14.0,"key":"EssenceOfSteel"},{"floor":14.0,"key":"AttackPotion"},{"floor":22.0,"key":"EssenceOfSteel"},{"floor":25.0,"key":"LiquidBronze"},{"floor":36.0,"key":"Explosive Potion"},{"floor":44.0,"key":"Energy Potion"},{"floor":54,"key":"Strength Potion"}],"is_trial":false,"path_per_floor":["M","M","?","M","?","R","E","R","T","M","$","M","M","?","R","B",null,"M","M","M","?","?","E","R","E","T","R","T","R","M","E","R","B",null,"M","M","$","?","$","R","E","R","T","M","M","M","?","E","R","B",null,"R","$","E","B",null],"character_chosen":"IRONCLAD","items_purchased":["Feed","Barricade","LiquidBronze"],"campfire_rested":0,"item_purchase_floors":[11,37,53],"current_hp_per_floor":[80,80,69,74,79,79,63,63,63,67,67,70,87,87,87,36,108,84,114,123,123,111,116,116,109,116,116,116,116,138,72,72,76,149,149,101,101,101,101,101,89,89,89,153,157,153,125,86,86,106,169,169,169,159,137],"gold":111,"neow_bonus":"RANDOM_COMMON_RELIC","is_prod":false,"is_daily":false,"chose_seed":false,"campfire_upgraded":10,"win_rate":0,"timestamp":1562776838,"path_taken":["M","M","?","M","?","R","E","R","T","M","?","M","?","?","R","BOSS","M","M","?","?","?","E","R","E","T","R","?","R","M","E","R","BOSS","M","?","?","?","$","R","E","R","T","M","M","?","?","E","R","BOSS","R","$","E","BOSS"],"build_version":"2019-07-05","purchased_purges":4,"victory":true,"max_hp_per_floor":[80,80,80,80,85,85,99,99,99,99,99,102,105,105,105,108,108,111,115,123,123,126,126,126,126,133,133,133,133,141,149,149,149,149,149,153,153,153,153,153,153,153,153,153,157,161,161,165,165,169,169,169,169,169,169],"card_choices":[{"not_picked":["Twin Strike","Wild Strike"],"picked":"Havoc","floor":1.0},{"not_picked":["Inflame","Searing Blow"],"picked":"Spot Weakness","floor":2.0},{"not_picked":["True Grit","Wild Strike","Warcry"],"picked":"SKIP","floor":4.0},{"not_picked":["Sentinel","Rampage"],"picked":"Reaper","floor":7.0},{"not_picked":["Thunderclap","True Grit","Perfected Strike"],"picked":"SKIP","floor":10.0},{"not_picked":["Flex","Second Wind"],"picked":"Armaments","floor":12.0},{"not_picked":["Uppercut","Anger"],"picked":"Exhume","floor":13.0},{"not_picked":["Limit Break","Juggernaut"],"picked":"Offering","floor":16.0},{"not_picked":["Inflame","Twin Strike+1"],"picked":"Seeing Red","floor":18.0},{"not_picked":["Twin Strike","Cleave"],"picked":"Shockwave+1","floor":19.0},{"not_picked":["Armaments","Reckless Charge+1"],"picked":"Feel No Pain","floor":20.0},{"not_picked":["Clash+1","Clothesline"],"picked":"Ghostly Armor","floor":22.0},{"not_picked":["Infernal Blade","Power Through+1"],"picked":"Battle Trance","floor":23.0},{"not_picked":["Power Through","Rampage"],"picked":"Limit Break","floor":25.0},{"not_picked":["Intimidate+1","Carnage"],"picked":"Ghostly Armor","floor":30.0},{"not_picked":["Rampage+1","Whirlwind"],"picked":"Uppercut","floor":31.0},{"not_picked":["Juggernaut","Limit Break"],"picked":"Offering","floor":33.0},{"not_picked":["Feel No Pain","Thunderclap+1"],"picked":"Pummel+1","floor":35.0},{"not_picked":["Perfected Strike","Shrug It Off","Armaments"],"picked":"SKIP","floor":36.0},{"not_picked":["Blood for Blood+1","Fire Breathing+1","Intimidate+1"],"picked":"SKIP","floor":41.0},{"not_picked":["Body Slam","Intimidate+1"],"picked":"Sword Boomerang+1","floor":44.0},{"not_picked":["Shrug It Off","Anger","Iron Wave"],"picked":"SKIP","floor":45.0},{"not_picked":["Pommel Strike","Headbutt+1","Evolve"],"picked":"SKIP","floor":46.0},{"not_picked":["Rage","Uppercut+1"],"picked":"Heavy Blade+1","floor":47.0},{"not_picked":["Searing Blow","Headbutt","Feel No Pain"],"picked":"SKIP","floor":48},{"not_picked":["Flex+1","Immolate","Heavy Blade+1"],"picked":"SKIP","floor":54}],"player_experience":143081,"relics_obtained":[{"floor":7.0,"key":"Mango"},{"floor":22.0,"key":"Red Mask"},{"floor":23.0,"key":"Tiny Chest"},{"floor":25.0,"key":"WingedGreaves"},{"floor":26.0,"key":"Strawberry"},{"floor":28.0,"key":"Charon\u0027s Ashes"},{"floor":31.0,"key":"Red Skull"},{"floor":41.0,"key":"Oddly Smooth Stone"},{"floor":43.0,"key":"Ornamental Fan"},{"floor":47.0,"key":"Gambling Chip"},{"floor":48,"key":"Lantern"},{"floor":54,"key":"Sundial"}],"event_choices":[{"damage_healed":0.0,"max_hp_gain":0.0,"max_hp_loss":0.0,"gold_gain":75.0,"event_name":"World of Goop","player_choice":"Gather Gold","floor":3.0,"gold_loss":0.0,"damage_taken":11.0},{"damage_healed":0.0,"max_hp_gain":5.0,"max_hp_loss":0.0,"gold_gain":0.0,"event_name":"Big Fish","player_choice":"Donut","floor":5.0,"gold_loss":0.0,"damage_taken":0.0},{"damage_healed":0.0,"max_hp_gain":0.0,"max_hp_loss":0.0,"gold_gain":0.0,"event_name":"Lab","player_choice":"Got Potions","floor":14.0,"gold_loss":0.0,"damage_taken":0.0},{"damage_healed":0.0,"max_hp_gain":0.0,"max_hp_loss":0.0,"gold_gain":0.0,"event_name":"Vampires","player_choice":"Ignored","floor":21.0,"gold_loss":0.0,"damage_taken":0.0},{"damage_healed":0.0,"max_hp_gain":0.0,"max_hp_loss":0.0,"gold_gain":0.0,"event_name":"Masked Bandits","player_choice":"Fought Bandits","floor":22.0,"gold_loss":0.0,"damage_taken":0.0},{"damage_healed":0.0,"max_hp_gain":0.0,"max_hp_loss":0.0,"gold_gain":0.0,"event_name":"Accursed Blacksmith","player_choice":"Rummage","floor":38.0,"gold_loss":0.0,"damage_taken":0.0,"relics_obtained":["WarpedTongs"],"cards_obtained":["Pain"]},{"damage_healed":0.0,"max_hp_gain":0.0,"max_hp_loss":0.0,"gold_gain":0.0,"event_name":"Mysterious Sphere","player_choice":"Fight","floor":47.0,"gold_loss":0.0,"damage_taken":0.0}],"is_beta":false,"boss_relics":[{"not_picked":["Mark of Pain","Empty Cage"],"picked":"Astrolabe"},{"not_picked":["Tiny House","Lizard Tail"],"picked":"Cursed Key"}],"items_purged_floors":[11,37,39,53],"is_endless":false,"potions_floor_spawned":[2,10,12,22,25,36,44,48,54],"ascension_level":0}