{"gold_per_floor":[115,129,143,154,104,104,138,148,175,350,350,350,350,376,376,376],"floor_reached":16,"playtime":1137,"items_purged":[],"score":110,"play_id":"cd5ec59b-2c75-4603-a3d0-b736e55a2641","local_time":"20190703231236","is_ascension_mode":false,"campfire_choices":[{"data":"Ghostly Armor","floor":6,"key":"SMITH"},{"data":"Flame Barrier","floor":11,"key":"SMITH"},{"data":"Body Slam","floor":13,"key":"SMITH"},{"floor":15,"key":"REST"}],"neow_cost":"CURSE","seed_source_timestamp":366076601324075,"circlet_count":0,"master_deck":["Strike_R","Strike_R","Strike_R","Strike_R","Strike_R","Defend_R","Defend_R","Defend_R","Defend_R+1","Bash","Secret Weapon","PanicButton","Burning Pact","Ghostly Armor+1","Body Slam+1","Shrug It Off+1","Iron Wave","Flame Barrier+1","Doubt","Metallicize"],"relics":["Burning Blood","Regal Pillow","War Paint","GremlinMask","Bag of Marbles"],"potions_floor_usage":[16,16],"damage_taken":[{"damage":10,"enemies":"Cultist","floor":1,"turns":4},{"damage":1,"enemies":"Small Slimes","floor":2,"turns":4},{"damage":3,"enemies":"2 Louse","floor":3,"turns":4},{"damage":20,"enemies":"Red Slaver","floor":4,"turns":6},{"damage":43,"enemies":"Lagavulin","floor":7,"turns":9},{"damage":9,"enemies":"Large Slime","floor":8,"turns":9},{"damage":13,"enemies":"3 Sentries","floor":14,"turns":9},{"damage":64,"enemies":"The Guardian","floor":16,"turns":14}],"seed_played":"6968123090027254782","potions_obtained":[{"floor":8,"key":"Fire Potion"},{"floor":14,"key":"Poison Potion"}],"is_trial":false,"path_per_floor":["M","M","M","M","?","R","E","M","T","?","R","?","R","E","R","B"],"character_chosen":"IRONCLAD","items_purchased":[],"campfire_rested":1,"item_purchase_floors":[],"current_hp_per_floor":[76,80,80,66,66,66,29,26,26,26,26,26,26,19,58,0],"gold":376,"neow_bonus":"RANDOM_COLORLESS_2","is_prod":false,"is_daily":false,"chose_seed":false,"campfire_upgraded":3,"win_rate":0.0,"timestamp":1562163156,"path_taken":["M","M","?","?","?","R","E","M","T","?","R","?","R","E","R","BOSS"],"build_version":"2019-07-01","purchased_purges":0,"victory":false,"max_hp_per_floor":[80,80,80,80,80,80,80,80,80,80,80,80,80,80,80,80],"card_choices":[{"not_picked":["Hemokinesis","True Grit"],"picked":"Burning Pact","floor":1},{"not_picked":["Headbutt","Cleave"],"picked":"Ghostly Armor","floor":2},{"not_picked":["Thunderclap","Twin Strike"],"picked":"Body Slam","floor":3},{"not_picked":["True Grit","Perfected Strike"],"picked":"Shrug It Off","floor":4},{"not_picked":["Twin Strike","Hemokinesis"],"picked":"Iron Wave","floor":7},{"not_picked":["Armaments","True Grit"],"picked":"Flame Barrier","floor":8},{"not_picked":["Perfected Strike","Burning Pact"],"picked":"Metallicize","floor":14}],"player_experience":15077,"relics_obtained":[{"floor":7,"key":"Regal Pillow"},{"floor":9,"key":"War Paint"},{"floor":14,"key":"Bag of Marbles"}],"event_choices":[{"cards_removed":["Pain"],"damage_healed":0,"gold_gain":0,"player_choice":"Card Removal","damage_taken":0,"max_hp_gain":0,"max_hp_loss":0,"event_name":"The Cleric","floor":5,"gold_loss":50},{"damage_healed":0,"gold_gain":175,"player_choice":"AGREE","damage_taken":0,"max_hp_gain":0,"max_hp_loss":0,"event_name":"Liars Game","floor":10,"gold_loss":0,"cards_obtained":["Doubt"]},{"damage_healed":0,"gold_gain":0,"player_choice":"Trade","damage_taken":0,"relics_obtained":["GremlinMask"],"max_hp_gain":0,"max_hp_loss":0,"event_name":"FaceTrader","floor":12,"gold_loss":0}],"is_beta":false,"boss_relics":[],"items_purged_floors":[],"is_endless":false,"potions_floor_spawned":[8,14],"killed_by":"The Guardian","ascension_level":0}