{"gold_per_floor":[109,109,120,43,43,43,70,88,88,88,88,99,152,170,170,275,275,291,305,324,15,27,27,5,5,5,5,5,19,19,31,43,150,162,187,199,75,75,92,92,0,0,0,0,35,35,53,53,53,53],"floor_reached":51,"playtime":7254,"items_purged":["Writhe"],"score":776,"play_id":"3f660b44-165f-4fc4-acb2-bbf941402f77","local_time":"20190712070319","is_ascension_mode":true,"campfire_choices":[{"data":"PiercingWail","floor":6.0,"key":"SMITH"},{"data":"Dash","floor":11.0,"key":"SMITH"},{"floor":15.0,"key":"REST"},{"data":"Dodge and Roll","floor":23.0,"key":"SMITH"},{"data":"Backflip","floor":25.0,"key":"SMITH"},{"data":"Backflip","floor":27.0,"key":"SMITH"},{"floor":32.0,"key":"REST"},{"data":"Corpse Explosion","floor":40.0,"key":"SMITH"},{"data":"Backflip","floor":44.0,"key":"SMITH"},{"floor":46.0,"key":"REST"},{"floor":49.0,"key":"REST"}],"neow_cost":"NONE","seed_source_timestamp":172268638584970,"circlet_count":0,"master_deck":["Strike_G","Strike_G","Defend_G","Defend_G","Defend_G","Defend_G","Defend_G","Survivor","Neutralize","PiercingWail+1","Noxious Fumes+1","Dash+1","Caltrops+1","Footwork+1","Envenom+1","Backflip+1","Backflip+1","All Out Attack","Footwork+1","Panache+1","Dodge and Roll+1","Deadly Poison+1","Backflip+1","Corpse Explosion+1","Writhe","Caltrops+1","Flying Knee","Bullet Time","Acrobatics+1","Backstab+1","PiercingWail+1"],"special_seed":0,"relics":["Snecko Eye","Frozen Egg 2","Strawberry","Centennial Puzzle","Velvet Choker","The Courier","MawBank","HoveringKite","Red Mask","Torii","Molten Egg 2"],"potions_floor_usage":[50,50,50],"damage_taken":[{"damage":0.0,"enemies":"Small Slimes","floor":1.0,"turns":5.0},{"damage":3.0,"enemies":"2 Louse","floor":3.0,"turns":5.0},{"damage":42.0,"enemies":"Lagavulin","floor":7.0,"turns":10.0},{"damage":0.0,"enemies":"Cultist","floor":8.0,"turns":5.0},{"damage":0.0,"enemies":"Exordium Thugs","floor":12.0,"turns":5.0},{"damage":4.0,"enemies":"Large Slime","floor":14.0,"turns":6.0},{"damage":21.0,"enemies":"Slime Boss","floor":16.0,"turns":10.0},{"damage":0.0,"enemies":"2 Thieves","floor":18.0,"turns":4.0},{"damage":7.0,"enemies":"3 Byrds","floor":19.0,"turns":2.0},{"damage":18.0,"enemies":"Sentry and Sphere","floor":20.0,"turns":7.0},{"damage":6.0,"enemies":"Cultist and Chosen","floor":22.0,"turns":8.0},{"damage":12.0,"enemies":"Snake Plant","floor":29.0,"turns":4.0},{"damage":15.0,"enemies":"Champ","floor":33.0,"turns":13.0},{"damage":4.0,"enemies":"Orb Walker","floor":35.0,"turns":4.0},{"damage":7.0,"enemies":"3 Darklings","floor":39.0,"turns":4.0},{"damage":33.0,"enemies":"Nemesis","floor":45.0,"turns":7.0},{"damage":4.0,"enemies":"Writhing Mass","floor":47.0,"turns":6.0},{"damage":16,"enemies":"Awakened One","floor":50,"turns":14}],"seed_played":"1931631558547587412","potions_obtained":[{"floor":8.0,"key":"AttackPotion"},{"floor":12.0,"key":"Ancient Potion"},{"floor":19.0,"key":"Strength Potion"},{"floor":20.0,"key":"Block Potion"},{"floor":33.0,"key":"SpeedPotion"},{"floor":45.0,"key":"Explosive Potion"},{"floor":47.0,"key":"GamblersBrew"}],"is_trial":false,"path_per_floor":["M","?","M","$","?","R","E","M","T","?","R","M","?","M","R","B",null,"M","M","M","$","M","R","$","R","T","R","?","M","?","?","R","B",null,"M","?","$","?","M","R","?","?","T","R","E","R","M","?","R","B",null],"character_chosen":"THE_SILENT","items_purchased":["Noxious Fumes+1","Footwork+1","Panache+1","Dodge and Roll","Backflip","PowerPotion","Strength Potion"],"campfire_rested":4,"item_purchase_floors":[4,21,21,21,24,37,37],"current_hp_per_floor":[70,67,64,64,64,64,29,29,29,34,34,34,34,30,54,33,70,70,63,45,45,39,39,39,39,39,39,39,27,27,27,51,36,71,67,82,82,77,70,70,70,70,70,70,37,61,57,57,81,65],"gold":53,"neow_bonus":"BOSS_RELIC","is_prod":false,"is_daily":false,"chose_seed":false,"campfire_upgraded":7,"win_rate":0,"timestamp":1562929399,"path_taken":["M","?","M","$","?","R","E","M","T","?","R","M","?","M","R","BOSS","M","M","M","$","M","R","$","R","T","R","?","?","?","?","R","BOSS","M","?","$","?","M","R","?","?","T","R","E","R","M","?","R","BOSS"],"build_version":"2019-07-05","purchased_purges":1,"victory":true,"max_hp_per_floor":[70,70,70,70,70,70,77,77,77,82,82,82,82,82,82,82,82,82,82,82,82,82,82,82,82,82,82,82,82,82,82,82,82,82,82,82,82,82,82,82,82,82,82,82,82,82,82,82,82,82],"card_choices":[{"not_picked":["Slice","Infinite Blades","Escape Plan"],"picked":"SKIP","floor":1.0},{"not_picked":["Reflex","Slice"],"picked":"PiercingWail","floor":3.0},{"not_picked":["Reflex","Bane"],"picked":"Dash","floor":7.0},{"not_picked":["Outmaneuver","Expertise"],"picked":"Caltrops+1","floor":8.0},{"not_picked":["Tactician","Setup","Finisher"],"picked":"SKIP","floor":12.0},{"not_picked":["Slice","Outmaneuver"],"picked":"Footwork+1","floor":14.0},{"not_picked":["Grand Finale","Adrenaline"],"picked":"Envenom+1","floor":16.0},{"not_picked":["Underhanded Strike","Deflect"],"picked":"Backflip","floor":18.0},{"not_picked":["Poisoned Stab","Dagger Spray"],"picked":"Backflip","floor":19.0},{"not_picked":["Sucker Punch","Reflex"],"picked":"All Out Attack","floor":20.0},{"not_picked":["Deflect+1","Sucker Punch"],"picked":"Deadly Poison+1","floor":22.0},{"not_picked":["Deadly Poison","Slice"],"picked":"Corpse Explosion","floor":29.0},{"not_picked":["Envenom+1","Storm of Steel"],"picked":"Bullet Time","floor":33.0},{"not_picked":["Accuracy+1","Calculated Gamble+1"],"picked":"Acrobatics+1","floor":35.0},{"not_picked":["Deflect+1","All Out Attack"],"picked":"Backstab+1","floor":39.0},{"not_picked":["Dagger Spray+1","Expertise+1","Sucker Punch"],"picked":"SKIP","floor":45.0},{"not_picked":["Deflect","Cloak And Dagger"],"picked":"PiercingWail+1","floor":47.0}],"player_experience":469076,"relics_obtained":[{"floor":7.0,"key":"Strawberry"},{"floor":9.0,"key":"Centennial Puzzle"},{"floor":26.0,"key":"The Courier"},{"floor":43.0,"key":"Torii"},{"floor":45.0,"key":"Molten Egg 2"}],"event_choices":[{"damage_healed":0.0,"max_hp_gain":0.0,"max_hp_loss":0.0,"gold_gain":0.0,"event_name":"Scrap Ooze","player_choice":"Success","floor":2.0,"gold_loss":0.0,"damage_taken":3.0,"relics_obtained":["Frozen Egg 2"]},{"damage_healed":0.0,"max_hp_gain":0.0,"max_hp_loss":0.0,"gold_gain":0.0,"event_name":"The Cleric","player_choice":"Leave","floor":5.0,"gold_loss":0.0,"damage_taken":0.0},{"damage_healed":0.0,"max_hp_gain":5.0,"max_hp_loss":0.0,"gold_gain":0.0,"event_name":"Big Fish","player_choice":"Donut","floor":10.0,"gold_loss":0.0,"damage_taken":0.0},{"damage_healed":0.0,"max_hp_gain":0.0,"max_hp_loss":0.0,"gold_gain":53.0,"event_name":"Golden Wing","player_choice":"Gained Gold","floor":13.0,"gold_loss":0.0,"damage_taken":0.0},{"damage_healed":0.0,"max_hp_gain":0.0,"max_hp_loss":0.0,"gold_gain":0.0,"event_name":"FaceTrader","player_choice":"Leave","floor":28.0,"gold_loss":0.0,"damage_taken":0.0},{"damage_healed":0.0,"max_hp_gain":0.0,"max_hp_loss":0.0,"gold_gain":0.0,"event_name":"The Mausoleum","player_choice":"Opened","floor":30.0,"gold_loss":0.0,"damage_taken":0.0,"relics_obtained":["MawBank"],"cards_obtained":["Writhe"]},{"damage_healed":0.0,"max_hp_gain":0.0,"max_hp_loss":0.0,"gold_gain":0.0,"cards_transformed":["Strike_G","Strike_G"],"event_name":"Drug Dealer","player_choice":"Became Test Subject","floor":31.0,"gold_loss":0.0,"damage_taken":0.0,"cards_obtained":["Caltrops","Flying Knee"]},{"damage_healed":21.0,"max_hp_gain":0.0,"max_hp_loss":0.0,"gold_gain":0.0,"event_name":"Winding Halls","player_choice":"Writhe","floor":36.0,"gold_loss":0.0,"damage_taken":0.0,"cards_obtained":["Writhe"]},{"damage_healed":0.0,"max_hp_gain":0.0,"max_hp_loss":0.0,"gold_gain":0.0,"event_name":"SensoryStone","player_choice":"Memory 2","floor":38.0,"gold_loss":0.0,"damage_taken":5.0},{"damage_healed":0.0,"max_hp_gain":0.0,"max_hp_loss":0.0,"gold_gain":0.0,"event_name":"Tomb of Lord Red Mask","player_choice":"Paid","floor":41.0,"gold_loss":92.0,"damage_taken":0.0,"relics_obtained":["Red Mask"]},{"cards_removed":["Strike_G"],"damage_healed":0.0,"max_hp_gain":0.0,"max_hp_loss":0.0,"gold_gain":0.0,"event_name":"Falling","player_choice":"Removed Attack","floor":42.0,"gold_loss":0.0,"damage_taken":0.0},{"damage_healed":0.0,"max_hp_gain":0.0,"max_hp_loss":0.0,"gold_gain":0.0,"event_name":"Mysterious Sphere","player_choice":"Ignored","floor":48.0,"gold_loss":0.0,"damage_taken":0.0}],"is_beta":false,"boss_relics":[{"not_picked":["Runic Pyramid","Fusion Hammer"],"picked":"Velvet Choker"},{"not_picked":["Busted Crown","WristBlade"],"picked":"HoveringKite"}],"items_purged_floors":[37],"is_endless":false,"potions_floor_spawned":[8,12,19,20,33,39,45,47],"ascension_level":5}