{"gold_per_floor":[215,228,228,11,27,27,38,67,67,67,93,113,113,113,113,190,190,200,38,38,38,35,35,61,31,56,87,105,124,124,142,142,216,216,230,30,30,48,64,64,94,194,194,223,241,251,251,284,284,284,284],"floor_reached":51,"playtime":6234,"items_purged":["Dualcast"],"score":1470,"play_id":"9c1d869e-8347-4572-acd5-2d73d2bc6e8b","local_time":"20190601181538","is_ascension_mode":true,"campfire_choices":[{"data":"Go for the Eyes","floor":6.0,"key":"SMITH"},{"floor":10.0,"key":"REST"},{"data":"Zap","floor":15.0,"key":"SMITH"},{"floor":23,"key":"REST"},{"data":"Amplify","floor":30,"key":"SMITH"},{"data":"Storm","floor":32,"key":"SMITH"},{"data":"Beam Cell","floor":40,"key":"SMITH"},{"floor":49,"key":"RECALL"}],"neow_cost":"NONE","seed_source_timestamp":302351011019311,"circlet_count":0,"master_deck":["AscendersBane","Defend_B","Defend_B+1","Defend_B","Defend_B+1","Zap+1","Coolheaded","Go for the Eyes+1","Cold Snap","Sweeping Beam","Compile Driver","Loop+1","Rip and Tear+1","Creative AI+1","Storm+1","Beam Cell+1","FTL","Amplify+1","Conserve Battery","Force Field+1","Flash of Steel","Self Repair","FTL","Doom and Gloom+1","Apotheosis","Panacea","Coolheaded"],"special_seed":0,"relics":["Cracked Core","Centennial Puzzle","Meat on the Bone","Gremlin Horn","Kunai","Bird Faced Urn","Astrolabe","PreservedInsect","Nilry\u0027s Codex","Boot","War Paint","The Courier","Busted Crown","Lantern","Nunchaku","Molten Egg 2","Ancient Tea Set"],"potions_floor_usage":[16,16,24,28,33,39,41,44,50],"damage_taken":[{"damage":14.0,"enemies":"Jaw Worm","floor":1.0,"turns":4.0},{"damage":2.0,"enemies":"Cultist","floor":2.0,"turns":4.0},{"damage":0.0,"enemies":"Small Slimes","floor":5.0,"turns":4.0},{"damage":9.0,"enemies":"Exordium Thugs","floor":7.0,"turns":5.0},{"damage":21.0,"enemies":"Lagavulin","floor":8.0,"turns":7.0},{"damage":22.0,"enemies":"3 Sentries","floor":11.0,"turns":9.0},{"damage":12.0,"enemies":"3 Louse","floor":12.0,"turns":2.0},{"damage":19,"enemies":"Hexaghost","floor":16,"turns":11},{"damage":3,"enemies":"Chosen","floor":18,"turns":4},{"damage":23,"enemies":"2 Thieves","floor":22,"turns":4},{"damage":32,"enemies":"Slavers","floor":24,"turns":10},{"damage":29,"enemies":"Book of Stabbing","floor":27,"turns":5},{"damage":31,"enemies":"Sentry and Sphere","floor":28,"turns":4},{"damage":7,"enemies":"Centurion and Healer","floor":29,"turns":6},{"damage":13,"enemies":"Chosen and Byrds","floor":31,"turns":5},{"damage":35,"enemies":"Collector","floor":33,"turns":9},{"damage":18,"enemies":"3 Shapes","floor":35,"turns":4},{"damage":40,"enemies":"3 Darklings","floor":38,"turns":7},{"damage":41,"enemies":"Jaw Worm Horde","floor":39,"turns":3},{"damage":42,"enemies":"Nemesis","floor":41,"turns":5},{"damage":0,"enemies":"Mind Bloom Boss Battle","floor":42,"turns":4},{"damage":46,"enemies":"Reptomancer","floor":44,"turns":7},{"damage":21,"enemies":"4 Shapes","floor":45,"turns":4},{"damage":22,"enemies":"3 Darklings","floor":46,"turns":5},{"damage":23,"enemies":"Nemesis","floor":48,"turns":7},{"damage":37,"enemies":"Awakened One","floor":50,"turns":16},{"damage":86,"enemies":"Donu and Deca","floor":51,"turns":9}],"seed_played":"-8125601957516081186","potions_obtained":[{"floor":2.0,"key":"SpeedPotion"},{"floor":5.0,"key":"Strength Potion"},{"floor":11.0,"key":"FearPotion"},{"floor":22,"key":"Explosive Potion"},{"floor":25,"key":"Ancient Potion"},{"floor":25,"key":"Fire Potion"},{"floor":28,"key":"EssenceOfSteel"},{"floor":35,"key":"GamblersBrew"},{"floor":39,"key":"FearPotion"},{"floor":42,"key":"Weak Potion"},{"floor":46,"key":"FocusPotion"}],"is_trial":false,"path_per_floor":["M","M","?","$","M","R","M","E","T","R","E","M","?","?","R","B",null,"M","$","?","$","M","R","E","?","T","E","M","M","R","M","R","B",null,"M","$","?","M","M","R","E","?","T","E","M","M","?","E","R","B","B"],"character_chosen":"DEFECT","items_purchased":["Centennial Puzzle","SkillPotion","PreservedInsect","Flash of Steel","Self Repair"],"campfire_rested":2,"item_purchase_floors":[4,4,19,36,36],"current_hp_per_floor":[50,48,48,48,48,48,39,18,18,39,29,29,22,22,22,15,57,58,58,37,37,28,49,47,47,47,38,31,46,46,43,43,40,63,51,51,51,61,40,40,42,63,63,57,68,71,61,71,71,71,0],"gold":284,"neow_bonus":"HUNDRED_GOLD","is_prod":false,"is_daily":false,"chose_seed":false,"campfire_upgraded":5,"win_rate":0,"timestamp":1559430938,"path_taken":["M","M","?","$","M","R","?","E","T","R","E","M","?","?","R","BOSS","M","$","?","?","M","R","E","?","T","E","?","M","R","M","R","BOSS","M","?","?","M","M","R","E","?","T","E","?","M","?","E","R","BOSS","BOSS"],"build_version":"2019-01-23","purchased_purges":1,"victory":false,"max_hp_per_floor":[71,71,71,71,71,71,71,71,71,71,71,71,71,71,71,71,71,71,71,71,71,71,71,71,71,71,71,71,71,71,71,71,71,71,71,71,71,71,71,71,71,71,71,71,71,71,71,71,71,71,71],"card_choices":[{"not_picked":["Leap","Chaos"],"picked":"Sweeping Beam","floor":1.0},{"not_picked":["Barrage","Blizzard"],"picked":"Coolheaded","floor":2.0},{"not_picked":["Rebound","Recycle"],"picked":"Go for the Eyes","floor":5.0},{"not_picked":["Aggregate","Go for the Eyes","Steam"],"picked":"SKIP","floor":7.0},{"not_picked":["Steam","Skim"],"picked":"Cold Snap","floor":8.0},{"not_picked":["Fusion","Heatsinks"],"picked":"Sweeping Beam","floor":11.0},{"not_picked":["White Noise","Hello World"],"picked":"Compile Driver","floor":12.0},{"not_picked":["Leap","Rebound"],"picked":"Storm","floor":18},{"not_picked":["Coolheaded","Ball Lightning"],"picked":"Beam Cell","floor":22},{"not_picked":["Heatsinks+1","Coolheaded"],"picked":"FTL","floor":24},{"not_picked":["Chill","Multi-Cast"],"picked":"Amplify","floor":27},{"not_picked":["Leap","Reprogram"],"picked":"Conserve Battery","floor":28},{"not_picked":["Leap","Sweeping Beam"],"picked":"Force Field+1","floor":29},{"not_picked":["Turbo","Conserve Battery"],"picked":"Gash","floor":31},{"not_picked":["Sweeping Beam"],"picked":"SKIP","floor":35},{"not_picked":["Redo"],"picked":"SKIP","floor":38},{"not_picked":["Rebound"],"picked":"SKIP","floor":39},{"not_picked":[],"picked":"FTL","floor":41},{"not_picked":["Hyperbeam"],"picked":"SKIP","floor":44},{"not_picked":["Aggregate"],"picked":"SKIP","floor":45},{"not_picked":[],"picked":"Doom and Gloom+1","floor":46},{"not_picked":[],"picked":"Apotheosis","floor":47},{"not_picked":[],"picked":"Panacea","floor":47},{"not_picked":[],"picked":"Coolheaded","floor":48}],"player_experience":1650487,"relics_obtained":[{"floor":8.0,"key":"Meat on the Bone"},{"floor":9.0,"key":"Gremlin Horn"},{"floor":11.0,"key":"Kunai"},{"floor":20,"key":"Nilry\u0027s Codex"},{"floor":24,"key":"Boot"},{"floor":26,"key":"War Paint"},{"floor":27,"key":"The Courier"},{"floor":41,"key":"Lantern"},{"floor":42,"key":"Nunchaku"},{"floor":44,"key":"Molten Egg 2"},{"floor":48,"key":"Ancient Tea Set"}],"event_choices":[{"cards_removed":["Strike_B"],"damage_healed":0.0,"max_hp_gain":0.0,"max_hp_loss":0.0,"gold_gain":0.0,"event_name":"Wheel of Change","player_choice":"Card Removal","floor":3.0,"gold_loss":0.0,"damage_taken":0.0},{"cards_removed":["Strike_B"],"damage_healed":0.0,"max_hp_gain":0.0,"max_hp_loss":0.0,"gold_gain":0.0,"event_name":"Golden Wing","player_choice":"Card Removal","floor":13.0,"gold_loss":0.0,"damage_taken":7.0},{"damage_healed":0.0,"max_hp_gain":0.0,"max_hp_loss":0.0,"gold_gain":0.0,"event_name":"Dead Adventurer","player_choice":"Searched \u00271\u0027 times","floor":14.0,"gold_loss":0.0,"damage_taken":0.0,"relics_obtained":["Bird Faced Urn"]},{"damage_healed":0,"gold_gain":0,"player_choice":"Obtained Book","damage_taken":21,"max_hp_gain":0,"max_hp_loss":0,"event_name":"Cursed Tome","floor":20,"gold_loss":0},{"damage_healed":0,"gold_gain":0,"player_choice":"Bought 2 Potions","damage_taken":0,"max_hp_gain":0,"max_hp_loss":0,"event_name":"The Woman in Blue","floor":25,"gold_loss":0},{"cards_removed":["Gash"],"damage_healed":0,"gold_gain":0,"player_choice":"Removed Attack","damage_taken":0,"max_hp_gain":0,"max_hp_loss":0,"event_name":"Falling","floor":37,"gold_loss":0},{"damage_healed":0,"gold_gain":0,"player_choice":"Fight","damage_taken":0,"max_hp_gain":0,"max_hp_loss":0,"event_name":"MindBloom","floor":42,"gold_loss":0},{"damage_healed":0,"gold_gain":0,"player_choice":"Memory 3","damage_taken":10,"max_hp_gain":0,"max_hp_loss":0,"event_name":"SensoryStone","floor":47,"gold_loss":0}],"is_beta":false,"boss_relics":[{"not_picked":["Pandora\u0027s Box","White Beast Statue"],"picked":"Astrolabe"},{"not_picked":["Runic Dome","Tiny House"],"picked":"Busted Crown"}],"items_purged_floors":[36],"is_endless":false,"potions_floor_spawned":[2,5,11,12,22,28,29,35,38,39,42,46],"killed_by":"Donu and Deca","ascension_level":20}