{"gold_per_floor":[109,109,27,27,27,27,42,42,97,131,145,159,159,216,216,345,345,365,280,280,305,90,90,9,9,79,106,106,139,139,178,178,307,307,330,330,455,475,490,490,490,506,506,531,531,531,550,74,74,74],"floor_reached":50,"playtime":4116,"items_purged":["Writhe"],"score":499,"play_id":"beb09dad-b8b2-4a64-a4e7-53c207af62e7","local_time":"20190706231015","is_ascension_mode":false,"campfire_choices":[{"floor":6,"key":"REST"},{"data":"Calculated Gamble","floor":8,"key":"SMITH"},{"floor":13,"key":"REST"},{"floor":15,"key":"REST"},{"floor":23,"key":"REST"},{"floor":25,"key":"REST"},{"data":"Corpse Explosion","floor":28,"key":"SMITH"},{"floor":30,"key":"REST"},{"floor":32,"key":"REST"},{"floor":40,"key":"REST"},{"floor":45,"key":"REST"},{"floor":49,"key":"REST"}],"neow_cost":"NONE","seed_source_timestamp":10882788711106,"circlet_count":0,"master_deck":["Strike_G","Strike_G","Strike_G","Strike_G","Defend_G","Defend_G","Defend_G","Defend_G","Defend_G","Survivor","Neutralize","Sucker Punch","Infinite Blades","Calculated Gamble+1","Footwork","Finisher","Noxious Fumes","Corpse Explosion+1","Blur+1","Endless Agony","PiercingWail","Panache","Catalyst","Caltrops","Prepared","Envenom","PiercingWail","Bane+1","Prepared+1","Bane+1","Die Die Die"],"relics":["Ring of the Snake","Golden Idol","Blood Vial","Bronze Scales","Lizard Tail","PreservedInsect","Ninja Scroll","Orichalcum","Bottled Tornado","Bag of Marbles","Busted Crown","Tough Bandages","FaceOfCleric","Anchor","Toy Ornithopter"],"potions_floor_usage":[10,16,21,29,29,29,39,44,50,50,50],"damage_taken":[{"damage":0,"enemies":"Small Slimes","floor":1,"turns":3},{"damage":0,"enemies":"Jaw Worm","floor":7,"turns":5},{"damage":47,"enemies":"Gremlin Nob","floor":10,"turns":6},{"damage":0,"enemies":"2 Louse","floor":11,"turns":3},{"damage":9,"enemies":"Exordium Thugs","floor":12,"turns":5},{"damage":13,"enemies":"The Guardian","floor":16,"turns":10},{"damage":21,"enemies":"Spheric Guardian","floor":18,"turns":7},{"damage":7,"enemies":"Shell Parasite","floor":21,"turns":6},{"damage":15,"enemies":"Book of Stabbing","floor":29,"turns":4},{"damage":16,"enemies":"Gremlin Leader","floor":31,"turns":5},{"damage":99,"enemies":"Automaton","floor":33,"turns":13},{"damage":7,"enemies":"Orb Walker","floor":35,"turns":4},{"damage":0,"enemies":"Mind Bloom Boss Battle","floor":37,"turns":7},{"damage":9,"enemies":"3 Shapes","floor":38,"turns":1},{"damage":17,"enemies":"Jaw Worm Horde","floor":39,"turns":5},{"damage":21,"enemies":"Sphere and 2 Shapes","floor":42,"turns":4},{"damage":8,"enemies":"Maw","floor":44,"turns":7},{"damage":26,"enemies":"Spire Growth","floor":47,"turns":4},{"damage":90,"enemies":"Time Eater","floor":50,"turns":10}],"seed_played":"1871207081023111607","potions_obtained":[{"floor":7,"key":"Regen Potion"},{"floor":10,"key":"Poison Potion"},{"floor":20,"key":"Strength Potion"},{"floor":20,"key":"Weak Potion"},{"floor":20,"key":"GamblersBrew"},{"floor":21,"key":"SkillPotion"},{"floor":37,"key":"Weak Potion"},{"floor":39,"key":"AttackPotion"},{"floor":44,"key":"SteroidPotion"},{"floor":47,"key":"PowerPotion"}],"is_trial":false,"path_per_floor":["M","?","$","?","?","R","M","R","T","E","M","M","R","?","R","B",null,"M","?","?","M","$","R","$","R","T","T","R","E","R","E","R","B",null,"M","?","?","M","M","R","?","M","T","M","R","?","M","$","R","B"],"character_chosen":"THE_SILENT","items_purchased":["Infinite Blades","PiercingWail","Panache","Catalyst","Toy Ornithopter","Die Die Die","Fire Potion"],"campfire_rested":10,"item_purchase_floors":[3,22,22,24,48,48,48],"current_hp_per_floor":[70,70,70,70,53,70,70,70,70,32,34,27,48,48,69,57,70,49,49,49,44,44,65,65,70,70,70,70,55,70,54,70,7,70,63,70,70,61,46,67,67,49,49,44,65,65,42,42,63,0],"gold":74,"neow_bonus":"THREE_CARDS","is_prod":false,"is_daily":false,"chose_seed":false,"campfire_upgraded":2,"win_rate":0.0,"timestamp":1562451015,"path_taken":["M","?","$","?","?","R","M","R","T","E","M","M","R","?","R","BOSS","M","?","?","?","$","R","?","R","T","?","R","E","R","E","R","BOSS","M","?","?","M","M","R","?","?","T","M","R","?","M","$","R","BOSS"],"build_version":"2019-07-05","purchased_purges":1,"victory":false,"max_hp_per_floor":[70,70,70,70,70,70,70,70,70,70,70,70,70,70,70,70,70,70,70,70,70,70,70,70,70,70,70,70,70,70,70,70,70,70,70,70,70,70,70,70,70,71,71,72,72,72,73,73,73,73],"card_choices":[{"not_picked":["Masterful Stab","Acrobatics"],"picked":"Underhanded Strike","floor":0},{"not_picked":["Backflip","Dodge and Roll"],"picked":"Sucker Punch","floor":1},{"not_picked":["Finisher","Dagger Throw"],"picked":"Calculated Gamble","floor":7},{"not_picked":["Blur","Dagger Throw"],"picked":"Footwork","floor":10},{"not_picked":["Dagger Spray","Reflex"],"picked":"Finisher","floor":11},{"not_picked":["Masterful Stab","Bane"],"picked":"Noxious Fumes","floor":12},{"not_picked":["After Image","Malaise"],"picked":"Corpse Explosion","floor":16},{"not_picked":["Riddle With Holes+1","Prepared"],"picked":"Blur+1","floor":18},{"not_picked":["Footwork","Dagger Throw+1"],"picked":"Endless Agony","floor":21},{"not_picked":["Choke","Well Laid Plans"],"picked":"Caltrops","floor":29},{"not_picked":["Outmaneuver","Acrobatics"],"picked":"Prepared","floor":31},{"not_picked":["Wraith Form v2","Glass Knife"],"picked":"Envenom","floor":33},{"not_picked":[],"picked":"PiercingWail","floor":35},{"not_picked":[],"picked":"Bane+1","floor":37},{"not_picked":["Acrobatics"],"picked":"SKIP","floor":38},{"not_picked":[],"picked":"Prepared+1","floor":39},{"not_picked":["Acrobatics+1"],"picked":"SKIP","floor":42},{"not_picked":[],"picked":"Bane+1","floor":44},{"not_picked":["Caltrops"],"picked":"SKIP","floor":47}],"player_experience":68776,"relics_obtained":[{"floor":9,"key":"Blood Vial"},{"floor":10,"key":"Bronze Scales"},{"floor":26,"key":"Ninja Scroll"},{"floor":27,"key":"Orichalcum"},{"floor":29,"key":"Bottled Tornado"},{"floor":31,"key":"Bag of Marbles"},{"floor":37,"key":"Tough Bandages"},{"floor":43,"key":"Anchor"}],"event_choices":[{"damage_healed":0,"gold_gain":0,"player_choice":"Leave","damage_taken":0,"max_hp_gain":0,"max_hp_loss":0,"event_name":"The Cleric","floor":2,"gold_loss":0},{"cards_removed":["Strike_G"],"damage_healed":0,"gold_gain":0,"player_choice":"Forget","damage_taken":0,"max_hp_gain":0,"max_hp_loss":0,"event_name":"Living Wall","floor":4,"gold_loss":0},{"damage_healed":0,"gold_gain":0,"player_choice":"Take Damage","damage_taken":17,"relics_obtained":["Golden Idol"],"max_hp_gain":0,"max_hp_loss":0,"event_name":"Golden Idol","floor":5,"gold_loss":0},{"damage_healed":0,"gold_gain":57,"player_choice":"Gained Gold","damage_taken":0,"max_hp_gain":0,"max_hp_loss":0,"event_name":"Golden Wing","floor":14,"gold_loss":0},{"damage_healed":0,"gold_gain":0,"player_choice":"Obtained Relic","damage_taken":0,"relics_obtained":["PreservedInsect"],"max_hp_gain":0,"max_hp_loss":0,"event_name":"Addict","floor":19,"gold_loss":85},{"damage_healed":0,"gold_gain":0,"player_choice":"Got Potions","damage_taken":0,"max_hp_gain":0,"max_hp_loss":0,"event_name":"Lab","floor":20,"gold_loss":0},{"damage_healed":18,"gold_gain":0,"player_choice":"Writhe","damage_taken":0,"max_hp_gain":0,"max_hp_loss":0,"event_name":"Winding Halls","floor":36,"gold_loss":0,"cards_obtained":["Writhe"]},{"damage_healed":0,"gold_gain":0,"player_choice":"Fight","damage_taken":0,"max_hp_gain":0,"max_hp_loss":0,"event_name":"MindBloom","floor":37,"gold_loss":0},{"damage_healed":0,"gold_gain":0,"player_choice":"Trade","damage_taken":0,"relics_obtained":["FaceOfCleric"],"max_hp_gain":0,"max_hp_loss":0,"event_name":"FaceTrader","floor":41,"gold_loss":0},{"cards_removed":["Underhanded Strike"],"damage_healed":0,"gold_gain":0,"player_choice":"Removed Attack","damage_taken":0,"max_hp_gain":0,"max_hp_loss":0,"event_name":"Falling","floor":46,"gold_loss":0}],"is_beta":false,"boss_relics":[{"not_picked":["Coffee Dripper","Runic Dome"],"picked":"Lizard Tail"},{"not_picked":["Tiny House","Sozu"],"picked":"Busted Crown"}],"items_purged_floors":[48],"is_endless":false,"potions_floor_spawned":[7,10,21,37,39,44,47],"killed_by":"Time Eater","ascension_level":0}