{"gold_per_floor":[110,126,138,150,15,15,47,47,70,89,89,152,152,166,166,243,243,253,0,0,14,14],"floor_reached":22,"playtime":1038,"items_purged":["Normality"],"score":372,"play_id":"6abb23d0-61f3-46b8-b028-dfd2e4897a24","local_time":"20190609232341","is_ascension_mode":true,"campfire_choices":[{"data":"Predator","floor":6,"key":"SMITH"},{"data":"Neutralize","floor":8,"key":"SMITH"},{"floor":11,"key":"REST"},{"floor":15,"key":"REST"}],"neow_cost":"NONE","seed_source_timestamp":1017258548651331,"circlet_count":0,"master_deck":["AscendersBane","Defend_G","Defend_G","Defend_G","Defend_G","Defend_G","Strike_G","Strike_G","Strike_G","Strike_G","Survivor","Neutralize+1","PiercingWail","Backflip","Predator+1","Corpse Explosion","Dagger Throw","Quick Slash","Dagger Spray","Noxious Fumes","Cloak And Dagger","Adrenaline","Cloak And Dagger","Catalyst","Infinite Blades","Choke"],"relics":["Ring of the Snake","Oddly Smooth Stone","Pen Nib","Art of War","Ancient Tea Set","Calling Bell","Omamori","Sundial","Gambling Chip"],"potions_floor_usage":[4,12,22,22],"damage_taken":[{"damage":2,"enemies":"Cultist","floor":1,"turns":6},{"damage":0,"enemies":"Small Slimes","floor":2,"turns":6},{"damage":0,"enemies":"Jaw Worm","floor":3,"turns":4},{"damage":0,"enemies":"Lots of Slimes","floor":4,"turns":2},{"damage":30,"enemies":"Gremlin Nob","floor":7,"turns":4},{"damage":16,"enemies":"Exordium Wildlife","floor":10,"turns":5},{"damage":31,"enemies":"Lagavulin Event","floor":12,"turns":8},{"damage":3,"enemies":"Blue Slaver","floor":14,"turns":4},{"damage":15,"enemies":"The Guardian","floor":16,"turns":12},{"damage":29,"enemies":"Spheric Guardian","floor":18,"turns":8},{"damage":0,"enemies":"3 Byrds","floor":21,"turns":4},{"damage":25,"enemies":"Shelled Parasite and Fungi","floor":22,"turns":7}],"seed_played":"-7204443428109705462","potions_obtained":[{"floor":1,"key":"SmokeBomb"},{"floor":2,"key":"Explosive Potion"},{"floor":10,"key":"Regen Potion"},{"floor":12,"key":"SkillPotion"},{"floor":18,"key":"Block Potion"}],"is_trial":false,"path_per_floor":["M","M","M","M","$","R","E","R","T","M","R","?","?","M","R","B",null,"M","$","?","M","M"],"character_chosen":"THE_SILENT","items_purchased":["Corpse Explosion","Dagger Throw","Catalyst","Infinite Blades"],"campfire_rested":2,"item_purchase_floors":[5,5,19,19],"current_hp_per_floor":[57,57,57,57,57,57,27,27,27,11,30,14,14,11,30,15,53,24,24,24,24,0],"gold":14,"neow_bonus":"RANDOM_COMMON_RELIC","is_prod":false,"is_daily":false,"chose_seed":false,"campfire_upgraded":2,"win_rate":0,"timestamp":1560140621,"path_taken":["M","M","?","M","$","R","E","R","T","M","R","?","?","?","R","BOSS","M","$","?","?","M"],"build_version":"2019-01-23","purchased_purges":1,"victory":false,"max_hp_per_floor":[66,66,66,66,66,66,66,66,66,66,66,66,66,66,66,66,66,66,66,66,66,66],"card_choices":[{"not_picked":["Heel Hook","Sucker Punch"],"picked":"PiercingWail","floor":1},{"not_picked":["Cloak And Dagger","Outmaneuver","Distraction"],"picked":"SKIP","floor":2},{"not_picked":["Blade Dance","PiercingWail"],"picked":"Backflip","floor":3},{"not_picked":["Poisoned Stab","Slice"],"picked":"Predator","floor":4},{"not_picked":["Distraction","Underhanded Strike"],"picked":"Quick Slash","floor":7},{"not_picked":["Tools of the Trade","Backflip"],"picked":"Dagger Spray","floor":10},{"not_picked":["Sucker Punch","Accuracy"],"picked":"Noxious Fumes","floor":12},{"not_picked":["Slice","Dagger Spray"],"picked":"Cloak And Dagger","floor":14},{"not_picked":["Die Die Die","Grand Finale"],"picked":"Adrenaline","floor":16},{"not_picked":["Dodge and Roll","Venomology"],"picked":"Cloak And Dagger","floor":18},{"not_picked":["Underhanded Strike","Infinite Blades"],"picked":"Choke","floor":21}],"player_experience":1748504,"relics_obtained":[{"floor":7,"key":"Pen Nib"},{"floor":9,"key":"Art of War"},{"floor":12,"key":"Ancient Tea Set"},{"floor":17,"key":"Omamori"},{"floor":17,"key":"Sundial"},{"floor":17,"key":"Gambling Chip"}],"event_choices":[{"damage_healed":0,"gold_gain":0,"player_choice":"Searched \u00272\u0027 times","damage_taken":0,"max_hp_gain":0,"max_hp_loss":0,"event_name":"Dead Adventurer","floor":12,"gold_loss":0},{"cards_removed":["Strike_G"],"damage_healed":0,"gold_gain":0,"player_choice":"Purged","damage_taken":0,"max_hp_gain":0,"max_hp_loss":0,"event_name":"Purifier","floor":13,"gold_loss":0},{"cards_removed":["Clumsy","Clumsy"],"damage_healed":0,"gold_gain":0,"player_choice":"Removed Curses","damage_taken":0,"max_hp_gain":0,"max_hp_loss":0,"event_name":"Fountain of Cleansing","floor":20,"gold_loss":0}],"is_beta":false,"boss_relics":[{"not_picked":["Ring of the Serpent","Coffee Dripper"],"picked":"Calling Bell"}],"items_purged_floors":[19],"is_endless":false,"potions_floor_spawned":[1,2,10,12,18],"killed_by":"Shelled Parasite and Fungi","ascension_level":20}