{"gold_per_floor":[111,111,186,37,50,50,63,137,137,37,53,88,100],"floor_reached":13,"playtime":1180,"items_purged":["Strike_B","Defend_B"],"score":83,"play_id":"3429614f-e47a-4140-9dc1-0205bf8597d4","local_time":"20190711202024","is_ascension_mode":false,"campfire_choices":[{"data":"Forethought","floor":6,"key":"SMITH"}],"neow_cost":"NONE","seed_source_timestamp":1462029261840100,"circlet_count":0,"master_deck":["Strike_B","Strike_B","Strike_B","Defend_B","Defend_B","Defend_B","Zap","Dualcast","Forethought+1","Sweeping Beam","Self Repair","Heatsinks","Reinforced Body","Chill","Consume","Storm"],"relics":["Cracked Core","Golden Idol","Du-Vu Doll","Bag of Marbles","MawBank"],"potions_floor_usage":[8,8],"damage_taken":[{"damage":0,"enemies":"2 Louse","floor":1,"turns":1},{"damage":4,"enemies":"Small Slimes","floor":5,"turns":4},{"damage":1,"enemies":"Jaw Worm","floor":7,"turns":4},{"damage":24,"enemies":"Lagavulin Event","floor":8,"turns":7},{"damage":0,"enemies":"Blue Slaver","floor":11,"turns":4},{"damage":40,"enemies":"Gremlin Nob","floor":12,"turns":5},{"damage":12,"enemies":"Gremlin Gang","floor":13,"turns":1}],"seed_played":"2825626958576899365","potions_obtained":[{"floor":5,"key":"SkillPotion"},{"floor":7,"key":"SpeedPotion"},{"floor":12,"key":"Strength Potion"}],"is_trial":false,"path_per_floor":["M","?","?","$","M","R","M","?","T","$","M","E","M"],"character_chosen":"DEFECT","items_purchased":["Self Repair"],"campfire_rested":0,"item_purchase_floors":[4],"current_hp_per_floor":[75,57,46,46,49,49,55,38,38,38,45,12,0],"gold":100,"neow_bonus":"RANDOM_COLORLESS","is_prod":false,"is_daily":false,"chose_seed":false,"campfire_upgraded":1,"win_rate":0,"timestamp":1562890824,"path_taken":["M","?","?","$","M","R","M","?","T","?","?","E","M"],"build_version":"2019-07-05","purchased_purges":2,"victory":false,"max_hp_per_floor":[75,75,75,75,75,75,75,75,75,75,75,75,75],"card_choices":[{"not_picked":["Streamline","Barrage"],"picked":"Sweeping Beam","floor":1},{"not_picked":["Sweeping Beam","Go for the Eyes"],"picked":"Heatsinks","floor":5},{"not_picked":["Skim","Stack"],"picked":"Reinforced Body","floor":7},{"not_picked":["Redo","Gash"],"picked":"Chill","floor":8},{"not_picked":["Chaos","Barrage"],"picked":"Consume","floor":11},{"not_picked":["Sweeping Beam","Seek"],"picked":"Storm","floor":12}],"player_experience":55224,"relics_obtained":[{"floor":9,"key":"Bag of Marbles"},{"floor":12,"key":"MawBank"}],"event_choices":[{"damage_healed":0,"gold_gain":0,"player_choice":"Take Damage","damage_taken":18,"relics_obtained":["Golden Idol"],"max_hp_gain":0,"max_hp_loss":0,"event_name":"Golden Idol","floor":2,"gold_loss":0},{"damage_healed":0,"gold_gain":75,"player_choice":"Gather Gold","damage_taken":11,"max_hp_gain":0,"max_hp_loss":0,"event_name":"World of Goop","floor":3,"gold_loss":0},{"damage_healed":0,"gold_gain":0,"player_choice":"Searched \u00272\u0027 times","damage_taken":0,"relics_obtained":["Du-Vu Doll"],"max_hp_gain":0,"max_hp_loss":0,"event_name":"Dead Adventurer","floor":8,"gold_loss":0}],"is_beta":false,"boss_relics":[],"items_purged_floors":[4,10],"is_endless":false,"potions_floor_spawned":[5,7,12],"killed_by":"Gremlin Gang","ascension_level":0}