{"gold_per_floor":[112,123,123,134,144,177,177,52,52,80,135,150,177,127,127,226,226,242,252,252,262,67,67,79,105,131,131,145,145,145,158,158,261,261,277,58,0,11,111,111,138,158,158,178,178],"floor_reached":45,"playtime":4251,"items_purged":["Strike_R"],"score":500,"play_id":"cc9b4240-2444-4d45-b35f-e0f8dc51e355","local_time":"20190703233528","is_ascension_mode":false,"campfire_choices":[{"floor":7,"key":"REST"},{"data":"Armaments","floor":15,"key":"SMITH"},{"floor":23,"key":"REST"},{"floor":27,"key":"REST"},{"data":"Mind Blast","floor":29,"key":"SMITH"},{"floor":32,"key":"REST"},{"floor":40,"key":"REST"}],"neow_cost":"NONE","seed_source_timestamp":1464530584148800,"circlet_count":0,"master_deck":["Strike_R","Strike_R","Strike_R","Strike_R","Defend_R","Bash","Ghostly Armor","Rampage","Thunderclap","Reaper","Inflame","Armaments+1","Cleave","Combust","Combust","Feed","Pommel Strike","Twin Strike","Rupture+1","Auto Shields+1","Deadly Poison","Cleave+1","Mind Blast+1","Armaments+1","Cleave","Coolheaded+1","Conserve Battery","Reaper","Backstab","Heavy Blade+1","Combust","Dark Shackles+1","Purity","Deep Breath+1","Genetic Algorithm"],"relics":["Burning Blood","Ornamental Fan","Matryoshka","Odd Mushroom","Regal Pillow","Dream Catcher","Pantograph","Mark of Pain","PrismaticShard","PreservedInsect","Dodecahedron","Anchor","White Beast Statue","Vajra","Red Mask","WingedGreaves","Juzu Bracelet","Kunai"],"potions_floor_usage":[6,13,13,16,25,25,33,39,39,41,44,45],"damage_taken":[{"damage":6,"enemies":"Cultist","floor":1,"turns":3},{"damage":7,"enemies":"2 Louse","floor":2,"turns":2},{"damage":1,"enemies":"Jaw Worm","floor":4,"turns":3},{"damage":26,"enemies":"Large Slime","floor":5,"turns":7},{"damage":49,"enemies":"3 Sentries","floor":6,"turns":10},{"damage":27,"enemies":"The Mushroom Lair","floor":10,"turns":5},{"damage":5,"enemies":"Exordium Wildlife","floor":12,"turns":5},{"damage":39,"enemies":"Lagavulin","floor":13,"turns":6},{"damage":60,"enemies":"Slime Boss","floor":16,"turns":8},{"damage":14,"enemies":"Spheric Guardian","floor":18,"turns":4},{"damage":22,"enemies":"Chosen","floor":19,"turns":5},{"damage":30,"enemies":"Sentry and Sphere","floor":21,"turns":5},{"damage":23,"enemies":"Shelled Parasite and Fungi","floor":24,"turns":5},{"damage":30,"enemies":"Slavers","floor":25,"turns":4},{"damage":36,"enemies":"Centurion and Healer","floor":28,"turns":4},{"damage":7,"enemies":"Snake Plant","floor":31,"turns":3},{"damage":85,"enemies":"Collector","floor":33,"turns":9},{"damage":10,"enemies":"3 Shapes","floor":35,"turns":3},{"damage":6,"enemies":"3 Darklings","floor":38,"turns":3},{"damage":54,"enemies":"Mind Bloom Boss Battle","floor":39,"turns":6},{"damage":27,"enemies":"Giant Head","floor":41,"turns":7},{"damage":20,"enemies":"Sphere and 2 Shapes","floor":42,"turns":4},{"damage":30,"enemies":"Transient","floor":44,"turns":5},{"damage":61,"enemies":"Maw","floor":45,"turns":7}],"seed_played":"-2715843750815409917","potions_obtained":[{"floor":2,"key":"BloodPotion"},{"floor":10,"key":"BloodPotion"},{"floor":12,"key":"BloodPotion"},{"floor":16,"key":"Fruit Juice"},{"floor":19,"key":"Regen Potion"},{"floor":21,"key":"EssenceOfSteel"},{"floor":25,"key":"Ancient Potion"},{"floor":35,"key":"BloodPotion"},{"floor":38,"key":"PowerPotion"},{"floor":39,"key":"Block Potion"},{"floor":41,"key":"Explosive Potion"},{"floor":42,"key":"LiquidBronze"},{"floor":44,"key":"FairyPotion"}],"is_trial":false,"path_per_floor":["M","M","?","M","M","E","R","$","T","?","T","M","E","?","R","B",null,"M","M","?","M","$","R","M","E","T","R","M","R","?","M","R","B",null,"M","$","?","M","?","R","E","M","T","M","M"],"character_chosen":"IRONCLAD","items_purchased":["Inflame","Armaments","PrismaticShard","Vajra"],"campfire_rested":5,"item_purchase_floors":[8,8,22,36],"current_hp_per_floor":[80,79,80,80,60,37,61,61,61,60,60,61,68,68,68,44,85,77,67,85,61,61,85,71,71,71,88,67,67,67,66,91,12,91,91,91,91,91,65,91,70,56,56,39,0],"gold":178,"neow_bonus":"REMOVE_CARD","is_prod":false,"is_daily":false,"chose_seed":false,"campfire_upgraded":2,"win_rate":0.0,"timestamp":1562211328,"path_taken":["M","M","?","?","M","E","R","$","T","?","?","M","E","?","R","BOSS","M","M","?","?","$","R","M","E","T","R","M","R","?","M","R","BOSS","M","$","?","M","?","R","E","M","T","M","M"],"build_version":"2019-07-01","purchased_purges":1,"victory":false,"max_hp_per_floor":[80,80,80,80,80,80,80,80,80,80,80,80,80,80,80,85,85,85,85,85,85,85,85,88,88,88,88,91,91,91,91,91,91,91,91,91,91,91,91,91,91,91,91,91,91],"card_choices":[{"not_picked":["Thunderclap","Pommel Strike"],"picked":"Ghostly Armor","floor":1},{"not_picked":["Clothesline","Iron Wave"],"picked":"Rampage","floor":2},{"not_picked":["Impervious","Headbutt"],"picked":"Corruption","floor":4},{"not_picked":["Clothesline","Body Slam"],"picked":"Thunderclap","floor":5},{"not_picked":["True Grit","Sword Boomerang"],"picked":"Reaper","floor":6},{"not_picked":["Sword Boomerang","True Grit"],"picked":"Cleave","floor":10},{"not_picked":["Body Slam","Shrug It Off"],"picked":"Combust","floor":12},{"not_picked":["Anger","Fire Breathing"],"picked":"Combust","floor":13},{"not_picked":["Juggernaut","Brutality"],"picked":"Feed","floor":16},{"not_picked":["Bloodletting","Searing Blow"],"picked":"Pommel Strike","floor":18},{"not_picked":["True Grit+1","Clothesline"],"picked":"Twin Strike","floor":19},{"not_picked":["Battle Trance+1","Entrench"],"picked":"Rupture+1","floor":21},{"not_picked":["Coolheaded","Carnage"],"picked":"Auto Shields+1","floor":23},{"not_picked":["Heavy Blade","True Grit+1"],"picked":"Deadly Poison","floor":24},{"not_picked":["Headbutt+1","Impervious"],"picked":"Cleave+1","floor":25},{"not_picked":["Deflect","Battle Trance"],"picked":"Mind Blast","floor":27},{"not_picked":["Choke+1","Steam Power"],"picked":"Armaments+1","floor":28},{"not_picked":["Conserve Battery","Spot Weakness+1"],"picked":"Coolheaded+1","floor":31},{"not_picked":["Ball Lightning+1","Hemokinesis+1"],"picked":"Conserve Battery","floor":32},{"not_picked":["Venomology","Brutality"],"picked":"Reaper","floor":33},{"not_picked":["Blizzard","Acrobatics"],"picked":"Backstab","floor":35},{"not_picked":["Heel Hook","Flex"],"picked":"Heavy Blade+1","floor":38},{"not_picked":["Steam+1","Shrug It Off"],"picked":"Combust","floor":39},{"not_picked":["Seeing Red","Discovery+1"],"picked":"Dark Shackles+1","floor":40},{"not_picked":["Underhanded Strike+1","Thunder Strike"],"picked":"Purity","floor":41},{"not_picked":["Glacier+1","Anger"],"picked":"Deep Breath+1","floor":42},{"not_picked":["Reinforced Body","Dagger Throw+1"],"picked":"Genetic Algorithm","floor":44}],"player_experience":15442,"relics_obtained":[{"floor":6,"key":"Ornamental Fan"},{"floor":9,"key":"Matryoshka"},{"floor":10,"key":"Odd Mushroom"},{"floor":11,"key":"Regal Pillow"},{"floor":11,"key":"Dream Catcher"},{"floor":13,"key":"Pantograph"},{"floor":25,"key":"PreservedInsect"},{"floor":26,"key":"Dodecahedron"},{"floor":26,"key":"Anchor"},{"floor":39,"key":"WingedGreaves"},{"floor":41,"key":"Juzu Bracelet"},{"floor":43,"key":"Kunai"}],"event_choices":[{"damage_healed":1,"gold_gain":0,"player_choice":"Full Heal","damage_taken":0,"max_hp_gain":0,"max_hp_loss":0,"event_name":"Wheel of Change","floor":3,"gold_loss":0},{"damage_healed":0,"gold_gain":0,"player_choice":"Fought Mushrooms","damage_taken":0,"max_hp_gain":0,"max_hp_loss":0,"event_name":"Mushrooms","floor":10,"gold_loss":0},{"cards_removed":["Defend_R"],"damage_healed":0,"gold_gain":0,"player_choice":"Card Removal","damage_taken":0,"max_hp_gain":0,"max_hp_loss":0,"event_name":"The Cleric","floor":14,"gold_loss":50},{"cards_removed":["Corruption"],"damage_healed":18,"gold_gain":0,"player_choice":"Offered Uncommon","damage_taken":0,"max_hp_gain":0,"max_hp_loss":0,"event_name":"Bonfire Elementals","floor":20,"gold_loss":0},{"damage_healed":0,"gold_gain":0,"cards_transformed":["Defend_R"],"player_choice":"Transformed","damage_taken":0,"max_hp_gain":0,"max_hp_loss":0,"event_name":"Transmorgrifier","floor":30,"gold_loss":0,"cards_obtained":["Cleave"]},{"damage_healed":0,"gold_gain":0,"player_choice":"Paid","damage_taken":0,"relics_obtained":["Red Mask"],"max_hp_gain":0,"max_hp_loss":0,"event_name":"Tomb of Lord Red Mask","floor":37,"gold_loss":58},{"damage_healed":0,"gold_gain":0,"player_choice":"Fight","damage_taken":0,"max_hp_gain":0,"max_hp_loss":0,"event_name":"MindBloom","floor":39,"gold_loss":0}],"is_beta":false,"boss_relics":[{"not_picked":["Snecko Eye","Black Blood"],"picked":"Mark of Pain"},{"not_picked":["Busted Crown","Lizard Tail"],"picked":"White Beast Statue"}],"items_purged_floors":[36],"is_endless":false,"potions_floor_spawned":[2,10,12,16,19,21,25,35,38,39,41,42,44],"killed_by":"Maw","ascension_level":0}