{"gold_per_floor":[118,43,62,73,86,86,118,118,144,144,157,157,171,189,189,266,266,283,283,295,295,295,295,323,10,10,10,45,45,60,90,90,167,167,179,179,189,9,20,45,58,83,83,117,117,117,150,167,167,167,167,167,167,7,35,35],"floor_reached":57,"playtime":3867,"items_purged":["Strike_B","Strike_B"],"score":3235,"play_id":"a2be308e-8e40-42d5-a582-85b8bec52fc6","local_time":"20190601021219","is_ascension_mode":true,"campfire_choices":[{"data":"Sunder","floor":6,"key":"SMITH"},{"data":"Buffer","floor":8,"key":"SMITH"},{"data":"Genetic Algorithm","floor":10,"key":"SMITH"},{"data":"Zap","floor":12,"key":"SMITH"},{"data":"Beam Cell","floor":15,"key":"SMITH"},{"data":"Electrodynamics","floor":23,"key":"SMITH"},{"data":"Capacitor","floor":27,"key":"SMITH"},{"floor":29,"key":"REST"},{"data":"Consume","floor":32,"key":"SMITH"},{"floor":45,"key":"RECALL"},{"floor":49,"key":"REST"},{"data":"Dualcast","floor":53,"key":"SMITH"}],"neow_cost":"NONE","seed_source_timestamp":246931419459893,"circlet_count":0,"master_deck":["AscendersBane","Strike_B+1","Strike_B","Defend_B","Defend_B","Defend_B","Defend_B+1","Zap+1","Dualcast+1","Sunder+1","Conserve Battery+1","Capacitor+1","Buffer+1","Genetic Algorithm+1","Conserve Battery","Beam Cell+1","Core Surge","Electrodynamics+1","Consume+1","Storm+1","Cold Snap+1","Biased Cognition","Coolheaded+1","Go for the Eyes+1","Biased Cognition","Defragment","Coolheaded","Hologram+1","Buffer+1"],"relics":["Cracked Core","Anchor","War Paint","Bag of Preparation","Runic Pyramid","CultistMask","Bottled Tornado","Happy Flower","Gremlin Horn","OrangePellets","Singing Bowl","PreservedInsect","Cables","Black Star","Whetstone","Ornamental Fan","Strawberry","Bronze Scales","Pocketwatch","DataDisk","Frozen Egg 2","Ancient Tea Set","Thread and Needle","Oddly Smooth Stone","Centennial Puzzle"],"potions_floor_usage":[28,28,50,56],"damage_taken":[{"damage":1,"enemies":"Cultist","floor":1,"turns":3},{"damage":0,"enemies":"2 Louse","floor":3,"turns":2},{"damage":0,"enemies":"Jaw Worm","floor":4,"turns":2},{"damage":2,"enemies":"2 Fungi Beasts","floor":5,"turns":3},{"damage":27,"enemies":"Lagavulin","floor":7,"turns":8},{"damage":0,"enemies":"Looter","floor":11,"turns":3},{"damage":0,"enemies":"Red Slaver","floor":13,"turns":3},{"damage":0,"enemies":"Blue Slaver","floor":14,"turns":4},{"damage":4,"enemies":"Slime Boss","floor":16,"turns":7},{"damage":5,"enemies":"2 Thieves","floor":18,"turns":4},{"damage":0,"enemies":"Spheric Guardian","floor":20,"turns":5},{"damage":24,"enemies":"Slavers","floor":24,"turns":3},{"damage":16,"enemies":"Book of Stabbing","floor":28,"turns":5},{"damage":0,"enemies":"3 Cultists","floor":30,"turns":2},{"damage":1,"enemies":"Gremlin Leader","floor":31,"turns":3},{"damage":9,"enemies":"Automaton","floor":33,"turns":9},{"damage":0,"enemies":"Orb Walker","floor":35,"turns":3},{"damage":28,"enemies":"3 Darklings","floor":37,"turns":3},{"damage":0,"enemies":"Jaw Worm Horde","floor":39,"turns":2},{"damage":0,"enemies":"Reptomancer","floor":40,"turns":4},{"damage":0,"enemies":"4 Shapes","floor":41,"turns":2},{"damage":0,"enemies":"Nemesis","floor":42,"turns":5},{"damage":0,"enemies":"Reptomancer","floor":44,"turns":2},{"damage":0,"enemies":"Nemesis","floor":47,"turns":5},{"damage":0,"enemies":"3 Darklings","floor":48,"turns":2},{"damage":12,"enemies":"Donu and Deca","floor":50,"turns":7},{"damage":0,"enemies":"Time Eater","floor":51,"turns":13},{"damage":30,"enemies":"Shield and Spear","floor":55,"turns":4},{"damage":0,"enemies":"The Heart","floor":56,"turns":11}],"seed_played":"5283078727391193820","potions_obtained":[{"floor":4,"key":"LiquidBronze"},{"floor":5,"key":"PowerPotion"},{"floor":30,"key":"Dexterity Potion"},{"floor":31,"key":"Weak Potion"},{"floor":42,"key":"Block Potion"},{"floor":44,"key":"FairyPotion"}],"is_trial":false,"path_per_floor":["M","$","M","M","M","R","E","R","T","R","M","R","M","M","R","B",null,"M","?","M","T","?","R","E","$","T","R","E","R","M","E","R","B",null,"M","?","M","$","M","E","M","E","T","E","R","T","E","M","R","B","B",null,"R","$","E","B",null],"character_chosen":"DEFECT","items_purchased":["OrangePellets","Biased Cognition","Buffer+1","FocusPotion"],"campfire_rested":2,"item_purchase_floors":[25,38,54,54],"current_hp_per_floor":[63,63,63,63,61,61,34,34,34,34,34,34,34,34,34,30,61,56,56,56,56,56,56,32,32,32,32,16,37,39,38,38,29,62,62,62,34,34,34,36,38,45,45,47,47,47,47,49,75,63,63,82,82,82,54,54],"gold":35,"neow_bonus":"RANDOM_COMMON_RELIC","is_prod":false,"is_daily":false,"chose_seed":false,"campfire_upgraded":9,"win_rate":0,"timestamp":1559373139,"path_taken":["M","$","?","M","?","R","E","R","T","R","M","R","M","M","R","BOSS","M","?","?","?","?","R","E","$","T","R","E","R","?","E","R","BOSS","M","?","?","$","M","E","M","E","T","E","R","?","E","M","R","BOSS","BOSS","R","$","E","BOSS"],"build_version":"2019-01-23","purchased_purges":2,"victory":true,"max_hp_per_floor":[71,71,71,71,71,71,71,71,71,71,71,71,71,71,71,71,71,71,71,71,71,71,71,71,71,71,71,71,71,73,73,73,73,73,73,73,73,73,73,75,77,84,84,86,86,86,86,88,88,88,88,88,88,88,90,90],"card_choices":[{"not_picked":["Conserve Battery","Skim"],"picked":"Sunder","floor":1},{"not_picked":["Undo","Cold Snap"],"picked":"Conserve Battery","floor":3},{"not_picked":["Leap","Sweeping Beam"],"picked":"Capacitor","floor":4},{"not_picked":["Conserve Battery","Redo"],"picked":"Buffer","floor":5},{"not_picked":["Redo","Reinforced Body"],"picked":"Genetic Algorithm","floor":7},{"not_picked":["Blizzard","Stack"],"picked":"Conserve Battery","floor":11},{"not_picked":["Conserve Battery","Stack"],"picked":"Beam Cell","floor":13},{"not_picked":["Capacitor","Rebound"],"picked":"Core Surge","floor":14},{"not_picked":["Thunder Strike","Reboot"],"picked":"Electrodynamics","floor":16},{"not_picked":["Compile Driver","Lockon","Skim"],"picked":"SKIP","floor":18},{"not_picked":["Loop","Conserve Battery"],"picked":"Consume","floor":20},{"not_picked":["Compile Driver","FTL","Creative AI"],"picked":"SKIP","floor":24},{"not_picked":["Loop","Turbo"],"picked":"Storm+1","floor":28},{"not_picked":["Skim","Darkness","Compile Driver"],"picked":"Singing Bowl","floor":30},{"not_picked":["Stack","Streamline"],"picked":"Cold Snap","floor":31},{"not_picked":["Buffer","Machine Learning"],"picked":"Biased Cognition","floor":33},{"not_picked":["Static Discharge+1","Skim"],"picked":"Coolheaded+1","floor":35},{"not_picked":["Leap","Lockon"],"picked":"Go for the Eyes+1","floor":37},{"not_picked":["Auto Shields+1","Reinforced Body+1"],"picked":"Defragment","floor":39},{"not_picked":["Hello World","Sweeping Beam+1","Compile Driver"],"picked":"Singing Bowl","floor":40},{"not_picked":["Darkness+1","Stack+1","Redo"],"picked":"Singing Bowl","floor":41},{"not_picked":["Seek","Scrape"],"picked":"Coolheaded","floor":42},{"not_picked":["Steam","Cold Snap","Force Field"],"picked":"Singing Bowl","floor":44},{"not_picked":["Storm+1","Rebound+1"],"picked":"Hologram+1","floor":47},{"not_picked":["Lockon","Redo","Aggregate"],"picked":"Singing Bowl","floor":48},{"not_picked":["Reinforced Body","Leap","Heatsinks+1"],"picked":"Singing Bowl","floor":55}],"player_experience":1638605,"relics_obtained":[{"floor":7,"key":"War Paint"},{"floor":9,"key":"Bag of Preparation"},{"floor":21,"key":"Bottled Tornado"},{"floor":22,"key":"Happy Flower"},{"floor":24,"key":"Gremlin Horn"},{"floor":26,"key":"Singing Bowl"},{"floor":28,"key":"PreservedInsect"},{"floor":31,"key":"Cables"},{"floor":40,"key":"Whetstone"},{"floor":40,"key":"Ornamental Fan"},{"floor":42,"key":"Strawberry"},{"floor":42,"key":"Bronze Scales"},{"floor":44,"key":"Pocketwatch"},{"floor":44,"key":"DataDisk"},{"floor":46,"key":"Frozen Egg 2"},{"floor":47,"key":"Ancient Tea Set"},{"floor":47,"key":"Thread and Needle"},{"floor":55,"key":"Oddly Smooth Stone"},{"floor":55,"key":"Centennial Puzzle"}],"event_choices":[{"damage_healed":0,"gold_gain":0,"player_choice":"Trade","damage_taken":0,"relics_obtained":["CultistMask"],"max_hp_gain":0,"max_hp_loss":0,"event_name":"FaceTrader","floor":19,"gold_loss":0},{"damage_healed":0,"gold_gain":0,"player_choice":"Relic","damage_taken":0,"max_hp_gain":0,"max_hp_loss":0,"event_name":"Wheel of Change","floor":22,"gold_loss":0},{"damage_healed":0,"gold_gain":0,"player_choice":"0 cards matched","damage_taken":0,"max_hp_gain":0,"max_hp_loss":0,"event_name":"Match and Keep!","floor":36,"gold_loss":0,"cards_obtained":[]}],"is_beta":false,"boss_relics":[{"not_picked":["Philosopher\u0027s Stone","Lizard Tail"],"picked":"Runic Pyramid"},{"not_picked":["Empty Cage","Coffee Dripper"],"picked":"Black Star"}],"items_purged_floors":[2,25],"is_endless":false,"potions_floor_spawned":[4,5,11,14,24,30,31,33,35,39,41,42,44,55],"ascension_level":20}