{"gold_per_floor":[116,136,136,136,152,185,30,40,66,79,92,92,127,145,145,249,249,263,106,381,24,40,66,82,108,131,131,131,163,173,193,193,193],"floor_reached":33,"playtime":6247,"items_purged":["Strike_G","Strike_G"],"score":369,"play_id":"ca1cb3b8-cd5d-4d41-8c8b-4200841045d1","local_time":"20190615010627","is_ascension_mode":false,"campfire_choices":[{"floor":12,"key":"REST"},{"data":"Noxious Fumes","floor":15,"key":"SMITH"},{"floor":27,"key":"REST"},{"floor":32,"key":"REST"}],"neow_cost":"NONE","seed_source_timestamp":85762489047209,"circlet_count":0,"master_deck":["Defend_G","Defend_G","Defend_G+1","Defend_G","Defend_G","Strike_G","Strike_G","Survivor","Neutralize","Underhanded Strike","Backflip+1","Poisoned Stab","Dagger Throw","Die Die Die","Noxious Fumes+1","Poisoned Stab","Poisoned Stab","Bane","Malaise","Die Die Die","Masterful Stab","Expertise","Poisoned Stab","Regret","Distraction","Footwork","Unload","Deflect","Acrobatics","Deadly Poison+1","Deflect","Footwork","Footwork","Deadly Poison","Choke+1"],"relics":["Ring of the Snake","Centennial Puzzle","War Paint","Anchor","Fusion Hammer","Ornamental Fan","Snake Skull","Regal Pillow","Bottled Flame"],"potions_floor_usage":[6,13,13,16,22,23,23,33,33],"damage_taken":[{"damage":0,"enemies":"Jaw Worm","floor":1,"turns":5},{"damage":3,"enemies":"2 Louse","floor":2,"turns":5},{"damage":0,"enemies":"Cultist","floor":5,"turns":4},{"damage":35,"enemies":"3 Sentries","floor":6,"turns":15},{"damage":1,"enemies":"Exordium Wildlife","floor":8,"turns":3},{"damage":0,"enemies":"Lots of Slimes","floor":10,"turns":2},{"damage":3,"enemies":"Exordium Thugs","floor":11,"turns":3},{"damage":6,"enemies":"Gremlin Nob","floor":13,"turns":4},{"damage":0,"enemies":"Large Slime","floor":14,"turns":5},{"damage":10,"enemies":"Slime Boss","floor":16,"turns":10},{"damage":2,"enemies":"Shell Parasite","floor":18,"turns":3},{"damage":1,"enemies":"Chosen","floor":22,"turns":4},{"damage":15,"enemies":"Book of Stabbing","floor":23,"turns":6},{"damage":8,"enemies":"Snecko","floor":24,"turns":5},{"damage":14,"enemies":"Slavers","floor":25,"turns":3},{"damage":27,"enemies":"Book of Stabbing","floor":29,"turns":7},{"damage":6,"enemies":"Cultist and Chosen","floor":30,"turns":5},{"damage":4,"enemies":"3 Cultists","floor":31,"turns":7},{"damage":72,"enemies":"Automaton","floor":33,"turns":6}],"seed_played":"6195385745087882191","potions_obtained":[{"floor":2,"key":"GamblersBrew"},{"floor":6,"key":"PowerPotion"},{"floor":10,"key":"GhostInAJar"},{"floor":11,"key":"Block Potion"},{"floor":13,"key":"EssenceOfSteel"},{"floor":16,"key":"Fire Potion"},{"floor":18,"key":"Dexterity Potion"},{"floor":29,"key":"Strength Potion"},{"floor":30,"key":"Swift Potion"}],"is_trial":false,"path_per_floor":["M","M","?","?","M","E","$","M","T","M","M","R","E","M","R","B",null,"M","$","?","$","M","E","M","E","T","R","?","E","M","M","R","B"],"character_chosen":"THE_SILENT","items_purchased":["Die Die Die","Expertise","Poisoned Stab","Distraction","Footwork","Unload"],"campfire_rested":3,"item_purchase_floors":[7,19,19,21,21,21],"current_hp_per_floor":[70,67,72,72,72,37,37,36,36,36,33,55,49,49,49,39,75,73,73,73,73,72,57,49,35,35,72,72,45,39,35,72,0],"gold":193,"neow_bonus":"REMOVE_CARD","is_prod":false,"is_daily":false,"chose_seed":false,"campfire_upgraded":1,"win_rate":1,"timestamp":1560575187,"path_taken":["M","M","?","?","M","E","$","M","T","?","M","R","E","M","R","BOSS","M","$","?","$","?","E","M","E","T","R","?","E","M","M","R","BOSS"],"build_version":"2019-01-23","purchased_purges":2,"victory":false,"max_hp_per_floor":[70,70,75,75,75,75,75,75,75,75,75,75,75,75,75,75,75,75,75,75,75,75,75,75,75,75,75,75,75,75,75,75,75],"card_choices":[{"not_picked":["Bane","Quick Slash"],"picked":"Underhanded Strike","floor":1},{"not_picked":["Outmaneuver","Sucker Punch"],"picked":"Backflip","floor":2},{"not_picked":["Malaise","Bane"],"picked":"Poisoned Stab","floor":5},{"not_picked":["Skewer","Reflex"],"picked":"Dagger Throw","floor":6},{"not_picked":["Deadly Poison","Dodge and Roll"],"picked":"Noxious Fumes","floor":8},{"not_picked":["Backflip","Acrobatics"],"picked":"Poisoned Stab","floor":10},{"not_picked":["Bane","Blade Dance"],"picked":"Poisoned Stab","floor":11},{"not_picked":["Riddle With Holes","Sucker Punch"],"picked":"Bane","floor":13},{"not_picked":["Expertise","Dash"],"picked":"Malaise","floor":14},{"not_picked":["Bullet Time","Wraith Form v2"],"picked":"Die Die Die","floor":16},{"not_picked":["Backflip","Blade Dance"],"picked":"Masterful Stab","floor":18},{"not_picked":["Backflip","PiercingWail"],"picked":"Deflect","floor":22},{"not_picked":["Backflip","Prepared"],"picked":"Acrobatics","floor":23},{"not_picked":["Poisoned Stab","Dagger Throw+1"],"picked":"Deadly Poison+1","floor":24},{"not_picked":["Bullet Time","Poisoned Stab"],"picked":"Deflect","floor":25},{"not_picked":["Escape Plan+1","Poisoned Stab"],"picked":"Footwork","floor":29},{"not_picked":["PiercingWail","Infinite Blades"],"picked":"Deadly Poison","floor":30},{"not_picked":["Blade Dance","Leg Sweep"],"picked":"Choke+1","floor":31}],"player_experience":57469,"relics_obtained":[{"floor":6,"key":"Centennial Puzzle"},{"floor":9,"key":"War Paint"},{"floor":13,"key":"Anchor"},{"floor":23,"key":"Ornamental Fan"},{"floor":25,"key":"Snake Skull"},{"floor":26,"key":"Regal Pillow"},{"floor":29,"key":"Bottled Flame"}],"event_choices":[{"damage_healed":0,"gold_gain":0,"player_choice":"Donut","damage_taken":0,"max_hp_gain":5,"max_hp_loss":0,"event_name":"Big Fish","floor":3,"gold_loss":0},{"damage_healed":0,"gold_gain":0,"player_choice":"Ignored","damage_taken":0,"max_hp_gain":0,"max_hp_loss":0,"event_name":"NoteForYourself","floor":4,"gold_loss":0},{"damage_healed":0,"gold_gain":275,"player_choice":"Desecrate","damage_taken":0,"max_hp_gain":0,"max_hp_loss":0,"event_name":"Golden Shrine","floor":20,"gold_loss":0,"cards_obtained":["Regret"]},{"damage_healed":0,"gold_gain":0,"player_choice":"Read","damage_taken":0,"max_hp_gain":0,"max_hp_loss":0,"event_name":"The Library","floor":28,"gold_loss":0,"cards_obtained":["Footwork"]}],"is_beta":false,"boss_relics":[{"not_picked":["HoveringKite","Tiny House"],"picked":"Fusion Hammer"}],"items_purged_floors":[19,21],"is_endless":false,"potions_floor_spawned":[2,6,10,11,13,16,18,29,30],"killed_by":"Automaton","ascension_level":0}