{"gold_per_floor":[109,121,134,146,156,156,156,156,206,206,206,206,227,246,246,376,376,360,384,397,412,592,592,606,606,606,101,101,119,160,181,181,302,302,315,7,7,28,28,28,28,62,112,112,183,199,199,218,218,218],"floor_reached":50,"playtime":4654,"items_purged":["Doubt"],"score":538,"play_id":"096bed1d-709a-48a4-992b-1254e0a076cf","local_time":"20190708225611","is_ascension_mode":false,"campfire_choices":[{"data":"Noxious Fumes","floor":6.0,"key":"SMITH"},{"data":"Backflip","floor":8.0,"key":"SMITH"},{"data":"Acrobatics","floor":10.0,"key":"SMITH"},{"data":"Leg Sweep","floor":12.0,"key":"SMITH"},{"data":"Dodge and Roll","floor":15.0,"key":"SMITH"},{"data":"Wraith Form v2","floor":23.0,"key":"SMITH"},{"data":"Night Terror","floor":25.0,"key":"SMITH"},{"data":"Apotheosis","floor":28.0,"key":"SMITH"},{"floor":32.0,"key":"RECALL"},{"data":"Madness","floor":40.0,"key":"SMITH"},{"data":"Madness","floor":44.0,"key":"SMITH"},{"data":"Backflip","floor":47.0,"key":"SMITH"},{"data":"Well Laid Plans","floor":49.0,"key":"SMITH"}],"neow_cost":"NONE","seed_source_timestamp":0,"circlet_count":0,"master_deck":["Strike_G","Strike_G","Strike_G","Strike_G","Defend_G","Defend_G","Defend_G","Defend_G","Defend_G","Survivor","Neutralize","Acrobatics+1","Leg Sweep+1","Noxious Fumes+1","Backflip+1","Poisoned Stab","Sucker Punch+1","Wraith Form v2+1","Concentrate","Well Laid Plans+1","Reaper+1","Dodge and Roll+1","Deadly Poison","Night Terror+1","Poisoned Stab+1","Blur+1","Endless Agony+1","Apotheosis+1","Outmaneuver+1","Backflip+1","Venomology","Corpse Explosion","Backflip+1","Deflect","Madness+1","Madness+1","Outmaneuver+1","Deflect+1","Injury","Blur","PiercingWail+1"],"special_seed":0,"relics":["Orrery","Golden Idol","Orichalcum","Cursed Key","Kunai","Letter Opener","Coffee Dripper","Frozen Egg 2","SsserpentHead","Whetstone","Bag of Preparation"],"potions_floor_usage":[],"damage_taken":[{"damage":0.0,"enemies":"Jaw Worm","floor":1.0,"turns":5.0},{"damage":0.0,"enemies":"2 Louse","floor":2.0,"turns":3.0},{"damage":0.0,"enemies":"Cultist","floor":3.0,"turns":4.0},{"damage":2.0,"enemies":"Large Slime","floor":4.0,"turns":7.0},{"damage":4.0,"enemies":"Red Slaver","floor":5.0,"turns":5.0},{"damage":15.0,"enemies":"Lots of Slimes","floor":13.0,"turns":3.0},{"damage":0.0,"enemies":"Looter","floor":14.0,"turns":5.0},{"damage":45.0,"enemies":"Hexaghost","floor":16.0,"turns":11.0},{"damage":6.0,"enemies":"2 Thieves","floor":18.0,"turns":4.0},{"damage":2.0,"enemies":"Shell Parasite","floor":19.0,"turns":6.0},{"damage":25.0,"enemies":"Snake Plant","floor":20.0,"turns":8.0},{"damage":5.0,"enemies":"Centurion and Healer","floor":21.0,"turns":9.0},{"damage":0.0,"enemies":"Chosen and Byrds","floor":24.0,"turns":9.0},{"damage":0.0,"enemies":"Snake Plant","floor":29.0,"turns":5.0},{"damage":31.0,"enemies":"Slavers","floor":30.0,"turns":8.0},{"damage":14.0,"enemies":"Shelled Parasite and Fungi","floor":31.0,"turns":7.0},{"damage":8.0,"enemies":"Champ","floor":33.0,"turns":13.0},{"damage":19.0,"enemies":"3 Darklings","floor":35.0,"turns":4.0},{"damage":17.0,"enemies":"Orb Walker","floor":38.0,"turns":5.0},{"damage":18.0,"enemies":"Nemesis","floor":42.0,"turns":11.0},{"damage":3.0,"enemies":"Spire Growth","floor":45.0,"turns":7.0},{"damage":10.0,"enemies":"4 Shapes","floor":46.0,"turns":5.0},{"damage":7.0,"enemies":"Writhing Mass","floor":48.0,"turns":7.0},{"damage":16,"enemies":"Awakened One","floor":50,"turns":3}],"seed_played":"-5578896812973547414","potions_obtained":[{"floor":1.0,"key":"FearPotion"},{"floor":4.0,"key":"Poison Potion"},{"floor":13.0,"key":"Fruit Juice"},{"floor":19.0,"key":"Swift Potion"},{"floor":29.0,"key":"FearPotion"},{"floor":31.0,"key":"Strength Potion"},{"floor":33.0,"key":"EssenceOfSteel"},{"floor":38.0,"key":"SteroidPotion"}],"is_trial":false,"path_per_floor":["M","M","M","M","M","R","?","R","T","R","?","R","M","M","R","B",null,"M","M","M","M","?","R","M","R","T","$","R","M","E","M","R","B",null,"M","$","?","M","?","R","?","E","T","R","M","M","R","M","R","B"],"character_chosen":"THE_SILENT","items_purchased":["Apotheosis","Kunai","Frozen Egg 2","Deflect"],"campfire_rested":0,"item_purchase_floors":[27,27,36,36],"current_hp_per_floor":[70,70,70,68,64,64,47,47,47,47,47,47,55,65,65,25,75,69,67,45,50,29,29,39,39,39,39,39,39,23,9,9,6,75,56,56,47,35,35,35,35,27,27,27,29,19,19,15,15,0],"gold":218,"neow_bonus":"BOSS_RELIC","is_prod":false,"is_daily":false,"chose_seed":false,"campfire_upgraded":12,"win_rate":0,"timestamp":1562594171,"path_taken":["M","M","M","M","M","R","?","R","T","R","?","R","M","M","R","BOSS","M","?","M","M","?","R","?","R","T","?","R","M","E","M","R","BOSS","M","$","?","M","?","R","?","E","T","R","?","M","R","M","R","BOSS"],"build_version":"2019-07-05","purchased_purges":1,"victory":false,"max_hp_per_floor":[70,70,70,70,70,70,70,70,70,70,70,70,70,75,75,75,75,75,75,75,75,75,75,75,75,75,75,75,75,75,75,75,75,75,75,75,75,75,75,75,75,75,75,75,75,75,75,75,75,75],"card_choices":[{"not_picked":["Dagger Spray","Bane"],"picked":"Acrobatics","floor":0.0},{"not_picked":["Dagger Throw","Sucker Punch"],"picked":"Leg Sweep","floor":0.0},{"not_picked":["Acrobatics","Dagger Spray"],"picked":"Noxious Fumes","floor":0.0},{"not_picked":["Noxious Fumes","Prepared"],"picked":"Backflip","floor":0.0},{"not_picked":["Accuracy","Skewer"],"picked":"Poisoned Stab","floor":1.0},{"not_picked":["Dagger Spray","Prepared"],"picked":"Sucker Punch","floor":2.0},{"not_picked":["Distraction","Deflect"],"picked":"Wraith Form v2","floor":3.0},{"not_picked":["All Out Attack","Blade Dance"],"picked":"Concentrate","floor":4.0},{"not_picked":["Flying Knee","Bane"],"picked":"Well Laid Plans","floor":5.0},{"not_picked":["Poisoned Stab","Phantasmal Killer"],"picked":"Dodge and Roll","floor":13.0},{"not_picked":["Blade Dance","Terror"],"picked":"Deadly Poison","floor":14.0},{"not_picked":["Glass Knife","A Thousand Cuts"],"picked":"Night Terror","floor":16.0},{"not_picked":["Underhanded Strike","Caltrops"],"picked":"Poisoned Stab","floor":18.0},{"not_picked":["Dagger Throw","Underhanded Strike"],"picked":"Blur+1","floor":19.0},{"not_picked":["Tactician+1","Cloak And Dagger","Setup"],"picked":"SKIP","floor":20.0},{"not_picked":["Dagger Spray","Cloak And Dagger"],"picked":"Endless Agony+1","floor":21.0},{"not_picked":["Cloak And Dagger","Setup","Dagger Spray+1"],"picked":"SKIP","floor":24.0},{"not_picked":["Flying Knee","Tactician"],"picked":"Outmaneuver+1","floor":29.0},{"not_picked":["Quick Slash","Dash"],"picked":"Backflip+1","floor":30.0},{"not_picked":["Slice","Infinite Blades"],"picked":"Venomology","floor":31.0},{"not_picked":["Doppelganger","Adrenaline"],"picked":"Corpse Explosion","floor":33.0},{"not_picked":["Slice+1","Dagger Throw+1"],"picked":"Backflip","floor":35.0},{"not_picked":["Bane","Caltrops+1"],"picked":"Outmaneuver+1","floor":38.0},{"not_picked":["Masterful Stab+1","Choke+1"],"picked":"Deflect+1","floor":42.0},{"not_picked":["Dodge and Roll","Cloak And Dagger+1"],"picked":"Blur","floor":45.0},{"not_picked":["Prepared+1","Eviscerate+1","Sucker Punch"],"picked":"SKIP","floor":46.0},{"not_picked":["Flying Knee","Dodge and Roll"],"picked":"PiercingWail+1","floor":48.0}],"player_experience":108692,"relics_obtained":[{"floor":9.0,"key":"Orichalcum"},{"floor":30.0,"key":"Letter Opener"},{"floor":42.0,"key":"Whetstone"},{"floor":43.0,"key":"Bag of Preparation"}],"event_choices":[{"damage_healed":0.0,"max_hp_gain":0.0,"max_hp_loss":0.0,"gold_gain":0.0,"event_name":"Golden Idol","player_choice":"Take Damage","floor":7.0,"gold_loss":0.0,"damage_taken":17.0,"relics_obtained":["Golden Idol"]},{"cards_removed":["Strike_G"],"damage_healed":0.0,"max_hp_gain":0.0,"max_hp_loss":0.0,"gold_gain":0.0,"event_name":"NoteForYourself","player_choice":"Took Card","floor":11.0,"gold_loss":0.0,"damage_taken":0.0,"cards_obtained":["Reaper"]},{"damage_healed":0.0,"max_hp_gain":0.0,"max_hp_loss":0.0,"gold_gain":180.0,"event_name":"Knowing Skull","player_choice":"GOLD GOLD ","floor":22.0,"potions_obtained":[],"gold_loss":0.0,"damage_taken":21.0,"cards_obtained":[]},{"damage_healed":0.0,"max_hp_gain":0.0,"max_hp_loss":0.0,"gold_gain":0.0,"event_name":"Winding Halls","player_choice":"Embrace Madness","floor":37.0,"gold_loss":0.0,"damage_taken":9.0,"cards_obtained":["Madness","Madness"]},{"damage_healed":0.0,"max_hp_gain":0.0,"max_hp_loss":0.0,"gold_gain":0.0,"event_name":"SensoryStone","player_choice":"Memory 1","floor":39.0,"gold_loss":0.0,"damage_taken":0.0},{"damage_healed":0.0,"max_hp_gain":0.0,"max_hp_loss":0.0,"gold_gain":0.0,"event_name":"FaceTrader","player_choice":"Trade","floor":41.0,"gold_loss":0.0,"damage_taken":0.0,"relics_obtained":["SsserpentHead"]}],"is_beta":false,"boss_relics":[{"not_picked":["Black Star","Runic Dome"],"picked":"Cursed Key"},{"not_picked":["Fusion Hammer","Philosopher\u0027s Stone"],"picked":"Coffee Dripper"}],"items_purged_floors":[27],"is_endless":false,"potions_floor_spawned":[1,4,13,19,21,29,31,33,38,48],"killed_by":"Awakened One","ascension_level":0}