{"gold_per_floor":[112,112,123,123,138,138,148,166,190,218,252,264,19,37,37,138,138,152,166,166],"floor_reached":20,"playtime":1754,"items_purged":[],"score":178,"play_id":"e3555dff-e4f9-4341-9950-0d865b74c0b8","local_time":"20190704171633","is_ascension_mode":false,"campfire_choices":[{"data":"Blade Dance","floor":6,"key":"SMITH"},{"floor":15,"key":"REST"}],"neow_cost":"PERCENT_DAMAGE","seed_source_timestamp":1530691379180500,"circlet_count":0,"master_deck":["Strike_G","Strike_G","Strike_G+1","Strike_G+1","Strike_G","Defend_G","Defend_G","Defend_G","Defend_G","Defend_G","Survivor","Neutralize","PiercingWail","Choke+1","Blade Dance+1","Prepared","Infinite Blades","Night Terror","Caltrops","Blur","All Out Attack","Acrobatics","Skewer","Dodge and Roll","Night Terror","Dagger Spray","All Out Attack"],"relics":["Ring of the Snake","Whetstone","Odd Mushroom","Dream Catcher","Bronze Scales","Black Star"],"potions_floor_usage":[14,16,18,20],"damage_taken":[{"damage":2,"enemies":"Small Slimes","floor":1,"turns":4},{"damage":0,"enemies":"Cultist","floor":3,"turns":4},{"damage":0,"enemies":"2 Louse","floor":5,"turns":2},{"damage":3,"enemies":"Red Slaver","floor":7,"turns":3},{"damage":0,"enemies":"2 Fungi Beasts","floor":8,"turns":2},{"damage":6,"enemies":"The Mushroom Lair","floor":10,"turns":4},{"damage":27,"enemies":"Gremlin Nob","floor":11,"turns":4},{"damage":4,"enemies":"Looter","floor":12,"turns":4},{"damage":15,"enemies":"Gremlin Gang","floor":14,"turns":5},{"damage":32,"enemies":"The Guardian","floor":16,"turns":8},{"damage":48,"enemies":"Chosen","floor":18,"turns":7},{"damage":17,"enemies":"3 Byrds","floor":19,"turns":4},{"damage":30,"enemies":"3 Cultists","floor":20,"turns":3}],"seed_played":"9051697589602196196","potions_obtained":[{"floor":7,"key":"FearPotion"},{"floor":10,"key":"Energy Potion"},{"floor":11,"key":"FairyPotion"},{"floor":12,"key":"EssenceOfSteel"},{"floor":16,"key":"Weak Potion"},{"floor":19,"key":"Weak Potion"}],"is_trial":false,"path_per_floor":["M","?","M","?","M","R","M","M","T","?","E","M","$","M","R","B",null,"M","M","M"],"character_chosen":"THE_SILENT","items_purchased":["All Out Attack","Acrobatics","Bronze Scales"],"campfire_rested":1,"item_purchase_floors":[13,13,13],"current_hp_per_floor":[47,80,80,80,80,80,77,77,77,71,44,40,40,25,49,17,80,32,15,0],"gold":166,"neow_bonus":"THREE_RARE_CARDS","is_prod":false,"is_daily":false,"chose_seed":false,"campfire_upgraded":1,"win_rate":0.0,"timestamp":1562274993,"path_taken":["M","?","?","?","M","R","M","?","T","?","E","M","$","M","R","BOSS","M","M","M"],"build_version":"2019-07-01","purchased_purges":0,"victory":false,"max_hp_per_floor":[70,80,80,80,80,80,80,80,80,80,80,80,80,80,80,80,80,80,80,80],"card_choices":[{"not_picked":["Bullet Time","Wraith Form v2"],"picked":"Phantasmal Killer","floor":0},{"not_picked":["Prepared","Tactician"],"picked":"PiercingWail","floor":1},{"not_picked":["Calculated Gamble","Underhanded Strike"],"picked":"Choke","floor":3},{"not_picked":["Sucker Punch","Prepared"],"picked":"Blade Dance","floor":5},{"not_picked":["Sucker Punch","Bane"],"picked":"Prepared","floor":7},{"not_picked":["Flying Knee","Dagger Throw"],"picked":"Infinite Blades","floor":8},{"not_picked":["Dagger Throw","Tactician"],"picked":"Night Terror","floor":10},{"not_picked":["Wraith Form v2","Bouncing Flask"],"picked":"Caltrops","floor":11},{"not_picked":["Quick Slash","Predator"],"picked":"Blur","floor":12},{"not_picked":["Backflip","Bane"],"picked":"Skewer","floor":14},{"not_picked":["Blade Dance","Sucker Punch"],"picked":"Dodge and Roll","floor":15},{"not_picked":["Die Die Die","Bullet Time"],"picked":"Night Terror","floor":16},{"not_picked":["Outmaneuver","Slice+1"],"picked":"Dagger Spray","floor":18},{"not_picked":["Reflex","Tactician"],"picked":"All Out Attack","floor":19}],"player_experience":42760,"relics_obtained":[{"floor":9,"key":"Whetstone"},{"floor":10,"key":"Odd Mushroom"},{"floor":11,"key":"Dream Catcher"}],"event_choices":[{"cards_removed":["Phantasmal Killer"],"damage_healed":23,"gold_gain":0,"player_choice":"Offered Rare","damage_taken":0,"max_hp_gain":10,"max_hp_loss":0,"event_name":"Bonfire Elementals","floor":2,"gold_loss":0},{"damage_healed":0,"gold_gain":0,"player_choice":"Upgraded","damage_taken":0,"max_hp_gain":0,"max_hp_loss":0,"event_name":"Upgrade Shrine","floor":4,"gold_loss":0,"cards_upgraded":["Choke"]},{"damage_healed":0,"gold_gain":0,"player_choice":"Fought Mushrooms","damage_taken":0,"max_hp_gain":0,"max_hp_loss":0,"event_name":"Mushrooms","floor":10,"gold_loss":0}],"is_beta":false,"boss_relics":[{"not_picked":["Runic Dome","Empty Cage"],"picked":"Black Star"}],"items_purged_floors":[],"is_endless":false,"potions_floor_spawned":[7,10,11,12,16,19],"killed_by":"3 Cultists","ascension_level":0}