{"gold_per_floor":[112,35,35,55,130,156,156,156,224,253,265,265,42,62,62,62],"floor_reached":16,"playtime":600,"items_purged":[],"score":266,"play_id":"2fbd6f4b-469e-4950-b5c7-89ad0f3d362f","local_time":"20190701203310","is_ascension_mode":true,"campfire_choices":[{"data":"Blood for Blood","floor":7,"key":"SMITH"},{"floor":12,"key":"REST"},{"floor":15,"key":"REST"}],"neow_cost":"NONE","seed_source_timestamp":639641405991011,"circlet_count":0,"master_deck":["AscendersBane","Strike_R","Strike_R","Strike_R","Strike_R","Strike_R+1","Defend_R","Defend_R","Defend_R","Defend_R","Bash+1","Blood for Blood+1","Offering","Limit Break","Clothesline","Disarm","Apotheosis","Metallicize","True Grit"],"relics":["Burning Blood","NeowsBlessing","Paper Frog","Mummified Hand","Kunai"],"potions_floor_usage":[10],"damage_taken":[{"damage":0,"enemies":"Cultist","floor":1,"turns":1},{"damage":0,"enemies":"2 Louse","floor":4,"turns":1},{"damage":0,"enemies":"Gremlin Nob","floor":6,"turns":1},{"damage":61,"enemies":"3 Sentries","floor":10,"turns":14},{"damage":7,"enemies":"Small Slimes","floor":11,"turns":3},{"damage":27,"enemies":"Gremlin Gang","floor":14,"turns":5},{"damage":39,"enemies":"Hexaghost","floor":16,"turns":11}],"seed_played":"-5112242885871554242","potions_obtained":[{"floor":4,"key":"Regen Potion"},{"floor":6,"key":"Dexterity Potion"},{"floor":14,"key":"Fire Potion"}],"is_trial":false,"path_per_floor":["M","$","?","M","?","E","R","?","T","E","M","R","$","M","R","B"],"character_chosen":"IRONCLAD","items_purchased":["Blood for Blood","Apotheosis","Metallicize"],"campfire_rested":2,"item_purchase_floors":[2,13,13],"current_hp_per_floor":[74,74,51,57,46,52,52,52,52,12,11,33,33,12,34,0],"gold":62,"neow_bonus":"THREE_ENEMY_KILL","is_prod":false,"is_daily":false,"chose_seed":false,"campfire_upgraded":1,"win_rate":0,"timestamp":1562031190,"path_taken":["M","$","?","M","?","E","R","?","T","E","M","R","$","M","R","BOSS"],"build_version":"2019-06-30","purchased_purges":0,"victory":false,"max_hp_per_floor":[75,75,75,75,75,75,75,75,75,75,75,75,75,75,75,75],"card_choices":[{"not_picked":["Warcry","Sentinel","Flex"],"picked":"SKIP","floor":1},{"not_picked":["Havoc","Perfected Strike","Intimidate"],"picked":"SKIP","floor":4},{"not_picked":["Clash","Sever Soul"],"picked":"Offering","floor":6},{"not_picked":["Flex","Headbutt"],"picked":"Clothesline","floor":10},{"not_picked":["Entrench","Uppercut"],"picked":"Disarm","floor":11},{"not_picked":["Iron Wave","Burning Pact"],"picked":"True Grit","floor":14}],"player_experience":1635594,"relics_obtained":[{"floor":6,"key":"Paper Frog"},{"floor":9,"key":"Mummified Hand"},{"floor":10,"key":"Kunai"}],"event_choices":[{"damage_healed":0,"gold_gain":0,"player_choice":"Entered Light","damage_taken":23,"max_hp_gain":0,"max_hp_loss":0,"event_name":"Shining Light","floor":3,"gold_loss":0,"cards_upgraded":["Bash","Strike_R"]},{"damage_healed":0,"gold_gain":75,"player_choice":"Gather Gold","damage_taken":11,"max_hp_gain":0,"max_hp_loss":0,"event_name":"World of Goop","floor":5,"gold_loss":0},{"damage_healed":0,"gold_gain":0,"player_choice":"1 cards matched","damage_taken":0,"max_hp_gain":0,"max_hp_loss":0,"event_name":"Match and Keep!","floor":8,"gold_loss":0,"cards_obtained":["Limit Break"]}],"is_beta":true,"boss_relics":[],"items_purged_floors":[],"is_endless":false,"potions_floor_spawned":[4,6,14],"killed_by":"Hexaghost","ascension_level":20}