{"gold_per_floor":[114,127,138,138,20,20,20,48,94,114,114,114,139,159,159,257,257,273,373,37,49,68,101,118,136,136,147,159,194,194,210,210,314,314,330,379,13,13,25,25,60,60,60,60,79,89,99,112,112,112,112,112,51,80,80],"floor_reached":55,"playtime":6865,"items_purged":["Strike_R"],"score":1130,"play_id":"78bb2a7d-4d63-4967-af0c-0729e92370fa","local_time":"20190705235054","is_ascension_mode":true,"campfire_choices":[{"data":"Armaments","floor":7.0,"key":"SMITH"},{"data":"Uppercut","floor":12.0,"key":"SMITH"},{"data":"Bludgeon","floor":15.0,"key":"SMITH"},{"floor":30.0,"key":"REST"},{"floor":32.0,"key":"RECALL"},{"floor":40.0,"key":"REST"},{"floor":42.0,"key":"REST"},{"data":"1","floor":44.0,"key":"LIFT"},{"floor":49,"key":"REST"},{"data":"2","floor":52,"key":"LIFT"}],"neow_cost":"NONE","seed_source_timestamp":1894582776016191,"circlet_count":0,"master_deck":["AscendersBane","Strike_R","Strike_R+1","Strike_R","Strike_R","Defend_R","Defend_R","Defend_R","Defend_R","Bash+1","Uppercut+1","True Grit","Feel No Pain","Armaments+1","Bludgeon+1","Ghostly Armor","Shrug It Off","Barricade","Shrug It Off","Ghostly Armor","Wild Strike+1","Uppercut","Sentinel+1","Shrug It Off","Warcry","Feel No Pain+1","Offering","Battle Trance+1","Clothesline+1","Ghostly Armor+1","Burning Pact+1","Body Slam+1","Sword Boomerang+1","Shrug It Off+1","Spot Weakness+1","Double Tap+1"],"special_seed":0,"relics":["Burning Blood","Lantern","Art of War","Vajra","The Courier","Ancient Tea Set","Fusion Hammer","ClockworkSouvenir","Happy Flower","Whetstone","Orichalcum","Dodecahedron","Sozu","Bottled Tornado","Medical Kit","Toxic Egg 2","Girya","Pear","Centennial Puzzle"],"potions_floor_usage":[55],"damage_taken":[{"damage":10.0,"enemies":"Cultist","floor":1.0,"turns":5.0},{"damage":0.0,"enemies":"2 Louse","floor":2.0,"turns":3.0},{"damage":6.0,"enemies":"Jaw Worm","floor":3.0,"turns":4.0},{"damage":11.0,"enemies":"Lagavulin","floor":8.0,"turns":10.0},{"damage":3.0,"enemies":"Looter","floor":10.0,"turns":2.0},{"damage":14.0,"enemies":"3 Sentries","floor":13.0,"turns":7.0},{"damage":0.0,"enemies":"Red Slaver","floor":14.0,"turns":4.0},{"damage":10.0,"enemies":"The Guardian","floor":16.0,"turns":10.0},{"damage":3.0,"enemies":"2 Thieves","floor":18.0,"turns":5.0},{"damage":14.0,"enemies":"Spheric Guardian","floor":21.0,"turns":4.0},{"damage":0.0,"enemies":"Cultist and Chosen","floor":22.0,"turns":6.0},{"damage":16.0,"enemies":"Slavers","floor":23.0,"turns":7.0},{"damage":0.0,"enemies":"Shelled Parasite and Fungi","floor":24.0,"turns":5.0},{"damage":11.0,"enemies":"Snecko","floor":25.0,"turns":4.0},{"damage":0.0,"enemies":"Snake Plant","floor":27.0,"turns":3.0},{"damage":0.0,"enemies":"Sentry and Sphere","floor":28.0,"turns":7.0},{"damage":41.0,"enemies":"Book of Stabbing","floor":29.0,"turns":6.0},{"damage":0.0,"enemies":"Centurion and Healer","floor":31.0,"turns":4.0},{"damage":80.0,"enemies":"Collector","floor":33.0,"turns":16.0},{"damage":17.0,"enemies":"Orb Walker","floor":35.0,"turns":5.0},{"damage":0.0,"enemies":"3 Shapes","floor":39.0,"turns":6.0},{"damage":55.0,"enemies":"Reptomancer","floor":41.0,"turns":8.0},{"damage":0.0,"enemies":"Spire Growth","floor":45.0,"turns":6.0},{"damage":25,"enemies":"Transient","floor":46,"turns":5},{"damage":0,"enemies":"4 Shapes","floor":47,"turns":7},{"damage":1,"enemies":"Sphere and 2 Shapes","floor":48,"turns":7},{"damage":12,"enemies":"Awakened One","floor":50,"turns":19},{"damage":79,"enemies":"Shield and Spear","floor":54,"turns":8},{"damage":21,"enemies":"The Heart","floor":55,"turns":9}],"seed_played":"4160733998770415942","potions_obtained":[{"floor":1.0,"key":"Explosive Potion"},{"floor":3.0,"key":"AttackPotion"},{"floor":8.0,"key":"LiquidBronze"},{"floor":18.0,"key":"Swift Potion"},{"floor":23.0,"key":"BloodPotion"},{"floor":24.0,"key":"Weak Potion"},{"floor":25.0,"key":"Swift Potion"},{"floor":28.0,"key":"SkillPotion"},{"floor":29.0,"key":"FearPotion"},{"floor":33.0,"key":"SpeedPotion"}],"is_trial":false,"path_per_floor":["M","M","M","?","$","?","R","E","T","M","T","R","E","M","R","B",null,"M","?","$","M","M","E","M","M","T","M","M","E","R","M","R","B",null,"M","T","$","?","M","R","E","R","T","R","M","M","M","M","R","B",null,"R","$","E","B"],"character_chosen":"IRONCLAD","items_purchased":["Feel No Pain","Armaments","ClockworkSouvenir","Happy Flower","Bottled Tornado","Medical Kit","Spot Weakness+1"],"campfire_rested":4,"item_purchase_floors":[5,5,20,20,37,37,53],"current_hp_per_floor":[68,74,74,79,79,79,79,74,74,77,77,77,69,75,75,71,82,85,85,85,77,83,73,79,74,74,80,85,50,75,81,81,28,71,60,60,60,60,66,85,36,61,71,71,77,58,64,69,95,89,94,94,94,21,0],"gold":80,"neow_bonus":"RANDOM_COMMON_RELIC","is_prod":false,"is_daily":false,"chose_seed":false,"campfire_upgraded":3,"win_rate":0,"timestamp":1562385054,"path_taken":["M","M","M","?","$","?","R","E","T","M","?","R","E","M","R","BOSS","M","?","$","M","M","E","M","M","T","M","M","E","R","M","R","BOSS","M","?","$","?","?","R","E","R","T","R","M","M","?","M","R","BOSS","R","$","E","BOSS"],"build_version":"2019-07-05","purchased_purges":1,"victory":false,"max_hp_per_floor":[80,80,80,85,85,85,85,85,85,85,85,85,85,85,85,85,85,85,85,85,85,85,85,85,85,85,85,85,85,85,85,85,85,85,85,85,85,85,85,85,85,85,95,95,95,95,95,95,95,95,95,95,95,95,95],"card_choices":[{"not_picked":["Fire Breathing","Perfected Strike"],"picked":"Uppercut","floor":1.0},{"not_picked":["Whirlwind","Flex"],"picked":"True Grit","floor":2.0},{"not_picked":["Clash","Sword Boomerang"],"picked":"Intimidate","floor":3.0},{"not_picked":["Clothesline","Shrug It Off"],"picked":"Bludgeon","floor":8.0},{"not_picked":["Intimidate","Sever Soul"],"picked":"Ghostly Armor","floor":10.0},{"not_picked":["Limit Break","Thunderclap","Combust"],"picked":"SKIP","floor":13.0},{"not_picked":["Fire Breathing","Sever Soul"],"picked":"Shrug It Off","floor":14.0},{"not_picked":["Offering","Bludgeon"],"picked":"Barricade","floor":16.0},{"not_picked":["Twin Strike","Searing Blow"],"picked":"Shrug It Off","floor":18.0},{"not_picked":["Heavy Blade","Second Wind"],"picked":"Ghostly Armor","floor":21.0},{"not_picked":["Blood for Blood+1","Armaments"],"picked":"Wild Strike+1","floor":22.0},{"not_picked":["Armaments","Rupture","Anger"],"picked":"SKIP","floor":23.0},{"not_picked":["Anger","Sever Soul","Heavy Blade"],"picked":"SKIP","floor":24.0},{"not_picked":["Havoc","Searing Blow"],"picked":"Uppercut","floor":25.0},{"not_picked":["Shrug It Off","Searing Blow"],"picked":"Sentinel+1","floor":27.0},{"not_picked":["Perfected Strike","Sentinel"],"picked":"Shrug It Off","floor":28.0},{"not_picked":["Perfected Strike","True Grit"],"picked":"Warcry","floor":29.0},{"not_picked":["Iron Wave","Perfected Strike+1"],"picked":"Feel No Pain+1","floor":31.0},{"not_picked":["Demon Form","Exhume"],"picked":"Offering","floor":33.0},{"not_picked":["Iron Wave","Armaments"],"picked":"Battle Trance+1","floor":35.0},{"not_picked":["Sword Boomerang+1","Reckless Charge"],"picked":"Clothesline+1","floor":39.0},{"not_picked":["Havoc+1","Hemokinesis"],"picked":"Ghostly Armor+1","floor":41.0},{"not_picked":["Headbutt","Feel No Pain"],"picked":"Burning Pact+1","floor":45},{"not_picked":["Headbutt","Clash+1"],"picked":"Body Slam+1","floor":46},{"not_picked":["Clothesline","Hemokinesis+1"],"picked":"Sword Boomerang+1","floor":47},{"not_picked":["Intimidate+1","Bloodletting+1"],"picked":"Shrug It Off+1","floor":48},{"not_picked":["Bloodletting+1","Heavy Blade+1"],"picked":"Double Tap+1","floor":54}],"player_experience":385649,"relics_obtained":[{"floor":8.0,"key":"Art of War"},{"floor":9.0,"key":"Vajra"},{"floor":11.0,"key":"The Courier"},{"floor":13.0,"key":"Ancient Tea Set"},{"floor":23.0,"key":"Whetstone"},{"floor":26.0,"key":"Orichalcum"},{"floor":29.0,"key":"Dodecahedron"},{"floor":41.0,"key":"Girya"},{"floor":43.0,"key":"Pear"},{"floor":54,"key":"Centennial Puzzle"}],"event_choices":[{"damage_healed":0.0,"max_hp_gain":5.0,"max_hp_loss":0.0,"gold_gain":0.0,"event_name":"Big Fish","player_choice":"Donut","floor":4.0,"gold_loss":0.0,"damage_taken":0.0},{"damage_healed":0.0,"max_hp_gain":0.0,"max_hp_loss":0.0,"gold_gain":0.0,"event_name":"Liars Game","player_choice":"Ignored","floor":6.0,"gold_loss":0.0,"damage_taken":0.0},{"damage_healed":0.0,"max_hp_gain":0.0,"max_hp_loss":0.0,"gold_gain":100.0,"event_name":"Golden Shrine","player_choice":"Pray","floor":19.0,"gold_loss":0.0,"damage_taken":0.0},{"cards_removed":["Intimidate"],"damage_healed":0.0,"max_hp_gain":0.0,"max_hp_loss":0.0,"gold_gain":0.0,"event_name":"WeMeetAgain","player_choice":"Gave Card","floor":38.0,"gold_loss":0.0,"damage_taken":0.0,"relics_obtained":["Toxic Egg 2"]}],"is_beta":false,"boss_relics":[{"not_picked":["Black Star","Lizard Tail"],"picked":"Fusion Hammer"},{"not_picked":["Eternal Feather","Calling Bell"],"picked":"Sozu"}],"items_purged_floors":[20],"is_endless":false,"potions_floor_spawned":[1,3,8,18,23,24,25,28,29,33,39,41,45,48,54],"killed_by":"The Heart","ascension_level":10}