{"gold_per_floor":[114,114,127,138,313,313,343,343,422,440,124,124,199,216,216,216],"floor_reached":16,"playtime":569,"items_purged":["Regret"],"score":100,"play_id":"372f6c0a-041d-4097-b3e3-79c1f0fd2d4b","local_time":"20190709144319","is_ascension_mode":false,"campfire_choices":[{"data":"Deadly Poison","floor":6,"key":"SMITH"},{"data":"Deflect","floor":8,"key":"SMITH"},{"data":"Footwork","floor":12,"key":"SMITH"},{"data":"Neutralize","floor":15,"key":"SMITH"}],"neow_cost":"NONE","seed_source_timestamp":854490626194474,"circlet_count":0,"master_deck":["Strike_G","Strike_G","Strike_G","Strike_G","Strike_G","Defend_G","Defend_G","Defend_G","Defend_G","Defend_G","Survivor","Neutralize+1","Deadly Poison+1","Deflect+1","Doubt","Footwork+1","Backstab","Backstab"],"relics":["Ring of the Snake","Pen Nib","Smiling Mask","Tiny Chest","Bronze Scales"],"potions_floor_usage":[7,16],"damage_taken":[{"damage":0,"enemies":"2 Louse","floor":1,"turns":4},{"damage":11,"enemies":"Small Slimes","floor":3,"turns":4},{"damage":0,"enemies":"Jaw Worm","floor":4,"turns":4},{"damage":28,"enemies":"Gremlin Nob","floor":7,"turns":5},{"damage":8,"enemies":"Looter","floor":10,"turns":4},{"damage":8,"enemies":"Gremlin Gang","floor":14,"turns":4},{"damage":30,"enemies":"Slime Boss","floor":16,"turns":5}],"seed_played":"7927660967453766842","potions_obtained":[{"floor":3,"key":"Fire Potion"},{"floor":4,"key":"Fruit Juice"},{"floor":10,"key":"SteroidPotion"}],"is_trial":false,"path_per_floor":["M","?","M","M","?","R","E","R","T","M","$","R","?","M","R","B"],"character_chosen":"THE_SILENT","items_purchased":["Footwork","Backstab","Bronze Scales"],"campfire_rested":0,"item_purchase_floors":[11,11,11],"current_hp_per_floor":[77,77,66,66,66,66,43,43,43,35,35,35,24,16,16,0],"gold":216,"neow_bonus":"TEN_PERCENT_HP_BONUS","is_prod":false,"is_daily":false,"chose_seed":false,"campfire_upgraded":4,"win_rate":0,"timestamp":1562650999,"path_taken":["M","?","M","M","?","R","E","R","T","M","$","R","?","M","R","BOSS"],"build_version":"2019-07-05","purchased_purges":1,"victory":false,"max_hp_per_floor":[77,77,77,77,77,77,82,82,82,82,82,82,82,82,82,82],"card_choices":[{"not_picked":["Poisoned Stab","Choke"],"picked":"Deadly Poison","floor":1},{"not_picked":["Dagger Spray","PiercingWail"],"picked":"Deflect","floor":3},{"not_picked":["Quick Slash","Dagger Spray","Slice"],"picked":"SKIP","floor":4},{"not_picked":["Flechettes","Slice","Choke"],"picked":"SKIP","floor":7},{"not_picked":["Eviscerate","Riddle With Holes","Reflex"],"picked":"SKIP","floor":10},{"not_picked":["Deflect","Dagger Spray"],"picked":"Backstab","floor":14}],"player_experience":125968,"relics_obtained":[{"floor":7,"key":"Smiling Mask"},{"floor":9,"key":"Tiny Chest"}],"event_choices":[{"damage_healed":0,"gold_gain":0,"player_choice":"Box","damage_taken":0,"relics_obtained":["Pen Nib"],"max_hp_gain":0,"max_hp_loss":0,"event_name":"Big Fish","floor":2,"gold_loss":0,"cards_obtained":["Regret"]},{"damage_healed":0,"gold_gain":175,"player_choice":"AGREE","damage_taken":0,"max_hp_gain":0,"max_hp_loss":0,"event_name":"Liars Game","floor":5,"gold_loss":0,"cards_obtained":["Doubt"]},{"damage_healed":0,"gold_gain":75,"player_choice":"Gather Gold","damage_taken":11,"max_hp_gain":0,"max_hp_loss":0,"event_name":"World of Goop","floor":13,"gold_loss":0}],"is_beta":false,"boss_relics":[],"items_purged_floors":[11],"is_endless":false,"potions_floor_spawned":[3,4,10],"killed_by":"Slime Boss","ascension_level":0}