{"gold_per_floor":[118,138,138,167,192,204,251,263,275,304,316,363,375,400,412,526,538,538,538,538,493,128,128,128,128,128,128,87,87],"floor_reached":29,"playtime":1438,"items_purged":["Strike_B"],"score":251,"play_id":"953e68c5-c750-4832-9789-ac9ca300e087","local_time":"20190711182514","is_ascension_mode":false,"campfire_choices":[{"data":"Dualcast","floor":6,"key":"SMITH"},{"data":"Coolheaded","floor":8,"key":"SMITH"},{"floor":11,"key":"REST"},{"floor":15,"key":"REST"},{"floor":24,"key":"REST"},{"data":"Rainbow","floor":27,"key":"SMITH"}],"neow_cost":"NONE","seed_source_timestamp":66545546177000,"circlet_count":0,"master_deck":["Strike_B","Strike_B","Strike_B","Defend_B","Defend_B","Defend_B","Defend_B","Zap","Dualcast+1","Leap","Gash","Coolheaded+1","Beam Cell","Rainbow","Rainbow+1","Streamline+1","Double Energy+1","Fusion+1","Lockon","Consume","Genetic Algorithm+1","Capacitor"],"relics":["Cracked Core","Bag of Marbles","MawBank","WingedGreaves","Bottled Lightning","Bag of Preparation","Ectoplasm","Red Mask","Question Card","Centennial Puzzle","Toxic Egg 2","Meat on the Bone"],"potions_floor_usage":[12,16,23],"damage_taken":[{"damage":0,"enemies":"Small Slimes","floor":1,"turns":2},{"damage":0,"enemies":"Cultist","floor":2,"turns":2},{"damage":1,"enemies":"Jaw Worm","floor":4,"turns":3},{"damage":5,"enemies":"Looter","floor":5,"turns":2},{"damage":38,"enemies":"3 Sentries","floor":7,"turns":13},{"damage":1,"enemies":"2 Fungi Beasts","floor":10,"turns":3},{"damage":25,"enemies":"Lagavulin","floor":12,"turns":8},{"damage":7,"enemies":"Large Slime","floor":14,"turns":7},{"damage":18,"enemies":"Hexaghost","floor":16,"turns":8},{"damage":15,"enemies":"Spheric Guardian","floor":18,"turns":4},{"damage":11,"enemies":"Masked Bandits","floor":19,"turns":5},{"damage":12,"enemies":"2 Thieves","floor":21,"turns":3},{"damage":28,"enemies":"Slavers","floor":23,"turns":5},{"damage":45,"enemies":"Gremlin Leader","floor":29,"turns":7}],"seed_played":"-784121491563130209","potions_obtained":[{"floor":7,"key":"FearPotion"},{"floor":12,"key":"Ancient Potion"},{"floor":14,"key":"FocusPotion"},{"floor":16,"key":"Fire Potion"},{"floor":18,"key":"Swift Potion"}],"is_trial":false,"path_per_floor":["M","M","?","M","M","R","E","R","T","M","R","E","?","M","R","B",null,"M","?","T","M","$","E","R","?","T","R","$","E"],"character_chosen":"DEFECT","items_purchased":["Centennial Puzzle","Lockon","Consume","Capacitor"],"campfire_rested":3,"item_purchase_floors":[22,22,22,28],"current_hp_per_floor":[75,75,75,74,69,69,31,31,31,30,52,27,32,25,47,29,75,60,49,49,37,37,9,31,31,31,31,31,0],"gold":87,"neow_bonus":"RANDOM_COMMON_RELIC","is_prod":false,"is_daily":false,"chose_seed":false,"campfire_upgraded":3,"win_rate":0.0,"timestamp":1562883914,"path_taken":["M","M","?","?","M","R","E","R","T","M","R","E","?","M","R","BOSS","M","?","?","M","$","E","R","?","T","R","$","E"],"build_version":"2019-07-05","purchased_purges":1,"victory":false,"max_hp_per_floor":[75,75,75,75,75,75,75,75,75,75,75,75,75,75,75,75,75,75,75,75,75,75,75,75,75,75,75,75,75],"card_choices":[{"not_picked":["Coolheaded","Undo"],"picked":"Gash","floor":1},{"not_picked":["Turbo","Conserve Battery"],"picked":"Leap","floor":2},{"not_picked":["Consume","Turbo"],"picked":"Gash","floor":4},{"not_picked":["Meteor Strike","Hologram","Force Field"],"picked":"SKIP","floor":5},{"not_picked":["Leap","Auto Shields"],"picked":"Coolheaded","floor":7},{"not_picked":["Cold Snap","Stack"],"picked":"Beam Cell","floor":10},{"not_picked":["Leap","Steam Power"],"picked":"Gash","floor":12},{"not_picked":["Leap","Barrage"],"picked":"Rainbow","floor":14},{"not_picked":["Biased Cognition","Creative AI"],"picked":"Rainbow","floor":16},{"not_picked":["Go for the Eyes","Hologram"],"picked":"Streamline+1","floor":18},{"not_picked":["Redo+1","Cold Snap"],"picked":"Double Energy+1","floor":19},{"not_picked":["Streamline","Turbo","Conserve Battery"],"picked":"Fusion+1","floor":21},{"not_picked":["Compile Driver","Ball Lightning","Steam Power+1"],"picked":"Genetic Algorithm","floor":23}],"player_experience":152051,"relics_obtained":[{"floor":7,"key":"WingedGreaves"},{"floor":9,"key":"Bottled Lightning"},{"floor":12,"key":"Bag of Preparation"},{"floor":19,"key":"Red Mask"},{"floor":20,"key":"Question Card"},{"floor":23,"key":"Toxic Egg 2"},{"floor":26,"key":"Meat on the Bone"}],"event_choices":[{"cards_removed":["Gash"],"damage_healed":0,"gold_gain":0,"player_choice":"Gave Card","damage_taken":0,"relics_obtained":["MawBank"],"max_hp_gain":0,"max_hp_loss":0,"event_name":"WeMeetAgain","floor":3,"gold_loss":0},{"cards_removed":["Gash"],"damage_healed":5,"gold_gain":0,"player_choice":"Offered Common","damage_taken":0,"max_hp_gain":0,"max_hp_loss":0,"event_name":"Bonfire Elementals","floor":13,"gold_loss":0},{"cards_removed":["Gash"],"damage_healed":5,"gold_gain":0,"player_choice":"Offered Special","damage_taken":0,"max_hp_gain":0,"max_hp_loss":0,"event_name":"Bonfire Elementals","floor":13,"gold_loss":0},{"damage_healed":0,"gold_gain":0,"player_choice":"Fought Bandits","damage_taken":0,"max_hp_gain":0,"max_hp_loss":0,"event_name":"Masked Bandits","floor":19,"gold_loss":0},{"damage_healed":0,"gold_gain":99,"player_choice":"Stole From Cult","damage_taken":0,"max_hp_gain":0,"max_hp_loss":0,"event_name":"Nest","floor":25,"gold_loss":0}],"is_beta":false,"boss_relics":[{"not_picked":["Coffee Dripper","Sozu"],"picked":"Ectoplasm"}],"items_purged_floors":[22],"is_endless":false,"potions_floor_spawned":[7,12,14,16,18,19],"killed_by":"Gremlin Leader","ascension_level":0}