{"gold_per_floor":[15,15,30,41,53,80,155,155,234,298,298,298,333,348,348,425,425,438,456,456,471,471,471,501,501,501,515,515,532,199,213,213,292,292,309,327,327,337,351,351,0,0,0,10,10],"floor_reached":45,"playtime":2251,"items_purged":["Pain"],"score":785,"play_id":"2f029a31-425b-4497-8248-b178916fc19e","local_time":"20190714111513","is_ascension_mode":true,"campfire_choices":[{"floor":8.0,"key":"REST"},{"data":"Zap","floor":12.0,"key":"SMITH"},{"floor":15.0,"key":"REST"},{"floor":23,"key":"REST"},{"floor":25,"key":"REST"},{"floor":32,"key":"REST"},{"floor":40,"key":"REST"},{"floor":42,"key":"REST"}],"neow_cost":"NO_GOLD","seed_source_timestamp":0,"circlet_count":0,"master_deck":["AscendersBane","Strike_B","Strike_B","Strike_B","Defend_B","Defend_B","Defend_B","Defend_B","Zap+1","Dualcast","Rainbow","Ball Lightning","Sweeping Beam","Leap","Gash","Genetic Algorithm","Self Repair","Loop","Defragment","Gash","Electrodynamics","Conserve Battery","Sweeping Beam","Gash","Coolheaded","Hologram","Barrage","Sunder+1","Core Surge","Core Surge","All For One","Undo","Reinforced Body+1","Force Field+1","Machine Learning"],"special_seed":0,"relics":["Cracked Core","Question Card","Juzu Bracelet","Sundial","Prayer Wheel","StoneCalendar","Fusion Hammer","Strawberry","Meat on the Bone","WarpedTongs","Oddly Smooth Stone","Orrery","Red Mask","Blue Candle"],"potions_floor_usage":[24,38,45],"damage_taken":[{"damage":0.0,"enemies":"Cultist","floor":1.0,"turns":3.0},{"damage":7.0,"enemies":"Small Slimes","floor":3.0,"turns":3.0},{"damage":3.0,"enemies":"2 Louse","floor":4.0,"turns":2.0},{"damage":8.0,"enemies":"Large Slime","floor":5.0,"turns":5.0},{"damage":17.0,"enemies":"3 Sentries","floor":6.0,"turns":6.0},{"damage":24.0,"enemies":"3 Sentries","floor":10.0,"turns":7.0},{"damage":24.0,"enemies":"Gremlin Nob","floor":13.0,"turns":4.0},{"damage":4.0,"enemies":"Exordium Wildlife","floor":14.0,"turns":4.0},{"damage":8.0,"enemies":"The Guardian","floor":16.0,"turns":7.0},{"damage":3,"enemies":"Chosen","floor":18,"turns":4},{"damage":14,"enemies":"Shell Parasite","floor":19,"turns":5},{"damage":23,"enemies":"Snecko","floor":21,"turns":5},{"damage":39,"enemies":"Book of Stabbing","floor":24,"turns":5},{"damage":6,"enemies":"Centurion and Healer","floor":27,"turns":6},{"damage":25,"enemies":"Snake Plant","floor":29,"turns":6},{"damage":6,"enemies":"Cultist and Chosen","floor":31,"turns":4},{"damage":33,"enemies":"Champ","floor":33,"turns":9},{"damage":7,"enemies":"3 Shapes","floor":35,"turns":4},{"damage":9,"enemies":"Orb Walker","floor":36,"turns":4},{"damage":18,"enemies":"4 Shapes","floor":38,"turns":5},{"damage":87,"enemies":"Transient","floor":39,"turns":5},{"damage":43,"enemies":"Jaw Worm Horde","floor":44,"turns":5},{"damage":48,"enemies":"2 Orb Walkers","floor":45,"turns":3}],"seed_played":"2844958358385139040","potions_obtained":[{"floor":5.0,"key":"Swift Potion"},{"floor":13.0,"key":"Fire Potion"},{"floor":16.0,"key":"LiquidBronze"},{"floor":19,"key":"Swift Potion"},{"floor":24,"key":"Energy Potion"},{"floor":39,"key":"Fire Potion"}],"is_trial":false,"path_per_floor":["M","T","M","M","M","E","?","R","T","?","?","R","E","M","R","B",null,"M","M","?","M","?","R","E","R","T","M","?","M","$","M","R","B",null,"M","M","?","M","M","R","?","R","T","M","?"],"character_chosen":"DEFECT","items_purchased":["FairyPotion","Oddly Smooth Stone"],"campfire_rested":7,"item_purchase_floors":[30,30],"current_hp_per_floor":[64,64,57,54,46,29,18,39,39,15,38,38,14,17,38,37,63,60,53,53,37,37,58,33,56,56,57,57,51,51,45,68,54,77,77,75,75,64,19,42,42,65,65,41,0],"gold":10,"neow_bonus":"THREE_RARE_CARDS","is_prod":false,"is_daily":false,"chose_seed":false,"campfire_upgraded":1,"win_rate":0,"timestamp":1563074113,"path_taken":["M","?","M","M","M","E","?","R","T","?","?","R","E","M","R","BOSS","M","M","?","M","?","R","E","R","T","M","?","M","$","M","R","BOSS","M","M","?","M","M","R","?","R","T","M","?"],"build_version":"2019-07-05","purchased_purges":1,"victory":false,"max_hp_per_floor":[71,71,71,71,71,71,71,71,71,71,71,71,71,71,71,71,71,71,71,71,71,71,71,78,78,78,78,78,78,78,78,78,78,78,78,78,78,78,78,78,78,78,78,78,78],"card_choices":[{"not_picked":["Buffer","Amplify"],"picked":"Rainbow","floor":0.0},{"not_picked":["Streamline","Blizzard"],"picked":"Ball Lightning","floor":1.0},{"not_picked":["Heatsinks","Fusion","Stack"],"picked":"Sweeping Beam","floor":3.0},{"not_picked":["Turbo","Capacitor","Ball Lightning"],"picked":"Leap","floor":4.0},{"not_picked":["Redo","Beam Cell","Steam"],"picked":"Gash","floor":5.0},{"not_picked":["BootSequence","Streamline","Compile Driver"],"picked":"Genetic Algorithm","floor":6.0},{"not_picked":["Beam Cell","Redo","Go for the Eyes"],"picked":"Self Repair","floor":10.0},{"not_picked":["Scrape","All For One","Reprogram"],"picked":"Loop","floor":13.0},{"not_picked":["Coolheaded","Tempest","Beam Cell"],"picked":"Defragment","floor":14.0},{"not_picked":["Leap","Streamline","Rip and Tear"],"picked":"Gash","floor":14.0},{"not_picked":["Biased Cognition","Reboot","All For One"],"picked":"Electrodynamics","floor":16.0},{"not_picked":["Barrage","Turbo","Compile Driver"],"picked":"Conserve Battery","floor":18},{"not_picked":["Stack","Conserve Battery","Turbo"],"picked":"Sweeping Beam","floor":18},{"not_picked":["FTL","Tempest","Turbo"],"picked":"Gash","floor":19},{"not_picked":["Thunder Strike","BootSequence","Sweeping Beam","Turbo"],"picked":"SKIP","floor":19},{"not_picked":["Rebound","Steam","Scrape"],"picked":"Hologram","floor":21},{"not_picked":["Recycle","Stack","Steam","Conserve Battery"],"picked":"SKIP","floor":21},{"not_picked":["Amplify","Redo+1","Cold Snap","Steam"],"picked":"SKIP","floor":24},{"not_picked":["Beam Cell+1","Barrage","Steam"],"picked":"Sunder+1","floor":27},{"not_picked":["Compile Driver","Gash","Fusion+1","Steam"],"picked":"SKIP","floor":27},{"not_picked":["Ball Lightning","Go for the Eyes","Beam Cell"],"picked":"Core Surge","floor":29},{"not_picked":["Coolheaded","Defragment","Chaos","Barrage"],"picked":"SKIP","floor":29},{"not_picked":["Streamline","Compile Driver","Stack","Sweeping Beam"],"picked":"SKIP","floor":31},{"not_picked":["Streamline","White Noise","Fusion","Cold Snap"],"picked":"SKIP","floor":31},{"not_picked":["Buffer","Electrodynamics","Multi-Cast"],"picked":"Core Surge","floor":33},{"not_picked":["Force Field","Leap","Rebound"],"picked":"All For One","floor":34},{"not_picked":["Chaos","Beam Cell","Reprogram+1"],"picked":"Undo","floor":34},{"not_picked":["Beam Cell","Tempest+1","Conserve Battery"],"picked":"Reinforced Body+1","floor":35},{"not_picked":["Genetic Algorithm","Compile Driver","Lockon","Leap"],"picked":"SKIP","floor":35},{"not_picked":["BootSequence","Double Energy","Compile Driver+1"],"picked":"Force Field+1","floor":36},{"not_picked":["Redo","Turbo+1","Hologram","Doom and Gloom"],"picked":"SKIP","floor":36},{"not_picked":["Consume","Hello World","Stack","Beam Cell+1"],"picked":"SKIP","floor":38},{"not_picked":["Recycle","Force Field","Conserve Battery","Steam"],"picked":"SKIP","floor":38},{"not_picked":["Thunder Strike","Turbo","Aggregate","Stack"],"picked":"SKIP","floor":39},{"not_picked":["Barrage+1","FTL","Heatsinks","Gash"],"picked":"SKIP","floor":39},{"not_picked":["Scrape","Stack","Self Repair"],"picked":"Machine Learning","floor":44},{"not_picked":["Go for the Eyes+1","Blizzard+1","Compile Driver","Rip and Tear"],"picked":"SKIP","floor":44}],"player_experience":847754,"relics_obtained":[{"floor":2.0,"key":"Question Card"},{"floor":6.0,"key":"Juzu Bracelet"},{"floor":9.0,"key":"Sundial"},{"floor":10.0,"key":"Prayer Wheel"},{"floor":13.0,"key":"StoneCalendar"},{"floor":24,"key":"Strawberry"},{"floor":26,"key":"Meat on the Bone"},{"floor":43,"key":"Blue Candle"}],"event_choices":[{"damage_healed":0.0,"max_hp_gain":0.0,"max_hp_loss":0.0,"gold_gain":75.0,"event_name":"World of Goop","player_choice":"Gather Gold","floor":7.0,"gold_loss":0.0,"damage_taken":11.0},{"damage_healed":0.0,"max_hp_gain":0.0,"max_hp_loss":0.0,"gold_gain":0.0,"event_name":"Dead Adventurer","player_choice":"Searched \u00271\u0027 times","floor":10.0,"gold_loss":0.0,"damage_taken":0.0},{"damage_healed":23.0,"max_hp_gain":0.0,"max_hp_loss":0.0,"gold_gain":0.0,"event_name":"Big Fish","player_choice":"Banana","floor":11.0,"gold_loss":0.0,"damage_taken":0.0},{"damage_healed":0,"gold_gain":0,"player_choice":"Read","damage_taken":0,"max_hp_gain":0,"max_hp_loss":0,"event_name":"The Library","floor":20,"gold_loss":0,"cards_obtained":["Coolheaded"]},{"damage_healed":0,"gold_gain":0,"cards_transformed":["Strike_B"],"player_choice":"Transformed","damage_taken":0,"max_hp_gain":0,"max_hp_loss":0,"event_name":"Transmorgrifier","floor":22,"gold_loss":0,"cards_obtained":["Barrage"]},{"damage_healed":0,"gold_gain":0,"player_choice":"Rummage","damage_taken":0,"relics_obtained":["WarpedTongs"],"max_hp_gain":0,"max_hp_loss":0,"event_name":"Accursed Blacksmith","floor":28,"gold_loss":0,"cards_obtained":["Pain"]},{"damage_healed":0,"gold_gain":0,"player_choice":"Memory 1","damage_taken":0,"max_hp_gain":0,"max_hp_loss":0,"event_name":"SensoryStone","floor":37,"gold_loss":0},{"damage_healed":0,"gold_gain":0,"player_choice":"Paid","damage_taken":0,"relics_obtained":["Red Mask"],"max_hp_gain":0,"max_hp_loss":0,"event_name":"Tomb of Lord Red Mask","floor":41,"gold_loss":351},{"damage_healed":0,"gold_gain":0,"player_choice":"Fight","damage_taken":0,"max_hp_gain":0,"max_hp_loss":0,"event_name":"Mysterious Sphere","floor":45,"gold_loss":0}],"is_beta":false,"boss_relics":[{"not_picked":["Black Star","Runic Pyramid"],"picked":"Fusion Hammer"},{"not_picked":["Lizard Tail","Eternal Feather"],"picked":"Orrery"}],"items_purged_floors":[30],"is_endless":false,"potions_floor_spawned":[5,13,16,19,24,33,39],"killed_by":"2 Orb Walkers","ascension_level":14}