{"gold_per_floor":[114,127,92,92,53,53,53,110,110,130,9,9,9,24,24,123,123,141,126,142,142,172,172,172],"floor_reached":24,"playtime":2350,"items_purged":["Strike_B"],"score":193,"play_id":"1c423c7c-2b5e-48db-910e-cc643d3cd8e7","local_time":"20190712213619","is_ascension_mode":true,"campfire_choices":[{"data":"Zap","floor":7,"key":"SMITH"},{"data":"Redo","floor":12,"key":"SMITH"},{"data":"Redo","floor":15,"key":"SMITH"},{"data":"Machine Learning","floor":23,"key":"SMITH"}],"neow_cost":"PERCENT_DAMAGE","seed_source_timestamp":46536283497700,"circlet_count":0,"master_deck":["Defend_B","Defend_B","Defend_B","Zap+1","Dualcast","Buffer+1","Compile Driver","Redo+1","Turbo+1","Glacier","Redo+1","Redo","Steam","Loop","Machine Learning+1","Storm","Conserve Battery","Heatsinks","Auto Shields"],"relics":["Cracked Core","Gambling Chip","Bronze Scales","Gremlin Horn","Nuclear Battery","Red Mask"],"potions_floor_usage":[20,24],"damage_taken":[{"damage":0,"enemies":"Small Slimes","floor":1,"turns":3},{"damage":2,"enemies":"2 Louse","floor":2,"turns":2},{"damage":20,"enemies":"Lagavulin Event","floor":8,"turns":10},{"damage":0,"enemies":"Jaw Worm","floor":10,"turns":3},{"damage":0,"enemies":"Large Slime","floor":14,"turns":6},{"damage":1,"enemies":"The Guardian","floor":16,"turns":13},{"damage":0,"enemies":"Shell Parasite","floor":18,"turns":5},{"damage":4,"enemies":"2 Thieves","floor":19,"turns":4},{"damage":9,"enemies":"Snecko","floor":20,"turns":7},{"damage":0,"enemies":"Masked Bandits","floor":22,"turns":6},{"damage":66,"enemies":"Gremlin Leader","floor":24,"turns":8}],"seed_played":"2564688642452522623","potions_obtained":[{"floor":2,"key":"SpeedPotion"},{"floor":10,"key":"AttackPotion"},{"floor":14,"key":"EssenceOfSteel"},{"floor":20,"key":"Weak Potion"}],"is_trial":false,"path_per_floor":["M","M","?","?","$","?","R","?","T","M","$","R","?","M","R","B",null,"M","M","M","?","?","R","E"],"character_chosen":"DEFECT","items_purchased":["Glacier","Steam"],"campfire_rested":0,"item_purchase_floors":[5,11],"current_hp_per_floor":[54,52,52,37,37,62,62,42,42,42,42,42,30,30,30,29,75,75,71,62,62,62,62,0],"gold":172,"neow_bonus":"TRANSFORM_TWO_CARDS","is_prod":false,"is_daily":false,"chose_seed":false,"campfire_upgraded":4,"win_rate":0,"timestamp":1562934979,"path_taken":["M","M","?","?","$","?","R","?","T","M","$","R","?","M","R","BOSS","M","M","M","?","?","R","E"],"build_version":"2019-07-05","purchased_purges":1,"victory":false,"max_hp_per_floor":[75,75,75,75,75,75,75,75,75,75,75,75,75,75,75,75,75,75,75,75,75,75,75,75],"card_choices":[{"not_picked":["Darkness","FTL"],"picked":"Redo","floor":1},{"not_picked":["Gash","Chaos"],"picked":"Turbo","floor":2},{"not_picked":["Reprogram","Streamline"],"picked":"Redo","floor":8},{"not_picked":["Reprogram","Meteor Strike"],"picked":"Redo","floor":10},{"not_picked":["Streamline","Steam"],"picked":"Loop","floor":14},{"not_picked":["Biased Cognition","Multi-Cast"],"picked":"Machine Learning","floor":16},{"not_picked":["Steam","Fusion+1"],"picked":"Storm","floor":18},{"not_picked":["Double Energy","Loop"],"picked":"Conserve Battery","floor":19},{"not_picked":["Chaos","Loop","Steam"],"picked":"SKIP","floor":20}],"player_experience":129975,"relics_obtained":[{"floor":8,"key":"Gambling Chip"},{"floor":9,"key":"Bronze Scales"},{"floor":22,"key":"Red Mask"}],"event_choices":[{"damage_healed":0,"gold_gain":0,"player_choice":"Left Gold","damage_taken":0,"max_hp_gain":0,"max_hp_loss":0,"event_name":"World of Goop","floor":3,"gold_loss":35},{"damage_healed":0,"gold_gain":0,"player_choice":"Entered Light","damage_taken":15,"max_hp_gain":0,"max_hp_loss":0,"event_name":"Shining Light","floor":4,"gold_loss":0,"cards_upgraded":["Turbo","Buffer"]},{"damage_healed":25,"gold_gain":0,"player_choice":"Banana","damage_taken":0,"max_hp_gain":0,"max_hp_loss":0,"event_name":"Big Fish","floor":6,"gold_loss":0},{"damage_healed":0,"gold_gain":0,"player_choice":"Searched \u00271\u0027 times","damage_taken":0,"max_hp_gain":0,"max_hp_loss":0,"event_name":"Dead Adventurer","floor":8,"gold_loss":0},{"damage_healed":0,"gold_gain":0,"player_choice":"Success","damage_taken":12,"relics_obtained":["Gremlin Horn"],"max_hp_gain":0,"max_hp_loss":0,"event_name":"Scrap Ooze","floor":13,"gold_loss":0},{"damage_healed":0,"gold_gain":0,"cards_transformed":["Strike_B","Defend_B"],"player_choice":"Became Test Subject","damage_taken":0,"max_hp_gain":0,"max_hp_loss":0,"event_name":"Drug Dealer","floor":21,"gold_loss":0,"cards_obtained":["Heatsinks","Auto Shields"]},{"damage_healed":0,"gold_gain":0,"player_choice":"Fought Bandits","damage_taken":0,"max_hp_gain":0,"max_hp_loss":0,"event_name":"Masked Bandits","floor":22,"gold_loss":0}],"is_beta":false,"boss_relics":[{"not_picked":["Coffee Dripper","Empty Cage"],"picked":"Nuclear Battery"}],"items_purged_floors":[11],"is_endless":false,"potions_floor_spawned":[2,10,14,20,22],"killed_by":"Gremlin Leader","ascension_level":1}