{"gold_per_floor":[110,129,148,168,243,272,197,226,226,245,245,257,286,297,297,374,374,384,394,394,394,409,409,442,452,475,501,519,519,469,488,488,565,565,579,404,404,64,164,164,39,39,39,39,54,54,0,11,11,11],"floor_reached":51,"playtime":2277,"items_purged":["Pommel Strike","Twin Strike+1","Pommel Strike"],"score":1554,"play_id":"f8653767-9966-424a-bee7-252a6e68bd04","local_time":"20190711143317","is_ascension_mode":true,"campfire_choices":[{"data":"Blood for Blood","floor":11.0,"key":"SMITH"},{"data":"Body Slam","floor":15.0,"key":"SMITH"},{"data":"Barricade","floor":23.0,"key":"SMITH"},{"data":"Evolve","floor":29.0,"key":"SMITH"},{"data":"Battle Trance","floor":32.0,"key":"SMITH"},{"data":"Entrench","floor":40.0,"key":"SMITH"},{"data":"Seeing Red","floor":42.0,"key":"SMITH"},{"data":"Sentinel","floor":44.0,"key":"SMITH"},{"data":"Power Through","floor":46.0,"key":"SMITH"},{"data":"Impervious","floor":49.0,"key":"SMITH"}],"neow_cost":"","seed_source_timestamp":0,"circlet_count":0,"master_deck":["Defend_R","Defend_R","Armaments+1","Pommel Strike","Bash","Body Slam+1","Second Wind","Shockwave","Evolve+1","Feed","Blood for Blood+1","Fiend Fire","Power Through+1","Entrench+1","Barricade+1","Iron Wave+1","Limit Break+1","Seeing Red+1","Battle Trance+1","Impervious+1","Sentinel+1"],"special_seed":0,"relics":["Burning Blood","Prayer Wheel","Boot","Happy Flower","Singing Bowl","Incense Burner","Astrolabe","MutagenicStrength","Question Card","Anchor","Ice Cream","Eternal Feather","WingedGreaves","Orichalcum","Red Mask"],"potions_floor_usage":[50,50],"damage_taken":[{"damage":4.0,"enemies":"2 Louse","floor":1.0,"turns":4.0},{"damage":7.0,"enemies":"Jaw Worm","floor":2.0,"turns":3.0},{"damage":0.0,"enemies":"Cultist","floor":3.0,"turns":3.0},{"damage":6.0,"enemies":"2 Fungi Beasts","floor":4.0,"turns":4.0},{"damage":29.0,"enemies":"Gremlin Nob","floor":6.0,"turns":4.0},{"damage":6.0,"enemies":"Lagavulin","floor":8.0,"turns":5.0},{"damage":6.0,"enemies":"Exordium Wildlife","floor":10.0,"turns":4.0},{"damage":11.0,"enemies":"Large Slime","floor":12.0,"turns":5.0},{"damage":11.0,"enemies":"Gremlin Nob","floor":13.0,"turns":4.0},{"damage":1.0,"enemies":"Looter","floor":14.0,"turns":3.0},{"damage":0.0,"enemies":"Slime Boss","floor":16.0,"turns":8.0},{"damage":13.0,"enemies":"Chosen","floor":18.0,"turns":5.0},{"damage":11.0,"enemies":"2 Thieves","floor":19.0,"turns":3.0},{"damage":23.0,"enemies":"Centurion and Healer","floor":22.0,"turns":7.0},{"damage":13.0,"enemies":"Gremlin Leader","floor":24.0,"turns":9.0},{"damage":1.0,"enemies":"Chosen and Byrds","floor":25.0,"turns":7.0},{"damage":29.0,"enemies":"Slavers","floor":27.0,"turns":7.0},{"damage":7.0,"enemies":"Snecko","floor":28.0,"turns":6.0},{"damage":17.0,"enemies":"Shelled Parasite and Fungi","floor":31.0,"turns":6.0},{"damage":20.0,"enemies":"Champ","floor":33.0,"turns":7.0},{"damage":32.0,"enemies":"3 Darklings","floor":35.0,"turns":6.0},{"damage":0.0,"enemies":"Mind Bloom Boss Battle","floor":39.0,"turns":9.0},{"damage":0.0,"enemies":"3 Shapes","floor":45.0,"turns":7.0},{"damage":13.0,"enemies":"Writhing Mass","floor":48.0,"turns":8.0},{"damage":31,"enemies":"Time Eater","floor":50,"turns":11}],"seed_played":"-7505264214673371489","potions_obtained":[{"floor":2.0,"key":"GamblersBrew"},{"floor":3.0,"key":"Poison Potion"},{"floor":6.0,"key":"PowerPotion"},{"floor":14.0,"key":"GamblersBrew"},{"floor":19.0,"key":"AttackPotion"},{"floor":25.0,"key":"Regen Potion"},{"floor":27.0,"key":"Strength Potion"},{"floor":33.0,"key":"Explosive Potion"},{"floor":39.0,"key":"SteroidPotion"}],"is_trial":true,"path_per_floor":["M","M","M","M","?","E","$","E","T","M","R","M","E","M","R","B",null,"M","M","?","?","M","R","E","M","T","E","M","R","?","M","R","B",null,"M","$","?","$","?","R","$","R","T","R","M","R","?","M","R","B",null],"character_chosen":"IRONCLAD","items_purchased":["Sentinel","WingedGreaves"],"campfire_rested":0,"item_purchase_floors":[36,38],"current_hp_per_floor":[70,69,75,75,64,41,41,41,41,47,47,45,42,47,47,53,78,75,75,75,75,65,65,60,69,69,66,70,70,70,67,67,53,109,87,87,87,87,99,111,111,123,123,135,145,145,145,142,149,124],"gold":11,"neow_bonus":"","is_prod":false,"is_daily":false,"chose_seed":false,"campfire_upgraded":10,"win_rate":0,"timestamp":1562823197,"path_taken":["M","M","M","M","?","E","?","E","T","M","R","M","E","M","R","BOSS","M","M","?","?","M","R","E","M","T","E","M","R","?","M","R","BOSS","M","$","?","$","?","R","?","R","T","R","?","R","?","M","R","BOSS"],"build_version":"2019-07-05","purchased_purges":3,"victory":true,"max_hp_per_floor":[75,75,75,75,75,75,75,75,75,81,81,84,86,86,86,86,86,90,95,95,95,102,102,104,108,108,114,119,119,119,127,127,127,127,131,131,131,131,137,137,137,137,137,137,145,145,145,149,149,149],"card_choices":[{"not_picked":["Twin Strike","Warcry"],"picked":"True Grit","floor":1.0},{"not_picked":["Thunderclap","Iron Wave","Fire Breathing"],"picked":"SKIP","floor":1.0},{"not_picked":["Sword Boomerang","Sentinel"],"picked":"Body Slam","floor":2.0},{"not_picked":["Body Slam","Wild Strike"],"picked":"Second Wind","floor":2.0},{"not_picked":["Warcry","Burning Pact"],"picked":"Shockwave","floor":3.0},{"not_picked":["Clash","Havoc","Pommel Strike"],"picked":"SKIP","floor":3.0},{"not_picked":["Inflame","Feel No Pain"],"picked":"Evolve","floor":4.0},{"not_picked":["Metallicize","Blood for Blood"],"picked":"Feed","floor":4.0},{"not_picked":["Reckless Charge","Feed","Anger"],"picked":"SKIP","floor":6.0},{"not_picked":["Evolve","Inflame","Disarm"],"picked":"SKIP","floor":8.0},{"not_picked":["Uppercut","Perfected Strike","Dual Wield"],"picked":"Singing Bowl","floor":10.0},{"not_picked":["Fire Breathing","Perfected Strike"],"picked":"Blood for Blood","floor":10.0},{"not_picked":["True Grit","Flex"],"picked":"Fiend Fire","floor":12.0},{"not_picked":["Twin Strike","Burning Pact","Heavy Blade"],"picked":"SKIP","floor":12.0},{"not_picked":["Spot Weakness","Rupture","Havoc"],"picked":"Singing Bowl","floor":13.0},{"not_picked":["Twin Strike","Warcry"],"picked":"Power Through","floor":14.0},{"not_picked":["Warcry","Cleave"],"picked":"Entrench","floor":14.0},{"not_picked":["Immolate","Berserk"],"picked":"Barricade","floor":16.0},{"not_picked":["Perfected Strike","Pummel","Rage"],"picked":"Singing Bowl","floor":18.0},{"not_picked":["Heavy Blade","Thunderclap","Rupture"],"picked":"Singing Bowl","floor":18.0},{"not_picked":["Armaments","Perfected Strike","Cleave"],"picked":"Singing Bowl","floor":19.0},{"not_picked":["Combust+1","Intimidate"],"picked":"Seeing Red","floor":19.0},{"not_picked":["Perfected Strike","Havoc","Entrench"],"picked":"Singing Bowl","floor":22.0},{"not_picked":["Clothesline","Havoc","Rupture"],"picked":"Singing Bowl","floor":22.0},{"not_picked":["Headbutt","Double Tap","Wild Strike"],"picked":"Singing Bowl","floor":24.0},{"not_picked":["Spot Weakness","Sever Soul","Clothesline","Evolve"],"picked":"Singing Bowl","floor":25.0},{"not_picked":["Havoc+1","Cleave+1","Pommel Strike","Dual Wield"],"picked":"Singing Bowl","floor":25.0},{"not_picked":["Rage","Pommel Strike","Blood for Blood","Perfected Strike"],"picked":"Singing Bowl","floor":27.0},{"not_picked":["Armaments","Shockwave+1","True Grit"],"picked":"Battle Trance","floor":28.0},{"not_picked":["Anger","Combust","Pommel Strike","Carnage"],"picked":"Singing Bowl","floor":28.0},{"not_picked":["Iron Wave","Feed","Headbutt","Rampage"],"picked":"Singing Bowl","floor":31.0},{"not_picked":["Heavy Blade","Sever Soul","Blood for Blood","Pommel Strike"],"picked":"Singing Bowl","floor":31.0},{"not_picked":["Demon Form","Barricade","Reaper"],"picked":"Impervious","floor":33.0},{"not_picked":["Havoc","True Grit","Searing Blow","Uppercut"],"picked":"Singing Bowl","floor":35.0},{"not_picked":["Entrench","Reckless Charge+1","Flame Barrier","Cleave"],"picked":"Singing Bowl","floor":35.0},{"not_picked":["Havoc","Infernal Blade","Searing Blow+1","Burning Pact"],"picked":"Singing Bowl","floor":39.0},{"not_picked":["Cleave","Iron Wave","Sever Soul","Dropkick"],"picked":"Singing Bowl","floor":45.0},{"not_picked":["Ghostly Armor","Headbutt","Warcry","Havoc+1"],"picked":"Singing Bowl","floor":45.0},{"not_picked":["Warcry","Blood for Blood","Armaments","Thunderclap"],"picked":"Singing Bowl","floor":48.0},{"not_picked":["Thunderclap","Feed","Body Slam","Rage"],"picked":"Singing Bowl","floor":48.0}],"player_experience":197065,"relics_obtained":[{"floor":6.0,"key":"Boot"},{"floor":8.0,"key":"Happy Flower"},{"floor":9.0,"key":"Singing Bowl"},{"floor":13.0,"key":"Incense Burner"},{"floor":24.0,"key":"Question Card"},{"floor":26.0,"key":"Anchor"},{"floor":27.0,"key":"Ice Cream"},{"floor":43.0,"key":"Orichalcum"}],"event_choices":[{"damage_healed":0.0,"max_hp_gain":0.0,"max_hp_loss":0.0,"gold_gain":75.0,"event_name":"World of Goop","player_choice":"Gather Gold","floor":5.0,"gold_loss":0.0,"damage_taken":11.0},{"damage_healed":0.0,"max_hp_gain":0.0,"max_hp_loss":0.0,"gold_gain":0.0,"event_name":"Ghosts","player_choice":"Ignored","floor":20.0,"gold_loss":0.0,"damage_taken":0.0},{"damage_healed":0.0,"max_hp_gain":0.0,"max_hp_loss":0.0,"gold_gain":0.0,"event_name":"Drug Dealer","player_choice":"Inject Mutagens","floor":21.0,"gold_loss":0.0,"damage_taken":0.0,"relics_obtained":["MutagenicStrength"]},{"damage_healed":0.0,"max_hp_gain":0.0,"max_hp_loss":0.0,"gold_gain":0.0,"event_name":"The Joust","player_choice":"Bet on Owner","floor":30.0,"gold_loss":50.0,"damage_taken":0.0},{"damage_healed":0.0,"max_hp_gain":0.0,"max_hp_loss":0.0,"gold_gain":0.0,"event_name":"Mysterious Sphere","player_choice":"Ignored","floor":37.0,"gold_loss":0.0,"damage_taken":0.0},{"damage_healed":0.0,"max_hp_gain":0.0,"max_hp_loss":0.0,"gold_gain":0.0,"event_name":"MindBloom","player_choice":"Fight","floor":39.0,"gold_loss":0.0,"damage_taken":0.0},{"damage_healed":0.0,"max_hp_gain":0.0,"max_hp_loss":0.0,"gold_gain":0.0,"event_name":"Tomb of Lord Red Mask","player_choice":"Paid","floor":47.0,"gold_loss":54.0,"damage_taken":0.0,"relics_obtained":["Red Mask"]}],"is_beta":false,"boss_relics":[{"not_picked":["Calling Bell","Black Star"],"picked":"Astrolabe"},{"not_picked":["Pandora\u0027s Box","Runic Pyramid"],"picked":"Eternal Feather"}],"items_purged_floors":[7,36,41],"is_endless":false,"potions_floor_spawned":[2,3,6,14,16,19,22,25,27,33,39,48],"ascension_level":17}