{"gold_per_floor":[111,33,308,327,327,327,46,46,118,118,25,53,80,123,135,222,234,263,275,267,299,331,378,400,412,477,489,501,527,559,291,291,366,366,385,395,407,424,439,439,451,483,508,508,508,518,518,552,552,552,552],"floor_reached":51,"playtime":3870,"items_purged":["Regret","Strike_G","Strike_G"],"score":1499,"play_id":"03d08694-fe1c-4ee9-97c1-c1d35ec5e41f","local_time":"20190601010726","is_ascension_mode":true,"campfire_choices":[{"data":"Dash","floor":6,"key":"SMITH"},{"data":"Survivor","floor":8,"key":"SMITH"},{"floor":10,"key":"REST"},{"data":"Well Laid Plans","floor":15,"key":"SMITH"},{"floor":25,"key":"REST"},{"data":"After Image","floor":28,"key":"SMITH"},{"data":"Cloak And Dagger","floor":32,"key":"SMITH"},{"floor":40,"key":"REST"},{"floor":44,"key":"REST"},{"floor":47,"key":"RECALL"},{"floor":49,"key":"REST"}],"neow_cost":"NONE","seed_source_timestamp":243048171520105,"circlet_count":0,"master_deck":["AscendersBane","Defend_G","Defend_G","Defend_G","Defend_G","Defend_G","Strike_G","Strike_G","Survivor+1","Neutralize+1","Dagger Throw+1","A Thousand Cuts+1","Dash+1","Well Laid Plans+1","Flying Knee","All Out Attack","Malaise","Backflip","PiercingWail","After Image+1","Cloak And Dagger+1","Blur","Caltrops","Blade Dance","Dark Shackles","Master of Strategy","Night Terror","PiercingWail","Cloak And Dagger","Escape Plan","PiercingWail","Cloak And Dagger+1","Blur","Infinite Blades"],"relics":["Ring of the Snake","Membership Card","Mummified Hand","MawBank","Kunai","Philosopher\u0027s Stone","Oddly Smooth Stone","Anchor","Runic Pyramid","Bottled Flame","Orichalcum"],"potions_floor_usage":[16,23,33,35,42,48,50],"damage_taken":[{"damage":0,"enemies":"Cultist","floor":1,"turns":3},{"damage":2,"enemies":"Jaw Worm","floor":4,"turns":6},{"damage":20,"enemies":"3 Sentries","floor":12,"turns":6},{"damage":0,"enemies":"2 Louse","floor":13,"turns":2},{"damage":2,"enemies":"Lagavulin","floor":14,"turns":6},{"damage":20,"enemies":"Slime Boss","floor":16,"turns":11},{"damage":0,"enemies":"Chosen","floor":18,"turns":5},{"damage":10,"enemies":"Shell Parasite","floor":21,"turns":5},{"damage":2,"enemies":"Snecko","floor":22,"turns":6},{"damage":6,"enemies":"Book of Stabbing","floor":23,"turns":6},{"damage":4,"enemies":"Snake Plant","floor":24,"turns":6},{"damage":1,"enemies":"Cultist and Chosen","floor":29,"turns":6},{"damage":0,"enemies":"Snecko","floor":30,"turns":7},{"damage":0,"enemies":"Champ","floor":33,"turns":23},{"damage":0,"enemies":"3 Shapes","floor":35,"turns":4},{"damage":6,"enemies":"Orb Walker","floor":36,"turns":3},{"damage":24,"enemies":"Jaw Worm Horde","floor":37,"turns":6},{"damage":0,"enemies":"4 Shapes","floor":38,"turns":4},{"damage":0,"enemies":"3 Darklings","floor":39,"turns":4},{"damage":0,"enemies":"Jaw Worm Horde","floor":41,"turns":5},{"damage":49,"enemies":"Giant Head","floor":42,"turns":11},{"damage":3,"enemies":"Writhing Mass","floor":46,"turns":9},{"damage":44,"enemies":"Reptomancer","floor":48,"turns":15},{"damage":16,"enemies":"Donu and Deca","floor":50,"turns":7},{"damage":14,"enemies":"Time Eater","floor":51,"turns":11}],"seed_played":"-5261270289088004163","potions_obtained":[{"floor":4,"key":"Dexterity Potion"},{"floor":12,"key":"SpeedPotion"},{"floor":16,"key":"Fire Potion"},{"floor":23,"key":"SkillPotion"},{"floor":37,"key":"Ancient Potion"},{"floor":38,"key":"Energy Potion"},{"floor":46,"key":"SpeedPotion"},{"floor":48,"key":"Dexterity Potion"}],"is_trial":false,"path_per_floor":["M","$","?","M","?","R","$","R","T","R","$","E","M","E","R","B",null,"M","?","?","M","M","E","M","R","T","?","R","M","M","$","R","B",null,"M","M","M","M","M","R","M","E","T","R","?","M","R","E","R","B","B"],"character_chosen":"THE_SILENT","items_purchased":["A Thousand Cuts","Membership Card","PowerPotion","Well Laid Plans","Caltrops","Blade Dance","Dark Shackles","Master of Strategy"],"campfire_rested":5,"item_purchase_floors":[2,7,7,11,31,31,31,31],"current_hp_per_floor":[59,59,59,57,37,37,37,37,37,56,56,36,36,34,34,14,53,53,35,35,25,23,17,13,34,34,34,34,33,33,33,33,33,62,62,56,32,32,32,53,53,4,4,25,58,55,55,11,28,12,0],"gold":552,"neow_bonus":"UPGRADE_CARD","is_prod":false,"is_daily":false,"chose_seed":false,"campfire_upgraded":5,"win_rate":0,"timestamp":1559369246,"path_taken":["M","?","?","?","?","R","?","R","T","R","$","E","M","E","R","BOSS","M","?","?","M","?","E","M","R","T","?","R","M","M","$","R","BOSS","M","M","M","?","M","R","M","E","T","R","?","M","R","E","R","BOSS","BOSS"],"build_version":"2019-01-23","purchased_purges":3,"victory":false,"max_hp_per_floor":[66,66,66,66,66,66,66,66,66,66,66,66,66,66,66,66,66,66,71,71,71,71,71,71,71,71,71,71,71,71,71,71,71,71,71,71,71,71,71,71,71,71,71,71,58,58,58,58,58,58,58],"card_choices":[{"not_picked":["Cloak And Dagger","Deflect"],"picked":"Dagger Throw","floor":1},{"not_picked":["Dagger Spray","Infinite Blades"],"picked":"Dash","floor":4},{"not_picked":["Tactician","Underhanded Strike","Tools of the Trade"],"picked":"SKIP","floor":12},{"not_picked":["Accuracy","Flechettes"],"picked":"Flying Knee","floor":13},{"not_picked":["PiercingWail","Masterful Stab"],"picked":"All Out Attack","floor":14},{"not_picked":["Storm of Steel","Grand Finale"],"picked":"Malaise","floor":16},{"not_picked":["Sucker Punch","Tactician+1"],"picked":"Backflip","floor":18},{"not_picked":["Dash","Heel Hook+1","Quick Slash"],"picked":"SKIP","floor":21},{"not_picked":["Outmaneuver","Poisoned Stab+1","Sucker Punch+1"],"picked":"SKIP","floor":22},{"not_picked":["Dagger Throw","Dagger Spray"],"picked":"PiercingWail","floor":23},{"not_picked":["PiercingWail","Backflip"],"picked":"After Image","floor":24},{"not_picked":["Poisoned Stab","Slice"],"picked":"Cloak And Dagger","floor":29},{"not_picked":["Distraction","Acrobatics"],"picked":"Blur","floor":30},{"not_picked":["Phantasmal Killer","Burst"],"picked":"Night Terror","floor":33},{"not_picked":["Deflect","Bane"],"picked":"PiercingWail","floor":35},{"not_picked":["Bane","Setup"],"picked":"Cloak And Dagger","floor":36},{"not_picked":["Choke","Sucker Punch","Dagger Throw"],"picked":"SKIP","floor":37},{"not_picked":["A Thousand Cuts","Deflect"],"picked":"Escape Plan","floor":38},{"not_picked":["Setup","Dagger Spray"],"picked":"PiercingWail","floor":39},{"not_picked":["Calculated Gamble","PiercingWail"],"picked":"Cloak And Dagger+1","floor":41},{"not_picked":["Sucker Punch","Prepared"],"picked":"Blur","floor":42},{"not_picked":["Setup+1","Reflex+1","Bouncing Flask"],"picked":"SKIP","floor":46},{"not_picked":["Catalyst","Bullet Time"],"picked":"Infinite Blades","floor":48}],"player_experience":1634735,"relics_obtained":[{"floor":9,"key":"Mummified Hand"},{"floor":12,"key":"MawBank"},{"floor":14,"key":"Kunai"},{"floor":23,"key":"Oddly Smooth Stone"},{"floor":26,"key":"Anchor"},{"floor":42,"key":"Bottled Flame"},{"floor":48,"key":"Orichalcum"}],"event_choices":[{"damage_healed":0,"gold_gain":275,"player_choice":"Desecrate","damage_taken":0,"max_hp_gain":0,"max_hp_loss":0,"event_name":"Golden Shrine","floor":3,"gold_loss":0,"cards_obtained":["Regret"]},{"damage_healed":0,"gold_gain":0,"player_choice":"Entered Light","damage_taken":20,"max_hp_gain":0,"max_hp_loss":0,"event_name":"Shining Light","floor":5,"gold_loss":0,"cards_upgraded":["Dagger Throw","A Thousand Cuts"]},{"damage_healed":0,"gold_gain":0,"player_choice":"Shed Blood","damage_taken":23,"max_hp_gain":5,"max_hp_loss":0,"event_name":"Forgotten Altar","floor":19,"gold_loss":0},{"damage_healed":0,"gold_gain":0,"player_choice":"Bought 1 Potion","damage_taken":0,"max_hp_gain":0,"max_hp_loss":0,"event_name":"The Woman in Blue","floor":20,"gold_loss":0},{"cards_removed":["Strike_G"],"damage_healed":0,"gold_gain":0,"player_choice":"Card Removal","damage_taken":0,"max_hp_gain":0,"max_hp_loss":0,"event_name":"Wheel of Change","floor":27,"gold_loss":0},{"damage_healed":58,"gold_gain":0,"player_choice":"Heal","damage_taken":0,"max_hp_gain":0,"max_hp_loss":13,"event_name":"The Moai Head","floor":45,"gold_loss":0}],"is_beta":false,"boss_relics":[{"not_picked":["Coffee Dripper","Runic Dome"],"picked":"Philosopher\u0027s Stone"},{"not_picked":["Sozu","Cursed Key"],"picked":"Runic Pyramid"}],"items_purged_floors":[7,11,31],"is_endless":false,"potions_floor_spawned":[4,12,13,16,18,23,29,37,38,39,46,48],"killed_by":"Time Eater","ascension_level":20}