{"gold_per_floor":[112,122,47,63,63,63,63,106,130,146,146,167,192,231,231,326,326,346,364,364,377,396,431,8,8,8,8,27,27,52,85,85,178,178,198,217,217,38,61,104,123,123,149,185,200,236,236,271,271,271,271,271,271,90,121,121],"floor_reached":56,"playtime":4000,"items_purged":["Strike_B","Zap+1"],"score":2238,"play_id":"84d32c13-c490-4ef0-9697-21d4ae18e5d4","local_time":"20190610012554","is_ascension_mode":true,"campfire_choices":[{"data":"Zap","floor":6,"key":"SMITH"},{"floor":11,"key":"REST"},{"data":"Defragment","floor":15,"key":"SMITH"},{"data":"Fission","floor":27,"key":"SMITH"},{"data":"Seek","floor":29,"key":"SMITH"},{"data":"Genetic Algorithm","floor":32,"key":"SMITH"},{"floor":49,"key":"RECALL"},{"data":"Apotheosis","floor":53,"key":"SMITH"}],"neow_cost":"PERCENT_DAMAGE","seed_source_timestamp":1021628452876805,"circlet_count":0,"master_deck":["AscendersBane","Dualcast","Self Repair","Gash","Defragment+1","Fusion","Chill","Doom and Gloom","Coolheaded","Seek+1","Fission+1","Coolheaded","Ball Lightning+1","Defragment+1","Electrodynamics","Coolheaded","Conserve Battery","Static Discharge","Genetic Algorithm+1","Buffer","Defragment","Darkness","Recycle","Compile Driver+1","Apotheosis+1","Storm+1","Hologram","Gash+1","Glacier","Hologram","Thunder Strike"],"relics":["Cracked Core","Golden Idol","Oddly Smooth Stone","Ancient Tea Set","Mummified Hand","Runic Pyramid","Bottled Lightning","Pear","Bottled Tornado","Bronze Scales","Singing Bowl","Pandora\u0027s Box","Frozen Egg 2","Meat on the Bone","Mercury Hourglass","Gremlin Horn","Letter Opener"],"potions_floor_usage":[8,16,23,56,56],"damage_taken":[{"damage":0,"enemies":"Jaw Worm","floor":1,"turns":5},{"damage":0,"enemies":"2 Louse","floor":2,"turns":3},{"damage":4,"enemies":"Small Slimes","floor":4,"turns":3},{"damage":29,"enemies":"Lagavulin","floor":8,"turns":8},{"damage":20,"enemies":"Exordium Thugs","floor":10,"turns":5},{"damage":1,"enemies":"3 Louse","floor":12,"turns":2},{"damage":12,"enemies":"Red Slaver","floor":13,"turns":5},{"damage":15,"enemies":"3 Sentries","floor":14,"turns":6},{"damage":19,"enemies":"Hexaghost","floor":16,"turns":9},{"damage":6,"enemies":"Spheric Guardian","floor":18,"turns":5},{"damage":0,"enemies":"3 Byrds","floor":19,"turns":4},{"damage":36,"enemies":"Cultist and Chosen","floor":21,"turns":7},{"damage":0,"enemies":"3 Cultists","floor":22,"turns":3},{"damage":24,"enemies":"Slavers","floor":23,"turns":3},{"damage":0,"enemies":"Sentry and Sphere","floor":28,"turns":4},{"damage":13,"enemies":"Shelled Parasite and Fungi","floor":30,"turns":4},{"damage":6,"enemies":"Book of Stabbing","floor":31,"turns":4},{"damage":20,"enemies":"Champ","floor":33,"turns":10},{"damage":0,"enemies":"3 Shapes","floor":35,"turns":2},{"damage":26,"enemies":"3 Darklings","floor":36,"turns":3},{"damage":0,"enemies":"Writhing Mass","floor":39,"turns":4},{"damage":0,"enemies":"Reptomancer","floor":40,"turns":4},{"damage":0,"enemies":"Transient","floor":41,"turns":6},{"damage":0,"enemies":"Giant Head","floor":44,"turns":6},{"damage":0,"enemies":"Jaw Worm Horde","floor":45,"turns":1},{"damage":1,"enemies":"Nemesis","floor":46,"turns":3},{"damage":0,"enemies":"Reptomancer","floor":48,"turns":3},{"damage":4,"enemies":"Donu and Deca","floor":50,"turns":4},{"damage":44,"enemies":"Time Eater","floor":51,"turns":12},{"damage":0,"enemies":"Shield and Spear","floor":55,"turns":3},{"damage":85,"enemies":"The Heart","floor":56,"turns":5}],"seed_played":"-1578260662616886729","potions_obtained":[{"floor":1,"key":"Weak Potion"},{"floor":4,"key":"Explosive Potion"},{"floor":14,"key":"SkillPotion"},{"floor":16,"key":"LiquidBronze"},{"floor":19,"key":"Strength Potion"},{"floor":41,"key":"LiquidBronze"},{"floor":44,"key":"AttackPotion"},{"floor":45,"key":"EssenceOfSteel"}],"is_trial":false,"path_per_floor":["M","M","?","M","?","R","?","E","T","M","R","M","M","E","R","B",null,"M","M","?","M","M","E","$","T","T","R","M","R","M","E","R","B",null,"M","M","?","$","M","E","M","?","T","E","M","E","?","E","R","B","B",null,"R","$","E","B"],"character_chosen":"DEFECT","items_purchased":["Pear","Static Discharge","Apotheosis","Hologram","Block Potion"],"campfire_rested":1,"item_purchase_floors":[24,24,38,54,54],"current_hp_per_floor":[46,53,53,56,56,56,56,34,34,21,40,46,41,33,33,21,53,54,61,61,32,39,22,32,32,32,32,39,39,33,36,36,23,63,72,53,53,53,63,75,80,80,80,82,84,84,84,84,84,84,62,79,79,79,84,0],"gold":121,"neow_bonus":"REMOVE_TWO","is_prod":false,"is_daily":false,"chose_seed":false,"campfire_upgraded":6,"win_rate":0,"timestamp":1560147954,"path_taken":["M","M","?","M","?","R","?","E","T","M","R","M","M","E","R","BOSS","M","M","?","M","M","E","$","?","T","R","M","R","M","E","R","BOSS","M","M","?","?","?","E","M","?","T","E","M","E","?","E","R","BOSS","BOSS","R","$","E","BOSS"],"build_version":"2019-01-23","purchased_purges":2,"victory":false,"max_hp_per_floor":[71,71,71,71,64,64,64,64,64,64,64,64,64,64,64,64,64,64,64,64,64,64,64,74,74,74,74,74,74,74,76,76,76,76,78,78,78,78,78,80,80,80,80,82,84,84,84,84,84,84,84,84,84,84,84,84],"card_choices":[{"not_picked":["Defragment","Steam"],"picked":"Self Repair","floor":1},{"not_picked":["Steam","Streamline"],"picked":"Gash","floor":2},{"not_picked":["Steam","Recycle"],"picked":"Defragment","floor":4},{"not_picked":["Force Field","Conserve Battery"],"picked":"Chill","floor":8},{"not_picked":["Lockon","Turbo"],"picked":"Doom and Gloom","floor":10},{"not_picked":["Barrage","Conserve Battery"],"picked":"Coolheaded","floor":12},{"not_picked":["Steam","Leap","Steam Power"],"picked":"SKIP","floor":13},{"not_picked":["Stack","Force Field"],"picked":"Seek","floor":14},{"not_picked":["Creative AI","Rainbow"],"picked":"Fission","floor":16},{"not_picked":["Hologram","Lockon+1"],"picked":"Coolheaded","floor":18},{"not_picked":["Lockon","Skim"],"picked":"Ball Lightning+1","floor":19},{"not_picked":["Hologram","Tempest"],"picked":"Electrodynamics","floor":21},{"not_picked":["Stack","Beam Cell"],"picked":"Coolheaded","floor":22},{"not_picked":["Machine Learning","Redo+1"],"picked":"Conserve Battery","floor":23},{"not_picked":["Stack","Consume"],"picked":"Ball Lightning","floor":28},{"not_picked":["Static Discharge","Streamline+1"],"picked":"Genetic Algorithm","floor":30},{"not_picked":["Redo","Double Energy","Compile Driver"],"picked":"Singing Bowl","floor":31},{"not_picked":["Rainbow","Reboot"],"picked":"Buffer","floor":33},{"not_picked":["Leap","Sunder","Blizzard"],"picked":"Singing Bowl","floor":35},{"not_picked":["Hello World","Stack"],"picked":"Compile Driver+1","floor":36},{"not_picked":["Hello World+1","Stack"],"picked":"Storm+1","floor":39},{"not_picked":["Doom and Gloom","Reprogram+1","Fusion+1"],"picked":"Singing Bowl","floor":40},{"not_picked":["Blizzard","Genetic Algorithm"],"picked":"Hologram","floor":41},{"not_picked":["Beam Cell","Redo+1","Auto Shields"],"picked":"Singing Bowl","floor":44},{"not_picked":["Lockon","Doom and Gloom+1","Rebound"],"picked":"Singing Bowl","floor":45},{"not_picked":["Cold Snap","Hello World+1"],"picked":"Gash+1","floor":46},{"not_picked":["Rip and Tear+1","Stack"],"picked":"Glacier","floor":48},{"not_picked":["Beam Cell","Tempest"],"picked":"Thunder Strike","floor":55}],"player_experience":1752765,"relics_obtained":[{"floor":8,"key":"Oddly Smooth Stone"},{"floor":9,"key":"Ancient Tea Set"},{"floor":14,"key":"Mummified Hand"},{"floor":23,"key":"Bottled Lightning"},{"floor":25,"key":"Bottled Tornado"},{"floor":26,"key":"Bronze Scales"},{"floor":31,"key":"Singing Bowl"},{"floor":40,"key":"Meat on the Bone"},{"floor":46,"key":"Mercury Hourglass"},{"floor":48,"key":"Gremlin Horn"},{"floor":55,"key":"Letter Opener"}],"event_choices":[{"cards_removed":["Strike_B"],"damage_healed":0,"gold_gain":0,"player_choice":"Card Removal","damage_taken":0,"max_hp_gain":0,"max_hp_loss":0,"event_name":"The Cleric","floor":3,"gold_loss":75},{"damage_healed":0,"gold_gain":0,"player_choice":"Lose Max HP","damage_taken":0,"relics_obtained":["Golden Idol"],"max_hp_gain":0,"max_hp_loss":7,"event_name":"Golden Idol","floor":5,"gold_loss":0},{"damage_healed":0,"gold_gain":0,"cards_transformed":["Defend_B"],"player_choice":"Change","damage_taken":0,"max_hp_gain":0,"max_hp_loss":0,"event_name":"Living Wall","floor":7,"gold_loss":0,"cards_obtained":["Fusion"]},{"damage_healed":0,"gold_gain":0,"player_choice":"Copied","damage_taken":0,"max_hp_gain":0,"max_hp_loss":0,"event_name":"Duplicator","floor":20,"gold_loss":0,"cards_obtained":["Defragment"]},{"damage_healed":0,"gold_gain":0,"player_choice":"Gave Potion","damage_taken":0,"relics_obtained":["Frozen Egg 2"],"max_hp_gain":0,"max_hp_loss":0,"event_name":"WeMeetAgain","floor":37,"gold_loss":0},{"cards_removed":["Ball Lightning"],"damage_healed":0,"gold_gain":0,"player_choice":"Removed Attack","damage_taken":0,"max_hp_gain":0,"max_hp_loss":0,"event_name":"Falling","floor":42,"gold_loss":0},{"damage_healed":0,"gold_gain":0,"player_choice":"Ignored","damage_taken":0,"max_hp_gain":0,"max_hp_loss":0,"event_name":"Tomb of Lord Red Mask","floor":47,"gold_loss":0}],"is_beta":false,"boss_relics":[{"not_picked":["Astrolabe","Empty Cage"],"picked":"Runic Pyramid"},{"not_picked":["FrozenCore","Busted Crown"],"picked":"Pandora\u0027s Box"}],"items_purged_floors":[24,54],"is_endless":false,"potions_floor_spawned":[1,4,14,16,19,21,22,41,44,45,46],"killed_by":"The Heart","ascension_level":20}