{"gold_per_floor":[111,124,199,124,44,44,72,72,72,72,88,127,127,154,166,271,283,315,347,374,386,431,443,482,494,806,830,867,891,930,955,967,1056,1068,1090,1102,1131,1159,1171,1208,1232,1244,1256,1283,1295,1318,496,523,523,523,523,523,523,6,33,33],"floor_reached":57,"playtime":2667,"items_purged":["Strike_R","Strike_R"],"score":2820,"play_id":"9d7e1489-45e0-4b79-887f-ba9ab27c13fe","local_time":"20190630205441","is_ascension_mode":true,"campfire_choices":[{"data":"Limit Break","floor":6,"key":"SMITH"},{"data":"Bash","floor":10,"key":"SMITH"},{"data":"Disarm","floor":13,"key":"SMITH"},{"data":"Armaments","floor":15,"key":"SMITH"},{"data":"True Grit","floor":23,"key":"SMITH"},{"data":"Spot Weakness","floor":25,"key":"SMITH"},{"data":"Combust","floor":32,"key":"SMITH"},{"floor":42,"key":"RECALL"},{"data":"Feed","floor":45,"key":"SMITH"},{"data":"Disarm","floor":49,"key":"SMITH"},{"data":"Pommel Strike","floor":53,"key":"SMITH"}],"neow_cost":"NONE","seed_source_timestamp":552443535690460,"circlet_count":0,"master_deck":["AscendersBane","Strike_R","Strike_R","Defend_R","Defend_R","Defend_R","Defend_R","Bash+1","Spot Weakness+1","True Grit+1","Limit Break+1","Armaments+1","Combust+1","Disarm+1","Reaper","Shrug It Off","Heavy Blade","Heavy Blade+1","Inflame+1","Pommel Strike+1","Flame Barrier","Ghostly Armor","Feed+1","Battle Trance+1","Enlightenment","Clothesline","Parasite","Shockwave","Pain","Disarm+1","Corruption","Limit Break"],"relics":["Burning Blood","NeowsBlessing","Meat on the Bone","Bloody Idol","Mercury Hourglass","Potion Belt","MawBank","Snecko Eye","Red Mask","Pen Nib","Old Coin","Anchor","Red Skull","Cursed Key","Kunai","Blue Candle","Medical Kit","Pantograph","Happy Flower","Incense Burner","Bag of Preparation"],"potions_floor_usage":[12,12,24,41,56,56,56,56],"damage_taken":[{"damage":0,"enemies":"Cultist","floor":1,"turns":1},{"damage":0,"enemies":"Jaw Worm","floor":2,"turns":1},{"damage":0,"enemies":"Lagavulin","floor":7,"turns":2},{"damage":3,"enemies":"Small Slimes","floor":11,"turns":4},{"damage":13,"enemies":"Gremlin Nob","floor":12,"turns":3},{"damage":24,"enemies":"Hexaghost","floor":16,"turns":9},{"damage":46,"enemies":"Shell Parasite","floor":18,"turns":6},{"damage":33,"enemies":"Chosen","floor":19,"turns":8},{"damage":1,"enemies":"Centurion and Healer","floor":20,"turns":4},{"damage":35,"enemies":"Masked Bandits","floor":22,"turns":4},{"damage":26,"enemies":"Slavers","floor":24,"turns":5},{"damage":33,"enemies":"Cultist and Chosen","floor":27,"turns":5},{"damage":13,"enemies":"Gremlin Leader","floor":28,"turns":6},{"damage":3,"enemies":"Snecko","floor":29,"turns":3},{"damage":30,"enemies":"Snake Plant","floor":31,"turns":4},{"damage":39,"enemies":"Champ","floor":33,"turns":10},{"damage":0,"enemies":"3 Shapes","floor":35,"turns":4},{"damage":7,"enemies":"Orb Walker","floor":37,"turns":3},{"damage":5,"enemies":"4 Shapes","floor":38,"turns":6},{"damage":54,"enemies":"Nemesis","floor":40,"turns":7},{"damage":3,"enemies":"Writhing Mass","floor":41,"turns":7},{"damage":33,"enemies":"Spire Growth","floor":44,"turns":4},{"damage":31,"enemies":"Maw","floor":46,"turns":7},{"damage":26,"enemies":"Reptomancer","floor":48,"turns":4},{"damage":62,"enemies":"Time Eater","floor":50,"turns":11},{"damage":66,"enemies":"Awakened One","floor":51,"turns":8},{"damage":34,"enemies":"Shield and Spear","floor":55,"turns":5},{"damage":109,"enemies":"The Heart","floor":56,"turns":8}],"seed_played":"-4644772441004835904","potions_obtained":[{"floor":1,"key":"SkillPotion"},{"floor":2,"key":"PowerPotion"},{"floor":20,"key":"Strength Potion"},{"floor":22,"key":"SkillPotion"},{"floor":24,"key":"Strength Potion"},{"floor":29,"key":"FearPotion"},{"floor":35,"key":"Dexterity Potion"},{"floor":44,"key":"PowerPotion"}],"is_trial":false,"path_per_floor":["M","M","?","?","$","R","E","?","T","R","M","E","R","T","R","B",null,"M","M","M","?","?","R","E","R","T","M","E","M","T","M","R","B",null,"M","?","M","M","?","E","M","R","T","M","R","M","$","E","R","B","B",null,"R","$","E","B",null],"character_chosen":"IRONCLAD","items_purchased":["Limit Break","Blue Candle","Medical Kit","Pantograph","Incense Burner","LiquidBronze"],"campfire_rested":0,"item_purchase_floors":[5,47,47,47,54,54],"current_hp_per_floor":[74,75,64,64,64,64,70,44,44,44,47,52,52,52,52,46,68,57,45,63,63,51,56,58,63,73,71,75,75,75,56,61,75,75,78,68,78,81,77,53,70,75,80,59,64,65,70,89,89,79,89,95,95,95,97,76],"gold":33,"neow_bonus":"THREE_ENEMY_KILL","is_prod":false,"is_daily":false,"chose_seed":false,"campfire_upgraded":10,"win_rate":0,"timestamp":1561946081,"path_taken":["M","?","?","?","$","R","E","?","T","R","M","E","R","?","R","BOSS","M","M","M","?","?","R","E","R","T","M","E","M","?","M","R","BOSS","M","?","M","M","?","E","?","R","T","M","R","M","$","E","R","BOSS","BOSS","R","$","E","BOSS"],"build_version":"2019-06-29","purchased_purges":2,"victory":true,"max_hp_per_floor":[75,75,75,75,75,75,75,75,75,75,75,75,75,75,75,75,75,75,75,75,75,75,75,75,75,75,75,75,75,75,75,75,75,75,78,78,78,81,77,77,81,81,81,81,81,85,85,89,89,93,97,97,97,97,97,97],"card_choices":[{"not_picked":["Pommel Strike","Twin Strike"],"picked":"Spot Weakness","floor":1},{"not_picked":["Cleave","Brutality"],"picked":"True Grit","floor":2},{"not_picked":["Warcry","Second Wind"],"picked":"Armaments","floor":7},{"not_picked":["Pommel Strike","Thunderclap"],"picked":"Combust","floor":11},{"not_picked":["Entrench","Exhume"],"picked":"Disarm","floor":12},{"not_picked":["Impervious","Limit Break"],"picked":"Reaper","floor":16},{"not_picked":["Clash+1","Sword Boomerang"],"picked":"Shrug It Off","floor":18},{"not_picked":["Thunderclap","Bloodletting"],"picked":"Heavy Blade","floor":19},{"not_picked":["Bloodletting","Flex"],"picked":"Heavy Blade+1","floor":20},{"not_picked":["Flex","Thunderclap"],"picked":"Inflame+1","floor":24},{"not_picked":["Sentinel","Carnage"],"picked":"Pommel Strike","floor":27},{"not_picked":["Power Through","Battle Trance"],"picked":"Flame Barrier","floor":28},{"not_picked":["Intimidate","Rampage"],"picked":"Ghostly Armor","floor":29},{"not_picked":["Perfected Strike","Bloodletting","Sentinel"],"picked":"SKIP","floor":31},{"not_picked":["Dark Embrace","Fiend Fire"],"picked":"Feed","floor":33},{"not_picked":["Clash","Pommel Strike"],"picked":"Battle Trance+1","floor":35},{"not_picked":["Chrysalis","Jack Of All Trades"],"picked":"Enlightenment","floor":36},{"not_picked":["Havoc+1","Infernal Blade"],"picked":"Clothesline","floor":37},{"not_picked":["Warcry","True Grit","Heavy Blade"],"picked":"SKIP","floor":38},{"not_picked":["Clash","Rupture","Flex"],"picked":"SKIP","floor":40},{"not_picked":["Flex","Headbutt"],"picked":"Shockwave","floor":41},{"not_picked":["Whirlwind","Pommel Strike"],"picked":"Disarm","floor":44},{"not_picked":["Demon Form","Headbutt"],"picked":"Corruption","floor":46},{"not_picked":["Warcry","Body Slam+1","Second Wind"],"picked":"SKIP","floor":48},{"not_picked":["Havoc+1","Clash"],"picked":"Limit Break","floor":55}],"player_experience":1608610,"relics_obtained":[{"floor":7,"key":"Meat on the Bone"},{"floor":9,"key":"Mercury Hourglass"},{"floor":12,"key":"Potion Belt"},{"floor":14,"key":"MawBank"},{"floor":22,"key":"Red Mask"},{"floor":24,"key":"Pen Nib"},{"floor":26,"key":"Old Coin"},{"floor":28,"key":"Anchor"},{"floor":30,"key":"Red Skull"},{"floor":40,"key":"Kunai"},{"floor":48,"key":"Happy Flower"},{"floor":55,"key":"Bag of Preparation"}],"event_choices":[{"damage_healed":0,"gold_gain":75,"player_choice":"Gather Gold","damage_taken":11,"max_hp_gain":0,"max_hp_loss":0,"event_name":"World of Goop","floor":3,"gold_loss":0},{"cards_removed":["Strike_R"],"damage_healed":0,"gold_gain":0,"player_choice":"Card Removal","damage_taken":0,"max_hp_gain":0,"max_hp_loss":0,"event_name":"The Cleric","floor":4,"gold_loss":75},{"damage_healed":0,"gold_gain":0,"player_choice":"Take Damage","damage_taken":26,"relics_obtained":["Golden Idol"],"max_hp_gain":0,"max_hp_loss":0,"event_name":"Golden Idol","floor":8,"gold_loss":0},{"damage_healed":0,"gold_gain":0,"player_choice":"Gave Idol","damage_taken":0,"relics_obtained":["Bloody Idol"],"max_hp_gain":0,"max_hp_loss":0,"event_name":"Forgotten Altar","floor":21,"relics_lost":["Golden Idol"],"gold_loss":0},{"damage_healed":0,"gold_gain":0,"player_choice":"Fought Bandits","damage_taken":0,"max_hp_gain":0,"max_hp_loss":0,"event_name":"Masked Bandits","floor":22,"gold_loss":0},{"damage_healed":0,"gold_gain":0,"player_choice":"Memory 3","damage_taken":10,"max_hp_gain":0,"max_hp_loss":0,"event_name":"SensoryStone","floor":36,"gold_loss":0},{"damage_healed":0,"gold_gain":0,"player_choice":"Max HP","damage_taken":0,"max_hp_gain":0,"max_hp_loss":4,"event_name":"Winding Halls","floor":39,"gold_loss":0}],"is_beta":true,"boss_relics":[{"not_picked":["Velvet Choker","Runic Dome"],"picked":"Snecko Eye"},{"not_picked":["Sozu","Empty Cage"],"picked":"Cursed Key"}],"items_purged_floors":[47,54],"is_endless":false,"potions_floor_spawned":[1,2,11,20,22,24,29,35,38,44,48],"ascension_level":20}