{"gold_per_floor":[111,124,134,144,31,31,46,56,110,122,122,155,155,173,173,173],"floor_reached":16,"playtime":1492,"items_purged":["Strike_B"],"score":106,"play_id":"3d016b78-e2ff-49f4-8250-b3d25a0aeeac","local_time":"20190711204530","is_ascension_mode":false,"campfire_choices":[{"data":"Fusion","floor":6,"key":"SMITH"},{"data":"Scrape","floor":13,"key":"SMITH"},{"data":"Fission","floor":15,"key":"SMITH"}],"neow_cost":"NONE","seed_source_timestamp":1463224021174100,"circlet_count":0,"master_deck":["Strike_B","Strike_B","Strike_B","Defend_B","Defend_B","Defend_B","Defend_B","Zap","Dualcast","Gash","Fusion+1","Compile Driver","Double Energy","Scrape+1","Turbo","Leap","Fission+1","Chill"],"relics":["Cracked Core","Ancient Tea Set","Ginger"],"potions_floor_usage":[12,14],"damage_taken":[{"damage":1,"enemies":"Cultist","floor":1,"turns":3},{"damage":0,"enemies":"2 Louse","floor":2,"turns":2},{"damage":6,"enemies":"Jaw Worm","floor":3,"turns":4},{"damage":6,"enemies":"Red Slaver","floor":4,"turns":3},{"damage":5,"enemies":"Looter","floor":7,"turns":3},{"damage":3,"enemies":"Gremlin Gang","floor":8,"turns":4},{"damage":5,"enemies":"2 Fungi Beasts","floor":10,"turns":3},{"damage":9,"enemies":"Gremlin Nob","floor":12,"turns":4},{"damage":6,"enemies":"Exordium Wildlife","floor":14,"turns":5},{"damage":83,"enemies":"Hexaghost","floor":16,"turns":11}],"seed_played":"3612329418986522001","potions_obtained":[{"floor":2,"key":"Poison Potion"},{"floor":3,"key":"Regen Potion"},{"floor":4,"key":"Ancient Potion"},{"floor":10,"key":"Fire Potion"}],"is_trial":false,"path_per_floor":["M","M","M","M","$","R","M","M","T","M","?","E","R","M","R","B"],"character_chosen":"DEFECT","items_purchased":["Scrape"],"campfire_rested":0,"item_purchase_floors":[5],"current_hp_per_floor":[81,81,75,69,69,69,64,61,61,56,82,73,73,81,81,0],"gold":173,"neow_bonus":"TEN_PERCENT_HP_BONUS","is_prod":false,"is_daily":false,"chose_seed":false,"campfire_upgraded":3,"win_rate":0,"timestamp":1562892330,"path_taken":["M","M","M","M","$","R","M","M","T","M","?","E","R","M","R","BOSS"],"build_version":"2019-07-05","purchased_purges":1,"victory":false,"max_hp_per_floor":[82,82,82,82,82,82,82,82,82,82,82,82,82,82,82,82],"card_choices":[{"not_picked":["Steam","Chaos"],"picked":"Gash","floor":1},{"not_picked":["Barrage","Leap"],"picked":"Fusion","floor":2},{"not_picked":["Sweeping Beam","Doom and Gloom"],"picked":"Compile Driver","floor":3},{"not_picked":["Fusion","Coolheaded"],"picked":"Double Energy","floor":4},{"not_picked":["Coolheaded","Cold Snap"],"picked":"Turbo","floor":7},{"not_picked":["Stack","Cold Snap"],"picked":"Leap","floor":8},{"not_picked":["Streamline","Lockon","Redo"],"picked":"SKIP","floor":10},{"not_picked":["Self Repair","Fusion"],"picked":"Fission","floor":12},{"not_picked":["Rebound","Scrape"],"picked":"Chill","floor":14}],"player_experience":56404,"relics_obtained":[{"floor":9,"key":"Ancient Tea Set"},{"floor":12,"key":"Ginger"}],"event_choices":[{"damage_healed":27,"gold_gain":0,"player_choice":"Banana","damage_taken":0,"max_hp_gain":0,"max_hp_loss":0,"event_name":"Big Fish","floor":11,"gold_loss":0}],"is_beta":false,"boss_relics":[],"items_purged_floors":[5],"is_endless":false,"potions_floor_spawned":[2,3,4,10],"killed_by":"Hexaghost","ascension_level":0}