{"gold_per_floor":[110,126,139,139,139,139,173,126,126,145,165,165,177,194,194,295,295,305,305,321,154,173,173,173,173,173,187,206,278,278,278,278,381,381,393,393,267,267,4,4,21,21,48,48,48,48,48],"floor_reached":47,"playtime":5766,"items_purged":["Writhe"],"score":742,"play_id":"f9e0cf94-16ac-4bb3-934a-953a054dc72b","local_time":"20190712150430","is_ascension_mode":true,"campfire_choices":[{"data":"True Grit","floor":6.0,"key":"SMITH"},{"data":"Bash","floor":12.0,"key":"SMITH"},{"data":"Clothesline","floor":15.0,"key":"SMITH"},{"data":"Feel No Pain","floor":23.0,"key":"SMITH"},{"data":"Anger","floor":25.0,"key":"SMITH"},{"data":"Shockwave","floor":30.0,"key":"SMITH"},{"data":"Headbutt","floor":32.0,"key":"SMITH"},{"data":"Defend_R","floor":40,"key":"SMITH"},{"data":"Heavy Blade","floor":42,"key":"SMITH"},{"data":"Defend_R","floor":44,"key":"SMITH"},{"data":"Defend_R","floor":46,"key":"SMITH"}],"neow_cost":"TEN_PERCENT_HP_LOSS","seed_source_timestamp":202894982632723,"circlet_count":0,"master_deck":["AscendersBane","Strike_R","Strike_R","Strike_R","Strike_R","Defend_R+1","Defend_R+1","Defend_R","Defend_R+1","Bash+1","Armaments+1","True Grit+1","Shockwave+1","Disarm+1","Shrug It Off+1","Shrug It Off+1","Feel No Pain+1","Flex+1","Exhume+1","Armaments+1","Seeing Red+1","Anger+1","Headbutt+1","Burning Pact+1","Blind+1","Second Wind+1","J.A.X.+1","Body Slam+1","Disarm+1","Limit Break+1","Thinking Ahead+1","Trip+1","Spot Weakness+1","Limit Break+1","Heavy Blade+1"],"special_seed":0,"relics":["Burning Blood","Torii","Toxic Egg 2","Bottled Lightning","Runic Cube","Ornamental Fan","Pantograph","Juzu Bracelet","Mark of Pain","DollysMirror","Potion Belt"],"potions_floor_usage":[47],"damage_taken":[{"damage":1.0,"enemies":"2 Louse","floor":1.0,"turns":3.0},{"damage":12.0,"enemies":"Jaw Worm","floor":2.0,"turns":4.0},{"damage":10.0,"enemies":"Cultist","floor":3.0,"turns":4.0},{"damage":22.0,"enemies":"3 Sentries","floor":7.0,"turns":10.0},{"damage":1.0,"enemies":"2 Fungi Beasts","floor":10.0,"turns":6.0},{"damage":2.0,"enemies":"Exordium Wildlife","floor":11.0,"turns":6.0},{"damage":2.0,"enemies":"Blue Slaver","floor":13.0,"turns":4.0},{"damage":1.0,"enemies":"Looter","floor":14.0,"turns":4.0},{"damage":17.0,"enemies":"Hexaghost","floor":16.0,"turns":17.0},{"damage":19.0,"enemies":"Chosen","floor":18.0,"turns":8.0},{"damage":2.0,"enemies":"Shell Parasite","floor":20.0,"turns":8.0},{"damage":6.0,"enemies":"Snecko","floor":22.0,"turns":8.0},{"damage":11.0,"enemies":"Centurion and Healer","floor":27.0,"turns":11.0},{"damage":11.0,"enemies":"Chosen and Byrds","floor":28.0,"turns":9.0},{"damage":70.0,"enemies":"Collector","floor":33.0,"turns":11.0},{"damage":5,"enemies":"3 Shapes","floor":35,"turns":13},{"damage":3,"enemies":"Orb Walker","floor":41,"turns":4},{"damage":80,"enemies":"Giant Head","floor":47,"turns":8}],"seed_played":"3177665295402825409","potions_obtained":[{"floor":1.0,"key":"GamblersBrew"},{"floor":2.0,"key":"SkillPotion"},{"floor":11.0,"key":"Block Potion"},{"floor":13.0,"key":"SpeedPotion"},{"floor":18.0,"key":"Poison Potion"},{"floor":22.0,"key":"Poison Potion"}],"is_trial":false,"path_per_floor":["M","M","M","?","?","R","E","$","T","M","M","R","M","M","R","B",null,"M","?","M","$","M","R","?","R","T","M","M","T","R","?","R","B",null,"M","?","$","?","$","R","M","R","T","R","?","R","E"],"character_chosen":"IRONCLAD","items_purchased":["Shrug It Off+1","Burning Pact+1","Blind+1","Dexterity Potion","Spot Weakness+1","DollysMirror"],"campfire_rested":0,"item_purchase_floors":[8,21,21,37,39,39],"current_hp_per_floor":[72,66,62,55,55,55,39,39,39,44,48,48,52,57,57,46,66,53,53,57,57,57,57,57,57,57,52,47,47,47,47,47,8,56,57,72,72,67,67,67,70,70,70,70,70,70,0],"gold":48,"neow_bonus":"ONE_RARE_RELIC","is_prod":false,"is_daily":false,"chose_seed":false,"campfire_upgraded":11,"win_rate":0,"timestamp":1562958270,"path_taken":["M","M","M","?","?","R","E","$","T","M","M","R","M","M","R","BOSS","M","?","?","$","M","R","?","R","T","M","M","?","R","?","R","BOSS","M","?","$","?","$","R","M","R","T","R","?","R","E"],"build_version":"2019-07-05","purchased_purges":1,"victory":false,"max_hp_per_floor":[72,72,72,72,72,72,72,72,72,72,72,72,72,72,72,72,72,72,72,72,72,72,72,72,72,72,72,72,72,72,72,72,72,72,72,72,72,72,72,72,72,72,72,72,72,72,72],"card_choices":[{"not_picked":["Hemokinesis","Thunderclap"],"picked":"Armaments","floor":1.0},{"not_picked":["Bloodletting","Clothesline"],"picked":"True Grit","floor":2.0},{"not_picked":["Pommel Strike","Thunderclap"],"picked":"Shockwave","floor":3.0},{"not_picked":["Searing Blow","Evolve"],"picked":"Disarm","floor":7.0},{"not_picked":["Searing Blow","Dropkick"],"picked":"Clothesline","floor":10.0},{"not_picked":["Iron Wave","Rampage"],"picked":"Shrug It Off+1","floor":11.0},{"not_picked":["Power Through+1","Perfected Strike"],"picked":"Feel No Pain","floor":13.0},{"not_picked":["Perfected Strike","Sword Boomerang"],"picked":"Flex+1","floor":14.0},{"not_picked":["Barricade","Fiend Fire"],"picked":"Exhume+1","floor":16.0},{"not_picked":["Rage+1","Flex+1"],"picked":"Armaments+1","floor":18.0},{"not_picked":["Infernal Blade+1","Twin Strike"],"picked":"Headbutt","floor":20.0},{"not_picked":["Bloodletting+1","Seeing Red+1"],"picked":"Second Wind+1","floor":22.0},{"not_picked":["Intimidate+1","Heavy Blade"],"picked":"Body Slam+1","floor":27.0},{"not_picked":["Infernal Blade+1","Warcry+1"],"picked":"Disarm+1","floor":28.0},{"not_picked":["Double Tap+1","Brutality"],"picked":"Limit Break+1","floor":33.0},{"not_picked":["Twin Strike+1","Reckless Charge","Flex+1"],"picked":"SKIP","floor":35},{"not_picked":["Dramatic Entrance","The Bomb+1"],"picked":"Thinking Ahead+1","floor":38},{"not_picked":["Thinking Ahead+1","Finesse+1"],"picked":"Trip+1","floor":38},{"not_picked":["Pommel Strike","Fire Breathing+1"],"picked":"Heavy Blade","floor":41}],"player_experience":485862,"relics_obtained":[{"floor":7.0,"key":"Toxic Egg 2"},{"floor":9.0,"key":"Bottled Lightning"},{"floor":26.0,"key":"Ornamental Fan"},{"floor":29.0,"key":"Pantograph"},{"floor":43,"key":"Potion Belt"}],"event_choices":[{"cards_removed":["Strike_R"],"damage_healed":0.0,"max_hp_gain":0.0,"max_hp_loss":0.0,"gold_gain":0.0,"event_name":"Golden Wing","player_choice":"Card Removal","floor":4.0,"gold_loss":0.0,"damage_taken":7.0},{"damage_healed":0.0,"max_hp_gain":0.0,"max_hp_loss":0.0,"gold_gain":0.0,"event_name":"Living Wall","player_choice":"Grow","floor":5.0,"gold_loss":0.0,"damage_taken":0.0,"cards_upgraded":["Armaments"]},{"damage_healed":0.0,"max_hp_gain":0.0,"max_hp_loss":0.0,"gold_gain":0.0,"event_name":"Match and Keep!","player_choice":"2 cards matched","floor":19.0,"gold_loss":0.0,"damage_taken":0.0,"cards_obtained":["Seeing Red","Anger"]},{"damage_healed":0.0,"max_hp_gain":0.0,"max_hp_loss":0.0,"gold_gain":0.0,"event_name":"Match and Keep!","player_choice":"2 cards matched","floor":19.0,"gold_loss":0.0,"damage_taken":0.0,"cards_obtained":["Seeing Red","Anger"]},{"damage_healed":0.0,"max_hp_gain":0.0,"max_hp_loss":0.0,"gold_gain":0.0,"event_name":"Drug Dealer","player_choice":"Obtain J.A.X.","floor":24.0,"gold_loss":0.0,"damage_taken":0.0,"cards_obtained":["J.A.X."]},{"damage_healed":0.0,"max_hp_gain":0.0,"max_hp_loss":0.0,"gold_gain":0.0,"event_name":"The Mausoleum","player_choice":"Opened","floor":31.0,"gold_loss":0.0,"damage_taken":0.0,"relics_obtained":["Juzu Bracelet"]},{"damage_healed":18,"gold_gain":0,"player_choice":"Writhe","damage_taken":0,"max_hp_gain":0,"max_hp_loss":0,"event_name":"Winding Halls","floor":36,"gold_loss":0,"cards_obtained":["Writhe"]},{"damage_healed":0,"gold_gain":0,"player_choice":"Memory 2","damage_taken":5,"max_hp_gain":0,"max_hp_loss":0,"event_name":"SensoryStone","floor":38,"gold_loss":0},{"cards_removed":["Clothesline"],"damage_healed":0,"gold_gain":0,"player_choice":"Removed Attack","damage_taken":0,"max_hp_gain":0,"max_hp_loss":0,"event_name":"Falling","floor":45,"gold_loss":0}],"is_beta":false,"boss_relics":[{"not_picked":["Runic Dome","Calling Bell"],"picked":"Runic Cube"},{"not_picked":["Empty Cage","Lizard Tail"],"picked":"Mark of Pain"}],"items_purged_floors":[37],"is_endless":false,"potions_floor_spawned":[1,2,11,13,18,22],"killed_by":"Giant Head","ascension_level":12}