{"gold_per_floor":[111,6,23,23,39,39,39,56,56,75,75,75,75,150,150,253,253,237,253,271,283,20,20,20,36,36,36,61,74,74],"floor_reached":30,"playtime":3818,"items_purged":["Parasite"],"score":242,"play_id":"e2030271-d035-4339-86a4-7a4964756d37","local_time":"20190710023959","is_ascension_mode":false,"campfire_choices":[{"data":"Creative AI","floor":6,"key":"SMITH"},{"floor":12,"key":"DIG"},{"floor":15,"key":"REST"},{"floor":23,"key":"REST"},{"data":"Capacitor","floor":27,"key":"SMITH"}],"neow_cost":"PERCENT_DAMAGE","seed_source_timestamp":1309358338705500,"circlet_count":0,"master_deck":["Defend_B","Zap","Dualcast","Seek","Creative AI+1","Stack","Storm","Compile Driver","Steam","Aggregate","Conserve Battery","Steam Power","Seek","Reinforced Body+1","Barrage+1","Cold Snap+1","Auto Shields+1","Go for the Eyes","Glacier+1","Capacitor+1","Melter","Ball Lightning","Coolheaded","Loop","Hologram"],"relics":["Cracked Core","Shovel","Regal Pillow","Dream Catcher","Nloth\u0027s Gift","Unceasing Top","Darkstone Periapt"],"potions_floor_usage":[16,16,16,28,28],"damage_taken":[{"damage":1,"enemies":"Small Slimes","floor":1,"turns":4},{"damage":12,"enemies":"Cultist","floor":3,"turns":5},{"damage":6,"enemies":"Jaw Worm","floor":5,"turns":5},{"damage":4,"enemies":"Looter","floor":8,"turns":4},{"damage":9,"enemies":"3 Louse","floor":10,"turns":5},{"damage":38,"enemies":"The Guardian","floor":16,"turns":9},{"damage":27,"enemies":"2 Thieves","floor":18,"turns":4},{"damage":11,"enemies":"3 Byrds","floor":19,"turns":8},{"damage":10,"enemies":"Snake Plant","floor":20,"turns":6},{"damage":6,"enemies":"Shelled Parasite and Fungi","floor":21,"turns":10},{"damage":9,"enemies":"Sentry and Sphere","floor":25,"turns":4},{"damage":14,"enemies":"Book of Stabbing","floor":28,"turns":8},{"damage":16,"enemies":"Centurion and Healer","floor":29,"turns":9},{"damage":23,"enemies":"Gremlin Leader","floor":30,"turns":4}],"seed_played":"-1323834979006063841","potions_obtained":[{"floor":1,"key":"Weak Potion"},{"floor":3,"key":"FocusPotion"},{"floor":5,"key":"Regen Potion"},{"floor":16,"key":"SkillPotion"},{"floor":19,"key":"Ancient Potion"},{"floor":20,"key":"Energy Potion"},{"floor":21,"key":"Weak Potion"}],"is_trial":false,"path_per_floor":["M","$","M","?","M","R","?","M","T","M","?","R","?","?","R","B",null,"M","M","M","M","$","R","?","M","T","R","E","M","E"],"character_chosen":"DEFECT","items_purchased":["Storm","Compile Driver","Dream Catcher","Melter"],"campfire_rested":2,"item_purchase_floors":[2,2,22,22],"current_hp_per_floor":[53,53,41,41,35,35,53,49,49,40,33,33,26,15,52,28,75,48,37,27,21,21,57,57,48,48,48,34,18,0],"gold":74,"neow_bonus":"TRANSFORM_TWO_CARDS","is_prod":false,"is_daily":false,"chose_seed":false,"campfire_upgraded":2,"win_rate":0,"timestamp":1562740799,"path_taken":["M","$","M","?","?","R","?","M","T","M","?","R","?","?","R","BOSS","M","M","M","M","$","R","?","M","T","R","E","M","E"],"build_version":"2019-07-05","purchased_purges":1,"victory":false,"max_hp_per_floor":[75,75,75,75,75,75,75,75,75,75,75,75,75,75,75,75,75,75,75,75,75,72,72,72,72,72,72,72,72,72],"card_choices":[{"not_picked":["Double Energy","Self Repair"],"picked":"Stack","floor":1},{"not_picked":["Barrage","Hologram"],"picked":"Steam","floor":3},{"not_picked":["Multi-Cast","Sweeping Beam"],"picked":"Aggregate","floor":5},{"not_picked":["Skim","Steam"],"picked":"Conserve Battery","floor":8},{"not_picked":["Melter","Streamline"],"picked":"Steam Power","floor":10},{"not_picked":["Thunder Strike","Echo Form"],"picked":"Seek","floor":16},{"not_picked":["Defragment","Reprogram"],"picked":"Auto Shields+1","floor":18},{"not_picked":["Redo","Conserve Battery"],"picked":"Go for the Eyes","floor":19},{"not_picked":["Steam","Barrage"],"picked":"Glacier+1","floor":20},{"not_picked":["Storm","Cold Snap"],"picked":"Capacitor","floor":21},{"not_picked":["Beam Cell+1","Genetic Algorithm"],"picked":"Ball Lightning","floor":23},{"not_picked":["Sweeping Beam","Auto Shields"],"picked":"Coolheaded","floor":25},{"not_picked":["Seek","Cold Snap"],"picked":"Loop","floor":28},{"not_picked":["Rip and Tear","Beam Cell"],"picked":"Hologram","floor":29}],"player_experience":45151,"relics_obtained":[{"floor":12,"key":"Regal Pillow"},{"floor":26,"key":"Unceasing Top"},{"floor":28,"key":"Darkstone Periapt"}],"event_choices":[{"cards_removed":["Strike_B"],"damage_healed":0,"gold_gain":0,"player_choice":"Purged","damage_taken":0,"max_hp_gain":0,"max_hp_loss":0,"event_name":"Purifier","floor":4,"gold_loss":0},{"damage_healed":18,"gold_gain":0,"player_choice":"Healed and dodged fight","damage_taken":0,"max_hp_gain":0,"max_hp_loss":0,"event_name":"Mushrooms","floor":7,"gold_loss":0,"cards_obtained":["Parasite"]},{"damage_healed":0,"gold_gain":0,"player_choice":"Success","damage_taken":7,"relics_obtained":["Shovel"],"max_hp_gain":0,"max_hp_loss":0,"event_name":"Scrap Ooze","floor":11,"gold_loss":0},{"cards_removed":["Defend_B"],"damage_healed":0,"gold_gain":0,"player_choice":"Card Removal","damage_taken":7,"max_hp_gain":0,"max_hp_loss":0,"event_name":"Golden Wing","floor":13,"gold_loss":0},{"damage_healed":0,"gold_gain":75,"player_choice":"Gather Gold","damage_taken":11,"max_hp_gain":0,"max_hp_loss":0,"event_name":"World of Goop","floor":14,"gold_loss":0},{"damage_healed":0,"gold_gain":0,"player_choice":"Traded Relic","damage_taken":0,"relics_obtained":["Nloth\u0027s Gift"],"max_hp_gain":0,"max_hp_loss":0,"event_name":"N\u0027loth","floor":24,"relics_lost":["Astrolabe"],"gold_loss":0}],"is_beta":false,"boss_relics":[{"not_picked":["Busted Crown","Empty Cage"],"picked":"Astrolabe"}],"items_purged_floors":[22],"is_endless":false,"potions_floor_spawned":[1,3,5,10,16,19,20,21],"killed_by":"Gremlin Leader","ascension_level":0}