{"gold_per_floor":[109,129,146,165,183,217,217,230,279,289,289,289,23,38,38,110,110,121,121,131,111,15,15,15,15,15,26,43,43,60,70,70,70],"floor_reached":33,"playtime":1030,"items_purged":[],"score":506,"play_id":"2cfdf093-86e7-4c89-9c6b-ce6edcdd9b29","local_time":"20190713071532","is_ascension_mode":true,"campfire_choices":[{"floor":7,"key":"REST"},{"floor":12,"key":"REST"},{"data":"Wraith Form v2","floor":15,"key":"SMITH"},{"data":"Footwork","floor":23,"key":"SMITH"},{"data":"Predator","floor":25,"key":"SMITH"},{"floor":32,"key":"REST"}],"neow_cost":"NONE","seed_source_timestamp":85073749497102,"circlet_count":0,"master_deck":["AscendersBane","Strike_G+1","Strike_G+1","Strike_G+1","Strike_G+1","Strike_G+1","Defend_G+1","Defend_G+1","Defend_G+1","Defend_G+1","Defend_G+1","Survivor","Neutralize+1","Predator+1","Poisoned Stab","Dash","Poisoned Stab+1","Poisoned Stab","Backflip","Wraith Form v2+1","Panacea","PiercingWail","After Image","Dagger Spray","Dash","Footwork+1","Backflip","Deadly Poison"],"relics":["Ring of the Serpent","NeowsBlessing","Letter Opener","Whetstone","Dead Branch"],"potions_floor_usage":[6,6,16,18,28,28,33],"damage_taken":[{"damage":0,"enemies":"Cultist","floor":1,"turns":1},{"damage":0,"enemies":"Small Slimes","floor":2,"turns":1},{"damage":0,"enemies":"Jaw Worm","floor":3,"turns":1},{"damage":23,"enemies":"Gremlin Gang","floor":4,"turns":7},{"damage":8,"enemies":"3 Louse","floor":5,"turns":5},{"damage":8,"enemies":"Gremlin Nob","floor":6,"turns":3},{"damage":35,"enemies":"Exordium Thugs","floor":8,"turns":6},{"damage":4,"enemies":"Large Slime","floor":10,"turns":7},{"damage":0,"enemies":"Blue Slaver","floor":14,"turns":4},{"damage":13,"enemies":"The Guardian","floor":16,"turns":11},{"damage":2,"enemies":"Spheric Guardian","floor":18,"turns":4},{"damage":16,"enemies":"3 Byrds","floor":20,"turns":6},{"damage":1,"enemies":"Snecko","floor":27,"turns":6},{"damage":5,"enemies":"Centurion and Healer","floor":28,"turns":9},{"damage":6,"enemies":"Snake Plant","floor":30,"turns":4},{"damage":20,"enemies":"Snecko","floor":31,"turns":6},{"damage":23,"enemies":"Automaton","floor":33,"turns":10}],"seed_played":"-8042250375541654699","potions_obtained":[{"floor":1,"key":"FearPotion"},{"floor":3,"key":"Regen Potion"},{"floor":8,"key":"Poison Potion"},{"floor":16,"key":"Poison Potion"},{"floor":18,"key":"SneckoOil"},{"floor":20,"key":"Poison Potion"},{"floor":21,"key":"GhostInAJar"},{"floor":28,"key":"Fire Potion"},{"floor":30,"key":"PowerPotion"}],"is_trial":false,"path_per_floor":["M","M","M","M","M","E","R","M","T","M","?","R","$","M","R","B",null,"M","?","M","?","$","R","?","R","T","M","M","?","M","M","R","B"],"character_chosen":"THE_SILENT","items_purchased":["Wraith Form v2","Panacea","Footwork","Backflip"],"campfire_rested":3,"item_purchase_floors":[13,13,22,22],"current_hp_per_floor":[59,59,59,36,28,29,48,13,13,9,9,28,28,28,28,15,53,51,51,35,35,35,35,35,35,35,34,29,29,23,3,22,0],"gold":70,"neow_bonus":"THREE_ENEMY_KILL","is_prod":false,"is_daily":false,"chose_seed":false,"campfire_upgraded":3,"win_rate":0,"timestamp":1562969732,"path_taken":["M","?","M","M","M","E","R","M","T","M","?","R","$","M","R","BOSS","M","?","?","?","?","R","?","R","T","M","?","?","M","M","R","BOSS"],"build_version":"2019-07-05","purchased_purges":0,"victory":false,"max_hp_per_floor":[66,66,66,66,66,66,66,66,66,66,66,66,66,66,66,66,66,66,66,66,66,66,66,66,66,66,66,66,66,66,66,66,66],"card_choices":[{"not_picked":["Prepared","Sucker Punch"],"picked":"Predator","floor":1},{"not_picked":["Dodge and Roll","Finisher"],"picked":"Poisoned Stab","floor":2},{"not_picked":["Storm of Steel","Tactician","Distraction"],"picked":"SKIP","floor":3},{"not_picked":["Slice","Underhanded Strike"],"picked":"Dash","floor":4},{"not_picked":["Deflect","Noxious Fumes"],"picked":"Poisoned Stab","floor":5},{"not_picked":["Slice","Flying Knee","Underhanded Strike"],"picked":"SKIP","floor":6},{"not_picked":["PiercingWail","Accuracy"],"picked":"Poisoned Stab","floor":8},{"not_picked":["Bouncing Flask","Burst"],"picked":"Backflip","floor":10},{"not_picked":["Outmaneuver","Bane"],"picked":"PiercingWail","floor":14},{"not_picked":["Burst","Glass Knife"],"picked":"After Image","floor":16},{"not_picked":["Masterful Stab","Prepared"],"picked":"Dagger Spray","floor":18},{"not_picked":["Finisher","Dagger Spray"],"picked":"Dash","floor":20},{"not_picked":["Caltrops","Bane","Flying Knee"],"picked":"SKIP","floor":27},{"not_picked":["Dagger Spray","Backflip"],"picked":"Deadly Poison","floor":28},{"not_picked":["Accuracy","Deflect","All Out Attack"],"picked":"SKIP","floor":30},{"not_picked":["Finisher+1","Tools of the Trade","Deadly Poison+1"],"picked":"SKIP","floor":31}],"player_experience":771400,"relics_obtained":[{"floor":6,"key":"Letter Opener"},{"floor":9,"key":"Whetstone"},{"floor":26,"key":"Dead Branch"}],"event_choices":[{"damage_healed":0,"gold_gain":0,"player_choice":"Fled","damage_taken":0,"max_hp_gain":0,"max_hp_loss":0,"event_name":"Scrap Ooze","floor":11,"gold_loss":0},{"damage_healed":0,"gold_gain":0,"player_choice":"Upgraded","damage_taken":0,"max_hp_gain":0,"max_hp_loss":0,"event_name":"Upgrade Shrine","floor":19,"gold_loss":0,"cards_upgraded":["Neutralize"]},{"damage_healed":0,"gold_gain":0,"player_choice":"Bought 1 Potion","damage_taken":0,"max_hp_gain":0,"max_hp_loss":0,"event_name":"The Woman in Blue","floor":21,"gold_loss":0},{"damage_healed":0,"gold_gain":0,"player_choice":"Simplicity","damage_taken":0,"max_hp_gain":0,"max_hp_loss":0,"event_name":"Back to Basics","floor":29,"gold_loss":0,"cards_upgraded":["Strike_G","Strike_G","Strike_G","Strike_G","Defend_G","Defend_G","Defend_G","Defend_G","Defend_G"]}],"is_beta":false,"boss_relics":[{"not_picked":["Orrery","Sozu"],"picked":"Ring of the Serpent"}],"items_purged_floors":[],"is_endless":false,"potions_floor_spawned":[1,3,8,16,18,20,28,30],"killed_by":"Automaton","ascension_level":20}