{"gold_per_floor":[111,61,61,2,14,46,63,79,79,91,91,108,108,128,128,229,229,229,154,154,54,54,54,54,54,54,54,54,54,54,54],"floor_reached":31,"playtime":2615,"items_purged":["Strike_R","Strike_R"],"score":257,"play_id":"95640248-b2fd-458e-b93e-53b663ef5b9a","local_time":"20190706231040","is_ascension_mode":false,"campfire_choices":[{"data":"Whirlwind","floor":11.0,"key":"SMITH"},{"floor":13.0,"key":"REST"},{"data":"Hemokinesis","floor":15.0,"key":"SMITH"},{"data":"Reaper","floor":23,"key":"SMITH"},{"floor":25,"key":"REST"},{"data":"Bash","floor":27,"key":"SMITH"},{"floor":29,"key":"REST"}],"neow_cost":"NONE","seed_source_timestamp":0,"circlet_count":0,"master_deck":["Strike_R","Defend_R","Defend_R","Defend_R","Defend_R","Bash+1","Fire Breathing","Shrug It Off","Shrug It Off","Hemokinesis+1","Whirlwind+1","Limit Break","Shrug It Off","Reaper+1"],"special_seed":0,"relics":["Burning Blood","Letter Opener","Gambling Chip","Strawberry","Pocketwatch","Ectoplasm","Lantern","Frozen Egg 2"],"potions_floor_usage":[30,31],"damage_taken":[{"damage":12.0,"enemies":"Small Slimes","floor":1.0,"turns":4.0},{"damage":5.0,"enemies":"Jaw Worm","floor":5.0,"turns":6.0},{"damage":35.0,"enemies":"3 Sentries","floor":6.0,"turns":11.0},{"damage":1.0,"enemies":"Cultist","floor":7.0,"turns":4.0},{"damage":17.0,"enemies":"Gremlin Gang","floor":8.0,"turns":5.0},{"damage":5.0,"enemies":"Lots of Slimes","floor":10.0,"turns":2.0},{"damage":15.0,"enemies":"Exordium Wildlife","floor":12.0,"turns":4.0},{"damage":13.0,"enemies":"Looter","floor":14.0,"turns":2.0},{"damage":30.0,"enemies":"The Guardian","floor":16.0,"turns":15.0},{"damage":22.0,"enemies":"Spheric Guardian","floor":18.0,"turns":4.0},{"damage":4,"enemies":"Chosen","floor":20,"turns":4},{"damage":49,"enemies":"Slavers","floor":24,"turns":4},{"damage":42,"enemies":"Snake Plant","floor":28,"turns":5},{"damage":18,"enemies":"Centurion and Healer","floor":30,"turns":5},{"damage":61,"enemies":"Book of Stabbing","floor":31,"turns":8}],"seed_played":"-207083934317991593","potions_obtained":[{"floor":5.0,"key":"FearPotion"},{"floor":7.0,"key":"PowerPotion"},{"floor":14.0,"key":"Ancient Potion"},{"floor":16.0,"key":"Dexterity Potion"},{"floor":20,"key":"Regen Potion"},{"floor":28,"key":"Poison Potion"}],"is_trial":false,"path_per_floor":["M","?","?","?","M","E","M","M","T","M","R","M","R","M","R","B",null,"M","$","M","$","?","R","E","R","T","R","M","R","M","E"],"character_chosen":"IRONCLAD","items_purchased":[],"campfire_rested":3,"item_purchase_floors":[],"current_hp_per_floor":[74,74,67,67,68,46,51,40,40,41,41,32,58,51,51,27,87,71,71,77,77,77,77,40,66,66,66,37,63,51,0],"gold":54,"neow_bonus":"TRANSFORM_CARD","is_prod":false,"is_daily":false,"chose_seed":false,"campfire_upgraded":4,"win_rate":0,"timestamp":1562469040,"path_taken":["M","?","?","?","?","E","M","M","T","M","R","M","R","M","R","BOSS","M","$","?","?","?","R","E","R","T","R","M","R","M","E"],"build_version":"2019-07-05","purchased_purges":2,"victory":false,"max_hp_per_floor":[80,80,80,80,80,87,87,87,87,87,87,87,87,87,87,87,87,87,87,87,87,87,87,87,87,87,87,87,87,87,87],"card_choices":[{"not_picked":["Wild Strike","Thunderclap"],"picked":"Shrug It Off","floor":1.0},{"not_picked":["Iron Wave","True Grit"],"picked":"Shrug It Off","floor":5.0},{"not_picked":["Iron Wave","Sever Soul"],"picked":"Hemokinesis","floor":6.0},{"not_picked":["Combust","Clash"],"picked":"Whirlwind","floor":7.0},{"not_picked":["Blood for Blood","Flex","Cleave"],"picked":"SKIP","floor":8.0},{"not_picked":["Pommel Strike","Perfected Strike","Ghostly Armor"],"picked":"SKIP","floor":10.0},{"not_picked":["Sword Boomerang","Armaments"],"picked":"Limit Break","floor":12.0},{"not_picked":["Perfected Strike","Clash"],"picked":"Shrug It Off","floor":14.0},{"not_picked":["Berserk","Bludgeon"],"picked":"Reaper","floor":16.0},{"not_picked":["Ghostly Armor","Pommel Strike","Wild Strike"],"picked":"SKIP","floor":18.0},{"not_picked":["Clothesline","True Grit","Pommel Strike"],"picked":"SKIP","floor":20},{"not_picked":["Heavy Blade","Combust","Armaments"],"picked":"SKIP","floor":24},{"not_picked":["Wild Strike","Headbutt","Limit Break"],"picked":"SKIP","floor":28},{"not_picked":["Headbutt","Heavy Blade","Shockwave"],"picked":"SKIP","floor":30}],"player_experience":83941,"relics_obtained":[{"floor":6.0,"key":"Strawberry"},{"floor":9.0,"key":"Pocketwatch"},{"floor":24,"key":"Lantern"},{"floor":26,"key":"Frozen Egg 2"}],"event_choices":[{"cards_removed":["Strike_R"],"damage_healed":0.0,"max_hp_gain":0.0,"max_hp_loss":0.0,"gold_gain":0.0,"event_name":"The Cleric","player_choice":"Card Removal","floor":2.0,"gold_loss":50.0,"damage_taken":0.0},{"damage_healed":0.0,"max_hp_gain":0.0,"max_hp_loss":0.0,"gold_gain":0.0,"event_name":"Scrap Ooze","player_choice":"Success","floor":3.0,"gold_loss":0.0,"damage_taken":7.0,"relics_obtained":["Letter Opener"]},{"damage_healed":0.0,"max_hp_gain":0.0,"max_hp_loss":0.0,"gold_gain":0.0,"event_name":"WeMeetAgain","player_choice":"Paid Gold","floor":4.0,"gold_loss":59.0,"damage_taken":0.0,"relics_obtained":["Gambling Chip"]},{"damage_healed":0,"gold_gain":99,"player_choice":"Stole From Cult","damage_taken":0,"max_hp_gain":0,"max_hp_loss":0,"event_name":"Nest","floor":22,"gold_loss":0}],"is_beta":false,"boss_relics":[{"not_picked":["Runic Cube","Orrery"],"picked":"Ectoplasm"}],"items_purged_floors":[19,21],"is_endless":false,"potions_floor_spawned":[5,7,14,16,20,28],"killed_by":"Book of Stabbing","ascension_level":0}