{"gold_per_floor":[111,123,123,134,145,145,34,61,61,61,25,44,44,66,66,167,167,183,183,157,7,7,7,18,18,45,76,48,73,85,116,128,140],"floor_reached":33,"playtime":2305,"items_purged":[],"score":247,"play_id":"4f9310b0-8dbf-4832-97c6-372eecd7cda5","local_time":"20190706215554","is_ascension_mode":false,"campfire_choices":[{"floor":6,"key":"REST"},{"floor":10,"key":"REST"},{"floor":15,"key":"REST"},{"floor":23,"key":"REST"},{"floor":30,"key":"REST"},{"floor":32,"key":"REST"}],"neow_cost":"NONE","seed_source_timestamp":8233852276102,"circlet_count":0,"master_deck":["Strike_G","Strike_G","Strike_G","Strike_G","Strike_G","Defend_G","Defend_G+1","Defend_G","Defend_G","Defend_G","Survivor","Neutralize+1","Flechettes","Noxious Fumes","Poisoned Stab","Dash","Catalyst","Caltrops","Calculated Gamble","Noxious Fumes","Deadly Poison","Expertise","Bullet Time","Outmaneuver","Slice","Backstab","Footwork","Necronomicurse","Finisher","Dash+1","Quick Slash+1","Eviscerate+1"],"relics":["Ring of the Snake","Blue Candle","Gremlin Horn","Odd Mushroom","WristBlade","Necronomicon","MawBank"],"potions_floor_usage":[5,14,14,16,24,27],"damage_taken":[{"damage":1,"enemies":"Jaw Worm","floor":1,"turns":5},{"damage":0,"enemies":"Small Slimes","floor":2,"turns":6},{"damage":0,"enemies":"2 Louse","floor":4,"turns":2},{"damage":7,"enemies":"Exordium Thugs","floor":5,"turns":4},{"damage":13,"enemies":"Lagavulin","floor":8,"turns":6},{"damage":4,"enemies":"Exordium Wildlife","floor":12,"turns":4},{"damage":12,"enemies":"The Mushroom Lair","floor":14,"turns":5},{"damage":63,"enemies":"Slime Boss","floor":16,"turns":9},{"damage":14,"enemies":"Spheric Guardian","floor":18,"turns":5},{"damage":21,"enemies":"2 Thieves","floor":20,"turns":5},{"damage":22,"enemies":"Snake Plant","floor":24,"turns":4},{"damage":4,"enemies":"Chosen and Byrds","floor":27,"turns":6},{"damage":20,"enemies":"3 Cultists","floor":29,"turns":5},{"damage":12,"enemies":"Shelled Parasite and Fungi","floor":31,"turns":5},{"damage":46,"enemies":"Collector","floor":33,"turns":6}],"seed_played":"4149076749586862299","potions_obtained":[{"floor":0,"key":"GhostInAJar"},{"floor":0,"key":"SkillPotion"},{"floor":0,"key":"SkillPotion"},{"floor":4,"key":"Regen Potion"},{"floor":5,"key":"Regen Potion"},{"floor":18,"key":"Swift Potion"},{"floor":24,"key":"PowerPotion"}],"is_trial":false,"path_per_floor":["M","M","?","M","M","R","$","E","T","R","$","M","?","?","R","B",null,"M","?","M","$","?","R","M","$","T","M","?","M","R","M","R","B"],"character_chosen":"THE_SILENT","items_purchased":["Catalyst","Caltrops","Noxious Fumes","Backstab","Footwork"],"campfire_rested":6,"item_purchase_floors":[7,7,11,21,21],"current_hp_per_floor":[69,69,74,74,67,75,75,62,62,75,75,71,56,56,75,27,75,61,75,54,54,38,60,38,38,38,34,34,14,36,24,46,0],"gold":140,"neow_bonus":"THREE_SMALL_POTIONS","is_prod":false,"is_daily":false,"chose_seed":false,"campfire_upgraded":0,"win_rate":0.0,"timestamp":1562446554,"path_taken":["M","M","?","M","M","R","$","E","T","R","$","M","?","?","R","BOSS","M","?","M","$","?","R","M","?","T","M","?","?","R","M","R","BOSS"],"build_version":"2019-07-05","purchased_purges":0,"victory":false,"max_hp_per_floor":[70,70,75,75,75,75,75,75,75,75,75,75,75,75,75,75,75,75,75,75,75,75,75,75,75,75,75,75,75,75,75,75,75],"card_choices":[{"not_picked":["Outmaneuver","Prepared"],"picked":"Flechettes","floor":1},{"not_picked":["Dagger Throw","Dagger Spray"],"picked":"Noxious Fumes","floor":2},{"not_picked":["Deadly Poison","Expertise"],"picked":"Poisoned Stab","floor":4},{"not_picked":["Quick Slash","Finisher"],"picked":"Dash","floor":5},{"not_picked":["Bouncing Flask","Flying Knee"],"picked":"Calculated Gamble","floor":8},{"not_picked":["Choke","Deflect"],"picked":"Deadly Poison","floor":12},{"not_picked":["Predator","Eviscerate"],"picked":"Expertise","floor":14},{"not_picked":["Unload","Envenom"],"picked":"Bullet Time","floor":16},{"not_picked":["Backflip","Underhanded Strike"],"picked":"Outmaneuver","floor":18},{"not_picked":["Tactician","Flying Knee+1"],"picked":"Slice","floor":20},{"not_picked":["Backflip","Escape Plan"],"picked":"Finisher","floor":24},{"not_picked":["Distraction","Catalyst"],"picked":"Dash","floor":27},{"not_picked":["All Out Attack","Flechettes"],"picked":"Quick Slash+1","floor":29},{"not_picked":["Underhanded Strike","Escape Plan"],"picked":"Eviscerate+1","floor":31}],"player_experience":66471,"relics_obtained":[{"floor":8,"key":"Blue Candle"},{"floor":9,"key":"Gremlin Horn"},{"floor":14,"key":"Odd Mushroom"},{"floor":22,"key":"Necronomicon"},{"floor":26,"key":"MawBank"}],"event_choices":[{"damage_healed":0,"gold_gain":0,"player_choice":"Donut","damage_taken":0,"max_hp_gain":5,"max_hp_loss":0,"event_name":"Big Fish","floor":3,"gold_loss":0},{"damage_healed":0,"gold_gain":0,"player_choice":"Entered Light","damage_taken":15,"max_hp_gain":0,"max_hp_loss":0,"event_name":"Shining Light","floor":13,"gold_loss":0,"cards_upgraded":["Defend_G","Neutralize"]},{"damage_healed":0,"gold_gain":0,"player_choice":"Fought Mushrooms","damage_taken":0,"max_hp_gain":0,"max_hp_loss":0,"event_name":"Mushrooms","floor":14,"gold_loss":0},{"damage_healed":25,"gold_gain":0,"player_choice":"Heal","damage_taken":0,"max_hp_gain":0,"max_hp_loss":0,"event_name":"The Library","floor":19,"gold_loss":0},{"damage_healed":0,"gold_gain":0,"player_choice":"Obtained Book","damage_taken":16,"max_hp_gain":0,"max_hp_loss":0,"event_name":"Cursed Tome","floor":22,"gold_loss":0},{"damage_healed":0,"gold_gain":0,"player_choice":"Upgrade","damage_taken":0,"max_hp_gain":0,"max_hp_loss":0,"event_name":"Designer","floor":28,"gold_loss":40,"cards_upgraded":["Dash"]}],"is_beta":false,"boss_relics":[{"not_picked":["Runic Pyramid","Coffee Dripper"],"picked":"WristBlade"}],"items_purged_floors":[],"is_endless":false,"potions_floor_spawned":[1,4,5,18,24],"killed_by":"Collector","ascension_level":0}