{"gold_per_floor":[118,118,43,43,8,37,56,88,88,88,88,88,105,120,120,120],"floor_reached":16,"playtime":329,"items_purged":["Pain"],"score":259,"play_id":"921c9d7e-f2ef-45ff-9cea-a9abff14c1e8","local_time":"20190630154319","is_ascension_mode":true,"campfire_choices":[{"data":"Fission","floor":10,"key":"SMITH"},{"data":"Consume","floor":12,"key":"SMITH"},{"data":"Zap","floor":15,"key":"SMITH"}],"neow_cost":"NONE","seed_source_timestamp":536121676126258,"circlet_count":0,"master_deck":["AscendersBane","Strike_B","Strike_B","Strike_B","Strike_B","Defend_B","Defend_B","Defend_B","Defend_B","Zap+1","Dualcast","Rebound","White Noise","Consume+1","Fission+1","Sweeping Beam"],"relics":["Cracked Core","NeowsBlessing","WarpedTongs","Gremlin Horn","Juzu Bracelet","Bird Faced Urn"],"potions_floor_usage":[8],"damage_taken":[{"damage":0,"enemies":"Jaw Worm","floor":1,"turns":1},{"damage":0,"enemies":"3 Sentries","floor":6,"turns":1},{"damage":0,"enemies":"Cultist","floor":7,"turns":1},{"damage":14,"enemies":"Gremlin Nob","floor":8,"turns":3},{"damage":0,"enemies":"2 Louse","floor":13,"turns":1},{"damage":1,"enemies":"2 Fungi Beasts","floor":14,"turns":3},{"damage":61,"enemies":"The Guardian","floor":16,"turns":10}],"seed_played":"-1071593702714274816","potions_obtained":[{"floor":1,"key":"SpeedPotion"},{"floor":6,"key":"Explosive Potion"},{"floor":14,"key":"EssenceOfSteel"}],"is_trial":false,"path_per_floor":["M","?","$","?","?","E","M","E","T","R","?","R","M","M","R","B"],"character_chosen":"DEFECT","items_purchased":[],"campfire_rested":0,"item_purchase_floors":[],"current_hp_per_floor":[64,64,64,46,63,63,63,49,49,49,54,54,54,55,55,0],"gold":120,"neow_bonus":"THREE_ENEMY_KILL","is_prod":false,"is_daily":false,"chose_seed":false,"campfire_upgraded":3,"win_rate":0,"timestamp":1561927399,"path_taken":["M","?","?","?","?","E","M","E","T","R","?","R","M","M","R","BOSS"],"build_version":"2019-06-29","purchased_purges":1,"victory":false,"max_hp_per_floor":[71,71,71,71,71,71,71,71,71,71,76,76,76,76,76,76],"card_choices":[{"not_picked":["Storm","Redo"],"picked":"Rebound","floor":1},{"not_picked":["Stack","Steam Power"],"picked":"White Noise","floor":6},{"not_picked":["Rebound","Beam Cell"],"picked":"Consume","floor":7},{"not_picked":["Reinforced Body","Loop"],"picked":"Fission","floor":8},{"not_picked":["Recycle","Force Field"],"picked":"Sweeping Beam","floor":13},{"not_picked":["Chaos","Stack","Go for the Eyes"],"picked":"SKIP","floor":14}],"player_experience":1594482,"relics_obtained":[{"floor":6,"key":"Juzu Bracelet"},{"floor":8,"key":"Bird Faced Urn"}],"event_choices":[{"damage_healed":0,"gold_gain":0,"player_choice":"Rummage","damage_taken":0,"relics_obtained":["WarpedTongs"],"max_hp_gain":0,"max_hp_loss":0,"event_name":"Accursed Blacksmith","floor":2,"gold_loss":0,"cards_obtained":["Pain"]},{"damage_healed":0,"gold_gain":0,"player_choice":"Success","damage_taken":18,"relics_obtained":["Gremlin Horn"],"max_hp_gain":0,"max_hp_loss":0,"event_name":"Scrap Ooze","floor":4,"gold_loss":0},{"damage_healed":17,"gold_gain":0,"player_choice":"Healed","damage_taken":0,"max_hp_gain":0,"max_hp_loss":0,"event_name":"The Cleric","floor":5,"gold_loss":35},{"damage_healed":0,"gold_gain":0,"player_choice":"Donut","damage_taken":0,"max_hp_gain":5,"max_hp_loss":0,"event_name":"Big Fish","floor":11,"gold_loss":0}],"is_beta":true,"boss_relics":[],"items_purged_floors":[3],"is_endless":false,"potions_floor_spawned":[1,6,14],"killed_by":"The Guardian","ascension_level":19}