{"gold_per_floor":[118,128,145,156,172,198,198,4,4,19,30,47,47,97,97,170,170,183,183],"floor_reached":19,"playtime":859,"items_purged":[],"score":346,"play_id":"da84f5ed-92a6-49b7-90b6-461c820fdee1","local_time":"20190713074834","is_ascension_mode":true,"campfire_choices":[{"floor":7.0,"key":"REST"},{"floor":13.0,"key":"REST"},{"data":"Wraith Form v2","floor":15.0,"key":"SMITH"}],"neow_cost":"PERCENT_DAMAGE","seed_source_timestamp":0,"circlet_count":0,"master_deck":["AscendersBane","Strike_G","Strike_G","Strike_G","Strike_G","Defend_G","Defend_G","Defend_G","Defend_G","Survivor","Neutralize","Skewer","Well Laid Plans","Dodge and Roll","Dagger Throw","Dagger Spray","Master of Strategy","Blur","Cloak And Dagger","Wraith Form v2+1","Dash","Burst","Dash","Noxious Fumes","Outmaneuver","Acrobatics","Expertise","Backflip+1"],"special_seed":0,"relics":["Ring of the Snake","Dream Catcher","Ice Cream","Orrery"],"potions_floor_usage":[],"damage_taken":[{"damage":3.0,"enemies":"Cultist","floor":1.0,"turns":5.0},{"damage":0.0,"enemies":"2 Louse","floor":2.0,"turns":3.0},{"damage":0.0,"enemies":"Jaw Worm","floor":3.0,"turns":6.0},{"damage":1.0,"enemies":"Blue Slaver","floor":4.0,"turns":5.0},{"damage":3.0,"enemies":"Looter","floor":5.0,"turns":5.0},{"damage":21.0,"enemies":"Lagavulin","floor":6.0,"turns":8.0},{"damage":34.0,"enemies":"Large Slime","floor":10.0,"turns":6.0},{"damage":0.0,"enemies":"Blue Slaver","floor":11.0,"turns":4.0},{"damage":3.0,"enemies":"Lots of Slimes","floor":12.0,"turns":3.0},{"damage":21.0,"enemies":"Slime Boss","floor":16.0,"turns":11.0},{"damage":26,"enemies":"Spheric Guardian","floor":18,"turns":8},{"damage":25,"enemies":"Chosen","floor":19,"turns":7}],"seed_played":"5273757647911708033","potions_obtained":[{"floor":1.0,"key":"Block Potion"},{"floor":2.0,"key":"Fire Potion"},{"floor":6.0,"key":"FairyPotion"},{"floor":12.0,"key":"Fire Potion"}],"is_trial":false,"path_per_floor":["M","M","M","M","M","E","R","$","T","M","M","M","R","?","R","B",null,"M","M"],"character_chosen":"THE_SILENT","items_purchased":["Master of Strategy"],"campfire_rested":2,"item_purchase_floors":[8],"current_hp_per_floor":[41,41,41,40,37,16,35,35,35,1,1,6,25,25,25,4,51,25,0],"gold":183,"neow_bonus":"REMOVE_TWO","is_prod":false,"is_daily":false,"chose_seed":false,"campfire_upgraded":1,"win_rate":0,"timestamp":1562971714,"path_taken":["M","M","M","M","M","E","R","$","T","?","M","M","R","?","R","BOSS","M","?"],"build_version":"2019-07-05","purchased_purges":0,"victory":false,"max_hp_per_floor":[66,66,66,66,66,66,66,66,66,66,66,66,66,66,66,66,66,66,66],"card_choices":[{"not_picked":["Leg Sweep","Calculated Gamble"],"picked":"Skewer","floor":1.0},{"not_picked":["Deflect","Finisher"],"picked":"Well Laid Plans","floor":2.0},{"not_picked":["Blade Dance","Well Laid Plans"],"picked":"Dodge and Roll","floor":3.0},{"not_picked":["Acrobatics","Dodge and Roll"],"picked":"Dagger Throw","floor":4.0},{"not_picked":["Sucker Punch","Acrobatics","Caltrops"],"picked":"SKIP","floor":5.0},{"not_picked":["Tools of the Trade","Bane","Slice"],"picked":"SKIP","floor":6.0},{"not_picked":["Cloak And Dagger","Deflect"],"picked":"Dagger Spray","floor":7.0},{"not_picked":["Finisher","Eviscerate"],"picked":"Blur","floor":10.0},{"not_picked":["Sucker Punch","Outmaneuver"],"picked":"Cloak And Dagger","floor":11.0},{"not_picked":["Leg Sweep","Dagger Throw"],"picked":"Wraith Form v2","floor":12.0},{"not_picked":["Outmaneuver","Sucker Punch"],"picked":"Dash","floor":13.0},{"not_picked":["Envenom","Storm of Steel"],"picked":"Burst","floor":16.0},{"not_picked":["Dodge and Roll","Underhanded Strike"],"picked":"Dash","floor":17.0},{"not_picked":["Dodge and Roll","Setup"],"picked":"Noxious Fumes","floor":17.0},{"not_picked":["Prepared","Choke"],"picked":"Outmaneuver","floor":17.0},{"not_picked":["Escape Plan","Deadly Poison"],"picked":"Acrobatics","floor":17.0},{"not_picked":["Infinite Blades","All Out Attack"],"picked":"Expertise","floor":17.0},{"not_picked":["Flechettes+1","Blur"],"picked":"Backflip+1","floor":18}],"player_experience":773003,"relics_obtained":[{"floor":6.0,"key":"Dream Catcher"},{"floor":9.0,"key":"Ice Cream"}],"event_choices":[{"damage_healed":0.0,"max_hp_gain":0.0,"max_hp_loss":0.0,"gold_gain":50.0,"event_name":"Golden Shrine","player_choice":"Pray","floor":14.0,"gold_loss":0.0,"damage_taken":0.0}],"is_beta":false,"boss_relics":[{"not_picked":["Calling Bell","HoveringKite"],"picked":"Orrery"}],"items_purged_floors":[],"is_endless":false,"potions_floor_spawned":[1,2,6,12],"killed_by":"Chosen","ascension_level":20}