{"gold_per_floor":[111,10,21,34,50,70,70,84,110,139,139,139,160,185,185,306,306,331,350,620,644,664,664,688,713,782,149,170,170,183,7,7,137,137,161,161,35,58,58,58,72,72,72,88,102,0,0,23,23,23],"floor_reached":50,"playtime":7544,"items_purged":["Strike_B","Strike_B"],"score":479,"play_id":"4094b4d6-d181-4db7-a2e5-1f0f364ab88f","local_time":"20190624054446","is_ascension_mode":false,"campfire_choices":[{"data":"Zap","floor":7,"key":"SMITH"},{"data":"Streamline","floor":12,"key":"SMITH"},{"data":"Dualcast","floor":15,"key":"SMITH"},{"floor":23,"key":"REST"},{"floor":32,"key":"REST"},{"data":"Seek","floor":40,"key":"SMITH"},{"data":"Machine Learning","floor":42,"key":"SMITH"},{"data":"Defragment","floor":47,"key":"SMITH"},{"data":"Reboot","floor":49,"key":"SMITH"}],"neow_cost":"NONE","seed_source_timestamp":878769335446989,"circlet_count":0,"master_deck":["Strike_B+1","Defend_B+1","Defend_B+1","Defend_B+1","Zap+1","Dualcast+1","Reboot+1","Sweeping Beam","Cold Snap+1","Beam Cell","Self Repair","Gash","Consume","Scrape","Streamline+1","Rip and Tear","Ball Lightning","Reboot","Steam","Go for the Eyes","Conserve Battery","Conserve Battery","Seek+1","Gash","Defragment+1","Steam+1","Master of Strategy","Machine Learning+1","Loop+1","Gash","Beam Cell+1","Injury","Streamline+1"],"relics":["Cracked Core","Whetstone","Pen Nib","Golden Idol","Empty Cage","Bottled Tornado","Bottled Lightning","Singing Bowl","Cursed Key","Pantograph","Red Mask"],"potions_floor_usage":[16,18,21,25,28,33,33,38,41,45,50,50],"damage_taken":[{"damage":1,"enemies":"Jaw Worm","floor":1,"turns":3},{"damage":0,"enemies":"2 Louse","floor":3,"turns":2},{"damage":0,"enemies":"Cultist","floor":4,"turns":2},{"damage":0,"enemies":"Gremlin Gang","floor":5,"turns":2},{"damage":0,"enemies":"3 Louse","floor":6,"turns":3},{"damage":10,"enemies":"Exordium Thugs","floor":8,"turns":2},{"damage":23,"enemies":"3 Sentries","floor":10,"turns":4},{"damage":0,"enemies":"2 Fungi Beasts","floor":13,"turns":2},{"damage":5,"enemies":"Blue Slaver","floor":14,"turns":3},{"damage":43,"enemies":"Hexaghost","floor":16,"turns":6},{"damage":20,"enemies":"2 Thieves","floor":18,"turns":2},{"damage":6,"enemies":"Chosen","floor":19,"turns":4},{"damage":7,"enemies":"Sentry and Sphere","floor":21,"turns":4},{"damage":0,"enemies":"Centurion and Healer","floor":22,"turns":5},{"damage":24,"enemies":"Snake Plant","floor":24,"turns":3},{"damage":0,"enemies":"Snecko","floor":25,"turns":2},{"damage":10,"enemies":"Shelled Parasite and Fungi","floor":28,"turns":4},{"damage":4,"enemies":"Centurion and Healer","floor":30,"turns":4},{"damage":37,"enemies":"Collector","floor":33,"turns":8},{"damage":2,"enemies":"3 Darklings","floor":35,"turns":5},{"damage":7,"enemies":"Orb Walker","floor":38,"turns":3},{"damage":5,"enemies":"4 Shapes","floor":41,"turns":4},{"damage":2,"enemies":"3 Darklings","floor":44,"turns":5},{"damage":4,"enemies":"Spire Growth","floor":45,"turns":5},{"damage":8,"enemies":"4 Shapes","floor":48,"turns":4},{"damage":86,"enemies":"Time Eater","floor":50,"turns":8}],"seed_played":"-1588223971501507902","potions_obtained":[{"floor":4,"key":"PowerPotion"},{"floor":6,"key":"Swift Potion"},{"floor":13,"key":"Explosive Potion"},{"floor":16,"key":"FocusPotion"},{"floor":19,"key":"Swift Potion"},{"floor":25,"key":"Poison Potion"},{"floor":28,"key":"AttackPotion"},{"floor":30,"key":"SteroidPotion"},{"floor":38,"key":"Dexterity Potion"},{"floor":41,"key":"Swift Potion"},{"floor":44,"key":"Poison Potion"}],"is_trial":false,"path_per_floor":["M","$","M","M","M","M","R","M","T","E","?","R","M","M","R","B",null,"M","M","?","M","M","R","M","M","T","$","M","?","M","$","R","B",null,"M","?","$","M","?","R","M","R","T","M","M","?","R","M","R","B"],"character_chosen":"DEFECT","items_purchased":["Cold Snap","Defragment","Bottled Lightning","Singing Bowl","Master of Strategy","Gash","Block Potion","Block Potion"],"campfire_rested":2,"item_purchase_floors":[2,27,27,27,31,37,37,37],"current_hp_per_floor":[74,74,74,74,74,75,75,72,72,56,56,56,63,65,65,22,75,62,63,35,35,35,57,33,33,33,33,30,30,28,28,51,21,77,77,77,77,77,77,77,79,79,79,81,83,83,83,82,82,0],"gold":23,"neow_bonus":"ONE_RANDOM_RARE_CARD","is_prod":false,"is_daily":false,"chose_seed":false,"campfire_upgraded":7,"win_rate":0,"timestamp":1561369486,"path_taken":["M","$","M","M","M","M","R","M","T","E","?","R","M","M","R","BOSS","M","M","?","M","?","R","M","?","T","$","M","?","M","$","R","BOSS","M","?","$","M","?","R","M","R","T","M","M","?","R","M","R","BOSS"],"build_version":"2019-01-23","purchased_purges":2,"victory":false,"max_hp_per_floor":[75,75,75,75,75,75,75,75,75,75,75,75,75,75,75,75,75,75,75,75,75,75,75,75,75,75,75,75,75,77,77,77,77,77,77,77,77,77,77,77,79,79,79,81,83,83,83,83,83,83],"card_choices":[{"not_picked":["Beam Cell","Leap"],"picked":"Sweeping Beam","floor":1},{"not_picked":["Hologram","Skim"],"picked":"Beam Cell","floor":3},{"not_picked":["Stack","Chill"],"picked":"Self Repair","floor":4},{"not_picked":["Go for the Eyes","Sweeping Beam"],"picked":"Gash","floor":5},{"not_picked":["Turbo","Lockon"],"picked":"Consume","floor":6},{"not_picked":["Rebound","Streamline"],"picked":"Scrape","floor":8},{"not_picked":["Stack","Recycle"],"picked":"Streamline","floor":10},{"not_picked":["Turbo","Biased Cognition"],"picked":"Rip and Tear","floor":13},{"not_picked":["Double Energy","Steam Power"],"picked":"Ball Lightning","floor":14},{"not_picked":["Buffer","Thunder Strike"],"picked":"Reboot","floor":16},{"not_picked":["Turbo","Barrage"],"picked":"Steam","floor":18},{"not_picked":["Capacitor","Beam Cell"],"picked":"Go for the Eyes","floor":19},{"not_picked":["Hologram","Genetic Algorithm"],"picked":"Conserve Battery","floor":21},{"not_picked":["Aggregate","Go for the Eyes"],"picked":"Conserve Battery","floor":22},{"not_picked":["Steam","Heatsinks+1"],"picked":"Seek","floor":24},{"not_picked":["Redo","Capacitor"],"picked":"Gash","floor":25},{"not_picked":["Cold Snap","Glacier+1"],"picked":"Steam+1","floor":28},{"not_picked":["Glacier","Cold Snap","Hologram"],"picked":"Singing Bowl","floor":30},{"not_picked":["Fission","Core Surge"],"picked":"Machine Learning","floor":33},{"not_picked":["Ball Lightning+1","Aggregate+1"],"picked":"Loop+1","floor":35},{"not_picked":["Conserve Battery+1","BootSequence+1"],"picked":"Beam Cell+1","floor":38},{"not_picked":["Consume","Tempest","Undo+1"],"picked":"Singing Bowl","floor":41},{"not_picked":["Fusion+1","Recycle+1","Stack+1"],"picked":"Singing Bowl","floor":44},{"not_picked":["Sweeping Beam+1","Barrage","Stack+1"],"picked":"Singing Bowl","floor":45},{"not_picked":["Ball Lightning","Turbo"],"picked":"Streamline+1","floor":48}],"player_experience":215288,"relics_obtained":[{"floor":9,"key":"Whetstone"},{"floor":10,"key":"Pen Nib"},{"floor":26,"key":"Bottled Tornado"},{"floor":43,"key":"Pantograph"}],"event_choices":[{"damage_healed":0,"gold_gain":0,"player_choice":"Take Wound","damage_taken":0,"relics_obtained":["Golden Idol"],"max_hp_gain":0,"max_hp_loss":0,"event_name":"Golden Idol","floor":11,"gold_loss":0,"cards_obtained":["Injury"]},{"damage_healed":0,"gold_gain":270,"player_choice":"GOLD GOLD GOLD ","damage_taken":28,"max_hp_gain":0,"max_hp_loss":0,"event_name":"Knowing Skull","floor":20,"potions_obtained":[],"gold_loss":0,"cards_obtained":[]},{"damage_healed":0,"gold_gain":0,"player_choice":"Simplicity","damage_taken":0,"max_hp_gain":0,"max_hp_loss":0,"event_name":"Back to Basics","floor":29,"gold_loss":0,"cards_upgraded":["Defend_B","Defend_B","Defend_B","Defend_B"]},{"cards_removed":["Defend_B"],"damage_healed":0,"gold_gain":0,"player_choice":"Removed Skill","damage_taken":0,"max_hp_gain":0,"max_hp_loss":0,"event_name":"Falling","floor":36,"gold_loss":0},{"damage_healed":0,"gold_gain":0,"player_choice":"Ignored","damage_taken":0,"max_hp_gain":0,"max_hp_loss":0,"event_name":"Mysterious Sphere","floor":39,"gold_loss":0},{"damage_healed":0,"gold_gain":0,"player_choice":"Paid","damage_taken":0,"relics_obtained":["Red Mask"],"max_hp_gain":0,"max_hp_loss":0,"event_name":"Tomb of Lord Red Mask","floor":46,"gold_loss":102}],"is_beta":false,"boss_relics":[{"not_picked":["White Beast Statue","Runic Dome"],"picked":"Empty Cage"},{"not_picked":["Sozu","Lizard Tail"],"picked":"Cursed Key"}],"items_purged_floors":[2,27],"is_endless":false,"potions_floor_spawned":[4,6,13,16,19,25,28,30,38,41,44],"killed_by":"Time Eater","ascension_level":0}