{"gold_per_floor":[17,31,48,48,48,81,92,127,152,152,211,231,245,245,245,323,323,335,351,362,37,48,48,79,79,105,105,55,35,60,70,70,142,142,162,462,127,141,152,152,177,177,204,97,127,127,140,171,171,171,171,171,171,0,30,30],"floor_reached":57,"playtime":3410,"items_purged":["Strike_R","Body Slam","Bloodletting"],"score":2825,"play_id":"1770bf01-cbd5-4684-b59d-b5dd95e9257f","local_time":"20190630140206","is_ascension_mode":true,"campfire_choices":[{"data":"Flame Barrier","floor":10,"key":"SMITH"},{"data":"Disarm","floor":15,"key":"SMITH"},{"data":"Demon Form","floor":23,"key":"SMITH"},{"data":"Whirlwind","floor":25,"key":"SMITH"},{"data":"Pommel Strike","floor":32,"key":"SMITH"},{"data":"True Grit","floor":40,"key":"SMITH"},{"floor":42,"key":"RECALL"},{"data":"Shockwave","floor":46,"key":"SMITH"},{"data":"Feel No Pain","floor":49,"key":"SMITH"},{"data":"Flame Barrier","floor":53,"key":"SMITH"}],"neow_cost":"NO_GOLD","seed_source_timestamp":526954133459275,"circlet_count":0,"master_deck":["AscendersBane","Bash+1","Disarm+1","Pommel Strike+1","Double Tap+1","Demon Form+1","Rage","Flame Barrier+1","Evolve","Shockwave+1","Metallicize","Fiend Fire","Clothesline","Whirlwind+1","Uppercut","Feel No Pain+1","True Grit+1","Flame Barrier+1","Reaper","Warcry","Infernal Blade","Body Slam","Feed","Pommel Strike","Impervious","Shrug It Off","Uppercut","Impervious","Battle Trance","Uppercut+1"],"relics":["Burning Blood","Thread and Needle","Letter Opener","Blood Vial","Smiling Mask","Tiny Chest","Regal Pillow","Snecko Eye","PreservedInsect","Pen Nib","Anchor","Ancient Tea Set","Bottled Lightning","Pandora\u0027s Box","Medical Kit","Omamori","Incense Burner","Oddly Smooth Stone","Bag of Marbles"],"potions_floor_usage":[6,16,24,33,33,48,51,56],"damage_taken":[{"damage":0,"enemies":"Small Slimes","floor":1,"turns":6},{"damage":6,"enemies":"Jaw Worm","floor":2,"turns":4},{"damage":0,"enemies":"Cultist","floor":3,"turns":4},{"damage":27,"enemies":"Gremlin Nob","floor":6,"turns":4},{"damage":0,"enemies":"Looter","floor":7,"turns":4},{"damage":37,"enemies":"3 Sentries","floor":8,"turns":9},{"damage":1,"enemies":"Lagavulin","floor":11,"turns":7},{"damage":18,"enemies":"Exordium Thugs","floor":12,"turns":7},{"damage":20,"enemies":"Large Slime","floor":13,"turns":5},{"damage":23,"enemies":"The Guardian","floor":16,"turns":13},{"damage":16,"enemies":"2 Thieves","floor":18,"turns":3},{"damage":15,"enemies":"Spheric Guardian","floor":19,"turns":5},{"damage":0,"enemies":"Snecko","floor":20,"turns":2},{"damage":18,"enemies":"Sentry and Sphere","floor":22,"turns":5},{"damage":11,"enemies":"Book of Stabbing","floor":24,"turns":3},{"damage":1,"enemies":"Gremlin Leader","floor":30,"turns":4},{"damage":0,"enemies":"Centurion and Healer","floor":31,"turns":4},{"damage":45,"enemies":"Collector","floor":33,"turns":8},{"damage":15,"enemies":"3 Shapes","floor":35,"turns":6},{"damage":28,"enemies":"3 Darklings","floor":38,"turns":5},{"damage":3,"enemies":"Maw","floor":39,"turns":6},{"damage":5,"enemies":"Nemesis","floor":41,"turns":5},{"damage":20,"enemies":"Giant Head","floor":45,"turns":8},{"damage":58,"enemies":"4 Shapes","floor":47,"turns":4},{"damage":30,"enemies":"Reptomancer","floor":48,"turns":5},{"damage":47,"enemies":"Awakened One","floor":50,"turns":11},{"damage":58,"enemies":"Time Eater","floor":51,"turns":11},{"damage":15,"enemies":"Shield and Spear","floor":55,"turns":7},{"damage":20,"enemies":"The Heart","floor":56,"turns":9}],"seed_played":"-1168253085069732512","potions_obtained":[{"floor":2,"key":"Fire Potion"},{"floor":3,"key":"LiquidBronze"},{"floor":8,"key":"BloodPotion"},{"floor":16,"key":"AttackPotion"},{"floor":18,"key":"Explosive Potion"},{"floor":24,"key":"AttackPotion"},{"floor":29,"key":"SteroidPotion"},{"floor":35,"key":"SkillPotion"},{"floor":48,"key":"BloodPotion"}],"is_trial":false,"path_per_floor":["M","M","M","?","?","E","M","E","T","R","E","M","M","T","R","B",null,"M","M","M","$","M","R","E","R","T","?","$","?","E","M","R","B",null,"M","?","$","M","M","R","E","R","T","$","E","R","M","E","R","B","B",null,"R","$","E","B",null],"character_chosen":"IRONCLAD","items_purchased":["PreservedInsect","Pen Nib","Medical Kit","Shrug It Off","PowerPotion","Bag of Marbles"],"campfire_rested":0,"item_purchase_floors":[21,21,37,37,44,54],"current_hp_per_floor":[74,74,75,75,75,54,60,29,29,29,36,26,14,14,14,17,61,53,46,54,54,44,44,41,41,41,41,41,41,48,56,56,19,61,78,78,78,59,84,84,87,87,87,87,76,76,72,90,90,52,65,88,88,88,96,96],"gold":30,"neow_bonus":"ONE_RARE_RELIC","is_prod":false,"is_daily":false,"chose_seed":false,"campfire_upgraded":9,"win_rate":0,"timestamp":1561921326,"path_taken":["M","M","M","?","?","E","M","E","T","R","E","M","M","?","R","BOSS","M","?","M","$","M","R","E","R","T","?","?","?","E","?","R","BOSS","M","?","$","M","M","R","E","R","T","$","E","R","M","E","R","BOSS","BOSS","R","$","E","BOSS"],"build_version":"2019-06-29","purchased_purges":3,"victory":true,"max_hp_per_floor":[75,75,75,75,75,75,75,75,75,75,75,75,75,75,75,75,75,75,75,75,75,75,75,75,75,75,75,75,75,75,75,75,75,75,78,78,78,81,84,84,87,87,87,87,90,90,90,90,90,93,96,96,96,96,96,96],"card_choices":[{"not_picked":["Anger","Thunderclap"],"picked":"Disarm","floor":1},{"not_picked":["Body Slam","Wild Strike"],"picked":"Pommel Strike","floor":2},{"not_picked":["Wild Strike","Heavy Blade"],"picked":"Double Tap","floor":3},{"not_picked":["Whirlwind","Fire Breathing"],"picked":"Demon Form","floor":6},{"not_picked":["Havoc","Fire Breathing"],"picked":"Rage","floor":7},{"not_picked":["Havoc","Clothesline"],"picked":"Flame Barrier","floor":8},{"not_picked":["Clash","Searing Blow"],"picked":"Evolve","floor":11},{"not_picked":["Evolve","Sentinel"],"picked":"Shockwave","floor":12},{"not_picked":["Cleave","Warcry"],"picked":"Metallicize","floor":13},{"not_picked":["Exhume","Barricade"],"picked":"Fiend Fire","floor":16},{"not_picked":["Heavy Blade","Metallicize"],"picked":"Clothesline","floor":18},{"not_picked":["Clothesline","Rampage"],"picked":"Whirlwind","floor":19},{"not_picked":["Flex","Hemokinesis"],"picked":"Uppercut","floor":20},{"not_picked":["Battle Trance","Rampage"],"picked":"Feel No Pain","floor":22},{"not_picked":["Seeing Red","Infernal Blade+1","Reckless Charge"],"picked":"SKIP","floor":24},{"not_picked":["Power Through","Pummel+1"],"picked":"True Grit","floor":30},{"not_picked":["Armaments","Hemokinesis"],"picked":"Flame Barrier","floor":31},{"not_picked":["Offering","Exhume"],"picked":"Reaper","floor":33},{"not_picked":["Reckless Charge","Iron Wave+1","Searing Blow+1"],"picked":"SKIP","floor":35},{"not_picked":["Combust","Clash"],"picked":"Uppercut","floor":38},{"not_picked":["Havoc+1","Clash+1","Perfected Strike+1"],"picked":"SKIP","floor":39},{"not_picked":["Inflame","Disarm"],"picked":"Impervious","floor":41},{"not_picked":["Shrug It Off","Sever Soul"],"picked":"Battle Trance","floor":45},{"not_picked":["Warcry","Wild Strike","Anger"],"picked":"SKIP","floor":47},{"not_picked":["Havoc+1","Anger+1"],"picked":"Uppercut+1","floor":48},{"not_picked":["Uppercut","Pommel Strike","Flex"],"picked":"SKIP","floor":55}],"player_experience":1585541,"relics_obtained":[{"floor":6,"key":"Letter Opener"},{"floor":8,"key":"Blood Vial"},{"floor":9,"key":"Smiling Mask"},{"floor":11,"key":"Tiny Chest"},{"floor":14,"key":"Regal Pillow"},{"floor":24,"key":"Anchor"},{"floor":26,"key":"Ancient Tea Set"},{"floor":30,"key":"Bottled Lightning"},{"floor":41,"key":"Omamori"},{"floor":45,"key":"Incense Burner"},{"floor":48,"key":"Oddly Smooth Stone"}],"event_choices":[{"damage_healed":0,"gold_gain":0,"player_choice":"Grow","damage_taken":0,"max_hp_gain":0,"max_hp_loss":0,"event_name":"Living Wall","floor":4,"gold_loss":0,"cards_upgraded":["Bash"]},{"damage_healed":0,"gold_gain":0,"player_choice":"Leave","damage_taken":0,"max_hp_gain":0,"max_hp_loss":0,"event_name":"The Cleric","floor":5,"gold_loss":0},{"damage_healed":0,"gold_gain":0,"player_choice":"Upgraded","damage_taken":0,"max_hp_gain":0,"max_hp_loss":0,"event_name":"Upgrade Shrine","floor":27,"gold_loss":0,"cards_upgraded":["Double Tap"]},{"damage_healed":0,"gold_gain":0,"player_choice":"Bought 1 Potion","damage_taken":0,"max_hp_gain":0,"max_hp_loss":0,"event_name":"The Woman in Blue","floor":29,"gold_loss":0},{"damage_healed":0,"gold_gain":300,"player_choice":"Gold","damage_taken":0,"max_hp_gain":0,"max_hp_loss":0,"event_name":"Wheel of Change","floor":36,"gold_loss":0}],"is_beta":true,"boss_relics":[{"not_picked":["Empty Cage","Ectoplasm"],"picked":"Snecko Eye"},{"not_picked":["Orrery","Busted Crown"],"picked":"Pandora\u0027s Box"}],"items_purged_floors":[28,37,44],"is_endless":false,"potions_floor_spawned":[2,3,8,11,16,18,22,24,35,45,48],"ascension_level":20}