{"gold_per_floor":[116,116,135,151,151,151,168,201,249,264,264,339,339,11,11,82,82,93,93,93,18,31,31,56,56,102,102],"floor_reached":27,"playtime":765,"items_purged":["Strike_B"],"score":458,"play_id":"ad84f1de-5a4b-4a79-aa3d-93a934f471a2","local_time":"20190712192143","is_ascension_mode":true,"campfire_choices":[{"floor":6.0,"key":"REST"},{"data":"Beam Cell","floor":11.0,"key":"SMITH"},{"floor":13.0,"key":"REST"},{"floor":15.0,"key":"REST"},{"floor":23.0,"key":"RECALL"},{"floor":25.0,"key":"REST"}],"neow_cost":"TEN_PERCENT_HP_LOSS","seed_source_timestamp":1585532146755338,"circlet_count":0,"master_deck":["AscendersBane","Strike_B+1","Strike_B+1","Defend_B+1","Defend_B+1","Defend_B+1","Defend_B+1","Zap+1","Dualcast","All For One","FTL+1","Sweeping Beam","Beam Cell+1","FTL","Reinforced Body","Go for the Eyes","Apotheosis","Capacitor","Coolheaded","Electrodynamics","Barrage","Capacitor","Doom and Gloom","Static Discharge"],"special_seed":0,"relics":["Cracked Core","The Courier","Vajra","Fusion Hammer","Boot","Blood Vial"],"potions_floor_usage":[27,27],"damage_taken":[{"damage":5.0,"enemies":"Small Slimes","floor":1.0,"turns":3.0},{"damage":4.0,"enemies":"2 Louse","floor":3.0,"turns":3.0},{"damage":9.0,"enemies":"Jaw Worm","floor":4.0,"turns":3.0},{"damage":0.0,"enemies":"Large Slime","floor":7.0,"turns":3.0},{"damage":23.0,"enemies":"3 Sentries","floor":8.0,"turns":5.0},{"damage":8.0,"enemies":"Blue Slaver","floor":10.0,"turns":3.0},{"damage":10.0,"enemies":"Slime Boss","floor":16.0,"turns":8.0},{"damage":0.0,"enemies":"Chosen","floor":18.0,"turns":4.0},{"damage":4.0,"enemies":"3 Byrds","floor":22.0,"turns":3.0},{"damage":29.0,"enemies":"Book of Stabbing","floor":24.0,"turns":5.0},{"damage":52,"enemies":"Slavers","floor":27,"turns":3}],"seed_played":"1259153776042547779","potions_obtained":[{"floor":1.0,"key":"SneckoOil"},{"floor":3.0,"key":"SkillPotion"},{"floor":8.0,"key":"Ancient Potion"},{"floor":10.0,"key":"SpeedPotion"}],"is_trial":false,"path_per_floor":["M","?","M","M","?","R","M","E","T","M","R","?","R","$","R","B",null,"M","?","?","?","M","R","E","R","T","E"],"character_chosen":"DEFECT","items_purchased":["Apotheosis","Capacitor","Coolheaded"],"campfire_rested":4,"item_purchase_floors":[14,14,14],"current_hp_per_floor":[59,40,36,27,27,46,46,23,23,15,15,4,23,23,42,32,56,56,56,56,56,52,52,23,42,42,0],"gold":102,"neow_bonus":"THREE_RARE_CARDS","is_prod":false,"is_daily":false,"chose_seed":false,"campfire_upgraded":1,"win_rate":0,"timestamp":1562977303,"path_taken":["M","?","M","M","?","R","M","E","T","M","R","?","R","$","R","BOSS","M","?","?","?","M","R","E","R","T","E"],"build_version":"2019-07-10","purchased_purges":1,"victory":false,"max_hp_per_floor":[64,64,64,64,64,64,64,64,64,64,64,64,64,64,64,64,64,64,64,64,64,64,64,64,64,64,64],"card_choices":[{"not_picked":["Amplify","Thunder Strike"],"picked":"All For One","floor":0.0},{"not_picked":["Steam Power","Auto Shields"],"picked":"FTL","floor":1.0},{"not_picked":["Rebound","BootSequence"],"picked":"Sweeping Beam","floor":3.0},{"not_picked":["Static Discharge","Steam"],"picked":"Beam Cell","floor":4.0},{"not_picked":["Heatsinks","Sweeping Beam"],"picked":"FTL","floor":7.0},{"not_picked":["Amplify","Force Field"],"picked":"Reinforced Body","floor":8.0},{"not_picked":["Stack","Darkness"],"picked":"Go for the Eyes","floor":10.0},{"not_picked":["Amplify","Buffer"],"picked":"Electrodynamics","floor":16.0},{"not_picked":["Chaos","Stack"],"picked":"Barrage","floor":18.0},{"not_picked":["Redo","Ball Lightning"],"picked":"Doom and Gloom","floor":22.0},{"not_picked":["Steam","Hello World"],"picked":"Static Discharge","floor":24.0}],"player_experience":1689071,"relics_obtained":[{"floor":8.0,"key":"The Courier"},{"floor":9.0,"key":"Vajra"},{"floor":24.0,"key":"Boot"},{"floor":26.0,"key":"Blood Vial"}],"event_choices":[{"damage_healed":0.0,"max_hp_gain":0.0,"max_hp_loss":0.0,"gold_gain":0.0,"event_name":"Shining Light","player_choice":"Entered Light","floor":2.0,"gold_loss":0.0,"damage_taken":19.0,"cards_upgraded":["FTL","Strike_B"]},{"damage_healed":0.0,"max_hp_gain":0.0,"max_hp_loss":0.0,"gold_gain":0.0,"event_name":"Living Wall","player_choice":"Grow","floor":5.0,"gold_loss":0.0,"damage_taken":0.0,"cards_upgraded":["Zap"]},{"damage_healed":0.0,"max_hp_gain":0.0,"max_hp_loss":0.0,"gold_gain":75.0,"event_name":"World of Goop","player_choice":"Gather Gold","floor":12.0,"gold_loss":0.0,"damage_taken":11.0},{"damage_healed":0.0,"max_hp_gain":0.0,"max_hp_loss":0.0,"gold_gain":0.0,"event_name":"The Library","player_choice":"Read","floor":19.0,"gold_loss":0.0,"damage_taken":0.0,"cards_obtained":["Capacitor"]},{"damage_healed":0.0,"max_hp_gain":0.0,"max_hp_loss":0.0,"gold_gain":0.0,"event_name":"Back to Basics","player_choice":"Simplicity","floor":20.0,"gold_loss":0.0,"damage_taken":0.0,"cards_upgraded":["Strike_B","Strike_B","Defend_B","Defend_B","Defend_B","Defend_B"]},{"cards_removed":["Strike_B"],"damage_healed":0.0,"max_hp_gain":0.0,"max_hp_loss":0.0,"gold_gain":0.0,"event_name":"Beggar","player_choice":"Gave Gold","floor":21.0,"gold_loss":75.0,"damage_taken":0.0}],"is_beta":true,"boss_relics":[{"not_picked":["Runic Dome","Runic Pyramid"],"picked":"Fusion Hammer"}],"items_purged_floors":[14],"is_endless":false,"potions_floor_spawned":[1,3,8,10,22],"killed_by":"Slavers","ascension_level":20}