{"gold_per_floor":[13,163,3,78,91,91,106,106,106,4,21,21],"floor_reached":12,"playtime":364,"items_purged":["Doubt"],"score":136,"play_id":"4ffeb3f2-98e7-4645-91c3-692dc62b0bd1","local_time":"20190614032807","is_ascension_mode":true,"campfire_choices":[{"data":"Phantasmal Killer","floor":6,"key":"SMITH"},{"floor":8,"key":"REST"}],"neow_cost":"NO_GOLD","seed_source_timestamp":1378199230368789,"circlet_count":0,"master_deck":["AscendersBane","Defend_G","Defend_G","Defend_G","Defend_G","Defend_G","Strike_G","Strike_G","Strike_G","Survivor","Neutralize","Phantasmal Killer+1","Tactician","Backflip","Noxious Fumes","Skewer","Footwork","Dagger Spray","Deadly Poison","Cloak And Dagger"],"relics":["Ring of the Snake","Prayer Wheel"],"potions_floor_usage":[12],"damage_taken":[{"damage":10,"enemies":"2 Louse","floor":1,"turns":4},{"damage":3,"enemies":"Small Slimes","floor":5,"turns":6},{"damage":2,"enemies":"Jaw Worm","floor":7,"turns":5},{"damage":20,"enemies":"3 Louse","floor":11,"turns":4},{"damage":34,"enemies":"3 Sentries","floor":12,"turns":5}],"seed_played":"-3319040863761243840","potions_obtained":[{"floor":5,"key":"Dexterity Potion"}],"is_trial":false,"path_per_floor":["M","?","$","?","M","R","M","R","T","$","M","E"],"character_chosen":"THE_SILENT","items_purchased":["Noxious Fumes","Footwork","Dagger Spray"],"campfire_rested":1,"item_purchase_floors":[3,10,10],"current_hp_per_floor":[49,49,49,38,35,35,33,52,52,52,32,0],"gold":21,"neow_bonus":"TRANSFORM_TWO_CARDS","is_prod":false,"is_daily":false,"chose_seed":false,"campfire_upgraded":1,"win_rate":0,"timestamp":1560500887,"path_taken":["M","?","$","?","M","R","M","R","T","?","M","E"],"build_version":"2019-01-23","purchased_purges":1,"victory":false,"max_hp_per_floor":[66,66,66,66,66,66,66,66,66,66,66,66],"card_choices":[{"not_picked":["Escape Plan","Acrobatics"],"picked":"Backflip","floor":1},{"not_picked":["Prepared","Noxious Fumes"],"picked":"Skewer","floor":5},{"not_picked":["Bane","Eviscerate","Finisher"],"picked":"SKIP","floor":7},{"not_picked":["Venomology","Terror"],"picked":"Deadly Poison","floor":11},{"not_picked":["Eviscerate","Underhanded Strike"],"picked":"Cloak And Dagger","floor":11}],"player_experience":1785184,"relics_obtained":[{"floor":9,"key":"Prayer Wheel"}],"event_choices":[{"damage_healed":0,"gold_gain":150,"player_choice":"AGREE","damage_taken":0,"max_hp_gain":0,"max_hp_loss":0,"event_name":"Liars Game","floor":2,"gold_loss":0,"cards_obtained":["Doubt"]},{"damage_healed":0,"gold_gain":75,"player_choice":"Gather Gold","damage_taken":11,"max_hp_gain":0,"max_hp_loss":0,"event_name":"World of Goop","floor":4,"gold_loss":0}],"is_beta":false,"boss_relics":[],"items_purged_floors":[3],"is_endless":false,"potions_floor_spawned":[5],"killed_by":"3 Sentries","ascension_level":20}