{"gold_per_floor":[116,134,146,160,179,211,211,281,281,281,300,265,265,320,320,425,425,442,63,76,76,76,76,94,122,122,135,135,12,12,27,27,125,125,141,154,200,215,29,60,60,78,103,103,103,879,551,568,568,568],"floor_reached":51,"playtime":3351,"items_purged":["Strike_R","Shame","Defend_R","Entrench"],"score":722,"play_id":"45ff2da4-d2e3-4eb3-8ad0-cf4c0d4dd226","local_time":"20190713110312","is_ascension_mode":false,"campfire_choices":[{"floor":7,"key":"REST"},{"data":"Anger","floor":13,"key":"SMITH"},{"data":"Carnage","floor":15,"key":"SMITH"},{"floor":23,"key":"REST"},{"floor":30,"key":"REST"},{"data":"Flex","floor":32,"key":"SMITH"},{"data":"Barricade","floor":41,"key":"SMITH"},{"data":"Searing Blow+1","floor":49,"key":"SMITH"}],"neow_cost":"NONE","seed_source_timestamp":404028170087865,"circlet_count":0,"master_deck":["Strike_R","Strike_R","Strike_R","Strike_R","Defend_R","Defend_R","Defend_R","Bash","Twin Strike","Carnage+1","Power Through","Flex+1","Cleave","Cleave","Swift Strike","Anger+1","Thunderclap","Rupture","Iron Wave","Thunderclap+1","Barricade+1","Clothesline","Battle Trance","Body Slam+1","Limit Break","Shrug It Off+1","Twin Strike","Pommel Strike+1","Warcry+1","Flex","Berserk","Heavy Blade","Intimidate","Searing Blow+2","Madness","Madness","Good Instincts","Master of Strategy","Sever Soul","Anger+1"],"relics":["Burning Blood","Ornamental Fan","Mercury Hourglass","Bag of Preparation","Lizard Tail","Bronze Scales","Centennial Puzzle","Self Forming Clay","Dream Catcher","Mummified Hand","Bag of Marbles","White Beast Statue","FossilizedHelix","Paper Frog","PreservedInsect","Membership Card","Pear","Boot","Pantograph","Toy Ornithopter"],"potions_floor_usage":[18],"damage_taken":[{"damage":0,"enemies":"Cultist","floor":1,"turns":3},{"damage":0,"enemies":"Small Slimes","floor":2,"turns":4},{"damage":2,"enemies":"2 Louse","floor":3,"turns":4},{"damage":7,"enemies":"Blue Slaver","floor":4,"turns":3},{"damage":18,"enemies":"2 Fungi Beasts","floor":5,"turns":4},{"damage":36,"enemies":"Gremlin Nob","floor":6,"turns":6},{"damage":5,"enemies":"Looter","floor":11,"turns":3},{"damage":46,"enemies":"Hexaghost","floor":16,"turns":10},{"damage":9,"enemies":"3 Byrds","floor":18,"turns":4},{"damage":1,"enemies":"2 Thieves","floor":20,"turns":4},{"damage":18,"enemies":"Snecko","floor":24,"turns":5},{"damage":15,"enemies":"Gremlin Leader","floor":25,"turns":6},{"damage":19,"enemies":"Sentry and Sphere","floor":27,"turns":4},{"damage":9,"enemies":"3 Cultists","floor":31,"turns":5},{"damage":76,"enemies":"Automaton","floor":33,"turns":10},{"damage":5,"enemies":"3 Shapes","floor":35,"turns":2},{"damage":15,"enemies":"Orb Walker","floor":36,"turns":2},{"damage":50,"enemies":"2 Orb Walkers","floor":37,"turns":6},{"damage":33,"enemies":"3 Darklings","floor":38,"turns":6},{"damage":46,"enemies":"Reptomancer","floor":40,"turns":3},{"damage":46,"enemies":"Transient","floor":42,"turns":5},{"damage":12,"enemies":"Sphere and 2 Shapes","floor":48,"turns":3},{"damage":292,"enemies":"Awakened One","floor":50,"turns":17}],"seed_played":"-7512936540333148394","potions_obtained":[{"floor":1,"key":"BloodPotion"},{"floor":2,"key":"Weak Potion"},{"floor":11,"key":"AttackPotion"},{"floor":27,"key":"Ancient Potion"},{"floor":33,"key":"EssenceOfSteel"},{"floor":35,"key":"Energy Potion"}],"is_trial":false,"path_per_floor":["M","M","M","M","M","E","R","?","T","?","M","?","R","T","R","B",null,"M","$","M","?","?","R","M","E","T","M","?","$","R","M","R","B",null,"M","M","?","M","$","E","R","M","T","?","?","T","$","M","R","B",null],"character_chosen":"IRONCLAD","items_purchased":["Bronze Scales","Centennial Puzzle","Clothesline","Paper Frog","PreservedInsect","Membership Card","Flex","Berserk","Heavy Blade","Toy Ornithopter","Good Instincts","Master of Strategy","Sever Soul"],"campfire_rested":3,"item_purchase_floors":[19,19,29,39,39,39,39,39,39,47,47,47,47],"current_hp_per_floor":[80,80,80,79,67,37,61,61,61,61,62,80,80,80,80,40,80,77,77,80,65,65,85,73,64,64,51,51,51,76,85,85,75,85,85,85,85,85,85,85,85,85,85,85,85,85,85,85,85,85],"gold":568,"neow_bonus":"THREE_CARDS","is_prod":false,"is_daily":false,"chose_seed":false,"campfire_upgraded":5,"win_rate":0.0,"timestamp":1563030192,"path_taken":["M","M","?","M","M","E","R","?","T","?","?","?","R","?","R","BOSS","M","$","M","?","?","R","M","E","T","M","?","$","R","M","R","BOSS","M","M","?","M","$","E","R","M","T","?","?","?","$","M","R","BOSS"],"build_version":"2019-07-05","purchased_purges":4,"victory":true,"max_hp_per_floor":[80,80,80,80,80,80,80,80,80,80,80,80,80,80,80,80,80,80,80,80,85,85,85,85,85,85,85,85,85,85,85,85,85,85,85,85,85,85,85,95,95,95,95,95,95,95,95,95,95,95],"card_choices":[{"not_picked":["Heavy Blade","Shockwave"],"picked":"Twin Strike","floor":0},{"not_picked":["True Grit","Iron Wave"],"picked":"Entrench","floor":1},{"not_picked":["Heavy Blade","Iron Wave"],"picked":"Carnage","floor":2},{"not_picked":["Shrug It Off","Body Slam"],"picked":"Power Through","floor":3},{"not_picked":["Intimidate","Sword Boomerang"],"picked":"Flex","floor":4},{"not_picked":["Blood for Blood","True Grit"],"picked":"Cleave","floor":5},{"not_picked":["Pummel","Berserk"],"picked":"Cleave","floor":6},{"not_picked":["Iron Wave","Searing Blow"],"picked":"Anger","floor":11},{"not_picked":["Fiend Fire","Dark Embrace"],"picked":"Demon Form","floor":16},{"not_picked":["Body Slam+1","Armaments"],"picked":"Thunderclap","floor":18},{"not_picked":["Clash+1","Rampage+1"],"picked":"Rupture","floor":20},{"not_picked":["Shockwave","Body Slam"],"picked":"Iron Wave","floor":24},{"not_picked":["Clash","Rupture+1"],"picked":"Thunderclap+1","floor":25},{"not_picked":["Body Slam","Thunderclap"],"picked":"Barricade","floor":27},{"not_picked":["Headbutt","Iron Wave"],"picked":"Battle Trance","floor":30},{"not_picked":["Perfected Strike","Flex"],"picked":"Body Slam+1","floor":31},{"not_picked":["Dark Embrace","Barricade"],"picked":"Limit Break","floor":33},{"not_picked":["Clash","Pommel Strike"],"picked":"Shrug It Off+1","floor":35},{"not_picked":["True Grit","Body Slam+1"],"picked":"Twin Strike","floor":36},{"not_picked":["Warcry","Dual Wield+1"],"picked":"Pommel Strike+1","floor":37},{"not_picked":["Shrug It Off","Body Slam+1"],"picked":"Warcry+1","floor":38},{"not_picked":["Berserk","Corruption+1"],"picked":"Intimidate","floor":40},{"not_picked":["Shockwave","Dropkick+1"],"picked":"Searing Blow+1","floor":42},{"not_picked":["Iron Wave","Cleave"],"picked":"Anger+1","floor":48}],"player_experience":19471,"relics_obtained":[{"floor":6,"key":"Ornamental Fan"},{"floor":9,"key":"Mercury Hourglass"},{"floor":14,"key":"Bag of Preparation"},{"floor":25,"key":"Dream Catcher"},{"floor":26,"key":"Mummified Hand"},{"floor":37,"key":"FossilizedHelix"},{"floor":40,"key":"Pear"},{"floor":43,"key":"Boot"},{"floor":46,"key":"Pantograph"}],"event_choices":[{"damage_healed":0,"gold_gain":70,"player_choice":"Gained Gold","damage_taken":0,"max_hp_gain":0,"max_hp_loss":0,"event_name":"Golden Wing","floor":8,"gold_loss":0},{"damage_healed":0,"gold_gain":0,"player_choice":"1 cards matched","damage_taken":0,"max_hp_gain":0,"max_hp_loss":0,"event_name":"Match and Keep!","floor":10,"gold_loss":0,"cards_obtained":["Swift Strike"]},{"damage_healed":20,"gold_gain":0,"player_choice":"Healed","damage_taken":0,"max_hp_gain":0,"max_hp_loss":0,"event_name":"The Cleric","floor":12,"gold_loss":35},{"damage_healed":0,"gold_gain":0,"player_choice":"Shed Blood","damage_taken":20,"max_hp_gain":5,"max_hp_loss":0,"event_name":"Forgotten Altar","floor":21,"gold_loss":0},{"damage_healed":0,"gold_gain":0,"player_choice":"Stole Relic","damage_taken":0,"relics_obtained":["Self Forming Clay"],"max_hp_gain":0,"max_hp_loss":0,"event_name":"Addict","floor":22,"gold_loss":0,"cards_obtained":["Shame"]},{"damage_healed":0,"gold_gain":0,"player_choice":"Opened","damage_taken":0,"relics_obtained":["Bag of Marbles"],"max_hp_gain":0,"max_hp_loss":0,"event_name":"The Mausoleum","floor":28,"gold_loss":0},{"damage_healed":0,"gold_gain":0,"player_choice":"Fight","damage_taken":0,"max_hp_gain":0,"max_hp_loss":0,"event_name":"Mysterious Sphere","floor":37,"gold_loss":0},{"damage_healed":0,"gold_gain":0,"player_choice":"Embrace Madness","damage_taken":12,"max_hp_gain":0,"max_hp_loss":0,"event_name":"Winding Halls","floor":44,"gold_loss":0,"cards_obtained":["Madness","Madness"]},{"cards_removed":["Demon Form"],"damage_healed":0,"gold_gain":0,"player_choice":"Removed Power","damage_taken":0,"max_hp_gain":0,"max_hp_loss":0,"event_name":"Falling","floor":45,"gold_loss":0}],"is_beta":false,"boss_relics":[{"not_picked":["Velvet Choker","Sozu"],"picked":"Lizard Tail"},{"not_picked":["Coffee Dripper","Orrery"],"picked":"White Beast Statue"}],"items_purged_floors":[19,29,39,47],"is_endless":false,"potions_floor_spawned":[1,2,11,27,33,35,36,37,38,40,42,48],"ascension_level":0}