{"gold_per_floor":[113,113,113,38,38,38,50,77,104,118,118,150,168,201,201,272,272,292,292,292,40,40,40,69,147,197,231,247,267,267,15,15,87,87,99,199,199,217,217,217],"floor_reached":40,"playtime":1792,"items_purged":["Strike_R"],"score":976,"play_id":"ef1860b8-2ab5-40a9-ab47-e6cd14fff712","local_time":"20190614013203","is_ascension_mode":true,"campfire_choices":[{"floor":6,"key":"RECALL"},{"data":"True Grit","floor":11,"key":"SMITH"},{"data":"Sword Boomerang","floor":15,"key":"SMITH"},{"data":"Feed","floor":23,"key":"SMITH"},{"data":"Armaments","floor":30,"key":"SMITH"},{"data":"Whirlwind","floor":32,"key":"SMITH"}],"neow_cost":"NONE","seed_source_timestamp":1369806652581019,"circlet_count":0,"master_deck":["AscendersBane","Defend_R+1","Defend_R+1","Defend_R+1","Defend_R+1","Bash+1","Spot Weakness+1","Shrug It Off","True Grit+1","Flame Barrier","Anger","Headbutt","Sword Boomerang+1","Exhume","Headbutt+1","Exhume+1","Bludgeon+1","Shrug It Off","Ghostly","Ghostly","Ghostly","Feed+1","Armaments+1","Pommel Strike+1","Whirlwind+1","Metallicize","Fiend Fire","Reaper","Pommel Strike","Uppercut","Thunderclap","Pain"],"relics":["Burning Blood","NeowsBlessing","Charon\u0027s Ashes","Art of War","Juzu Bracelet","Kunai","Astrolabe","Gambling Chip","Ginger","Meat on the Bone","Boot","Bag of Marbles","Sozu","FossilizedHelix","WarpedTongs"],"potions_floor_usage":[14,16,27,27,33],"damage_taken":[{"damage":0,"enemies":"Jaw Worm","floor":1,"turns":1},{"damage":0,"enemies":"Small Slimes","floor":7,"turns":1},{"damage":0,"enemies":"3 Sentries","floor":8,"turns":2},{"damage":0,"enemies":"2 Louse","floor":10,"turns":3},{"damage":39,"enemies":"Gremlin Nob","floor":12,"turns":4},{"damage":1,"enemies":"Blue Slaver","floor":13,"turns":3},{"damage":9,"enemies":"Lagavulin","floor":14,"turns":7},{"damage":15,"enemies":"The Guardian","floor":16,"turns":12},{"damage":31,"enemies":"2 Thieves","floor":18,"turns":4},{"damage":34,"enemies":"Slavers","floor":24,"turns":6},{"damage":0,"enemies":"Gremlin Leader","floor":27,"turns":7},{"damage":0,"enemies":"3 Byrds","floor":28,"turns":6},{"damage":36,"enemies":"Centurion and Healer","floor":29,"turns":9},{"damage":17,"enemies":"Collector","floor":33,"turns":12},{"damage":4,"enemies":"Orb Walker","floor":35,"turns":4},{"damage":0,"enemies":"Mind Bloom Boss Battle","floor":36,"turns":12},{"damage":0,"enemies":"3 Shapes","floor":38,"turns":3},{"damage":81,"enemies":"Nemesis","floor":40,"turns":8}],"seed_played":"-1408560319444042305","potions_obtained":[{"floor":8,"key":"Fire Potion"},{"floor":10,"key":"SpeedPotion"},{"floor":13,"key":"Dexterity Potion"},{"floor":14,"key":"Poison Potion"},{"floor":18,"key":"Poison Potion"},{"floor":24,"key":"Energy Potion"},{"floor":28,"key":"Dexterity Potion"}],"is_trial":false,"path_per_floor":["M","?","?","?","$","R","M","E","T","M","R","E","M","E","R","B",null,"M","?","?","$","?","R","E","T","T","E","M","M","R","$","R","B",null,"M","?","?","M","?","E"],"character_chosen":"IRONCLAD","items_purchased":["Feed","Whirlwind","Metallicize","Fiend Fire"],"campfire_rested":0,"item_purchase_floors":[21,31,31,31],"current_hp_per_floor":[74,51,51,51,51,51,57,63,63,69,69,36,41,38,38,29,64,39,39,37,37,37,37,13,13,13,35,45,31,31,31,31,32,48,53,57,54,58,58,0],"gold":217,"neow_bonus":"THREE_ENEMY_KILL","is_prod":false,"is_daily":false,"chose_seed":false,"campfire_upgraded":5,"win_rate":0,"timestamp":1560493923,"path_taken":["M","?","?","?","?","R","?","E","T","M","R","E","M","E","R","BOSS","M","?","?","$","?","R","E","?","T","E","M","M","R","$","R","BOSS","M","?","?","M","?","E"],"build_version":"2019-01-23","purchased_purges":1,"victory":false,"max_hp_per_floor":[75,75,75,75,75,75,75,75,75,75,75,75,75,75,75,75,75,75,75,37,37,37,37,41,41,41,45,49,53,53,53,53,53,53,53,57,54,58,58,58],"card_choices":[{"not_picked":["Armaments","Havoc"],"picked":"Spot Weakness","floor":1},{"not_picked":["Blood for Blood","Cleave"],"picked":"Shrug It Off","floor":7},{"not_picked":["Sentinel","Blood for Blood"],"picked":"True Grit","floor":8},{"not_picked":["Seeing Red","Evolve"],"picked":"Flame Barrier","floor":10},{"not_picked":["Thunderclap","Carnage"],"picked":"Anger","floor":12},{"not_picked":["Fire Breathing","Searing Blow"],"picked":"Headbutt","floor":13},{"not_picked":["Spot Weakness","Power Through"],"picked":"Sword Boomerang","floor":14},{"not_picked":["Berserk","Bludgeon"],"picked":"Exhume","floor":16},{"not_picked":["Iron Wave","Flex"],"picked":"Shrug It Off","floor":18},{"not_picked":["Ghostly Armor","Clash","Cleave"],"picked":"SKIP","floor":24},{"not_picked":["Warcry","Havoc"],"picked":"Armaments","floor":27},{"not_picked":["Headbutt","Cleave"],"picked":"Pommel Strike+1","floor":28},{"not_picked":["Flex","Fire Breathing","Anger"],"picked":"SKIP","floor":29},{"not_picked":["Dark Embrace","Barricade"],"picked":"Reaper","floor":33},{"not_picked":["Metallicize","Twin Strike"],"picked":"Pommel Strike","floor":35},{"not_picked":["Pommel Strike+1","Headbutt+1"],"picked":"Uppercut","floor":36},{"not_picked":["Rupture","Warcry+1"],"picked":"Thunderclap","floor":38}],"player_experience":1776895,"relics_obtained":[{"floor":8,"key":"Charon\u0027s Ashes"},{"floor":9,"key":"Art of War"},{"floor":12,"key":"Juzu Bracelet"},{"floor":14,"key":"Kunai"},{"floor":24,"key":"Ginger"},{"floor":25,"key":"Meat on the Bone"},{"floor":26,"key":"Boot"},{"floor":27,"key":"Bag of Marbles"},{"floor":36,"key":"FossilizedHelix"}],"event_choices":[{"damage_healed":0,"gold_gain":0,"player_choice":"Entered Light","damage_taken":23,"max_hp_gain":0,"max_hp_loss":0,"event_name":"Shining Light","floor":2,"gold_loss":0,"cards_upgraded":["Defend_R","Spot Weakness"]},{"damage_healed":0,"gold_gain":0,"player_choice":"Grow","damage_taken":0,"max_hp_gain":0,"max_hp_loss":0,"event_name":"Living Wall","floor":3,"gold_loss":0,"cards_upgraded":["Bash"]},{"cards_removed":["Strike_R"],"damage_healed":0,"gold_gain":0,"player_choice":"Card Removal","damage_taken":0,"max_hp_gain":0,"max_hp_loss":0,"event_name":"The Cleric","floor":4,"gold_loss":75},{"damage_healed":0,"gold_gain":0,"player_choice":"Gave Potion","damage_taken":0,"relics_obtained":["Gambling Chip"],"max_hp_gain":0,"max_hp_loss":0,"event_name":"WeMeetAgain","floor":19,"gold_loss":0},{"damage_healed":0,"gold_gain":0,"player_choice":"Became a Ghost","damage_taken":0,"max_hp_gain":0,"max_hp_loss":38,"event_name":"Ghosts","floor":20,"gold_loss":0,"cards_obtained":["Ghostly","Ghostly","Ghostly"]},{"damage_healed":0,"gold_gain":0,"player_choice":"Simplicity","damage_taken":0,"max_hp_gain":0,"max_hp_loss":0,"event_name":"Back to Basics","floor":22,"gold_loss":0,"cards_upgraded":["Defend_R","Defend_R","Defend_R"]},{"damage_healed":0,"gold_gain":0,"player_choice":"Fight","damage_taken":0,"max_hp_gain":0,"max_hp_loss":0,"event_name":"MindBloom","floor":36,"gold_loss":0},{"damage_healed":0,"gold_gain":0,"player_choice":"Max HP","damage_taken":0,"max_hp_gain":0,"max_hp_loss":3,"event_name":"Winding Halls","floor":37,"gold_loss":0},{"damage_healed":0,"gold_gain":0,"player_choice":"Rummage","damage_taken":0,"relics_obtained":["WarpedTongs"],"max_hp_gain":0,"max_hp_loss":0,"event_name":"Accursed Blacksmith","floor":39,"gold_loss":0,"cards_obtained":["Pain"]}],"is_beta":false,"boss_relics":[{"not_picked":["Mark of Pain","Black Blood"],"picked":"Astrolabe"},{"not_picked":["White Beast Statue","Philosopher\u0027s Stone"],"picked":"Sozu"}],"items_purged_floors":[21],"is_endless":false,"potions_floor_spawned":[8,10,13,14,18,24,28,36,38],"killed_by":"Nemesis","ascension_level":20}