{"gold_per_floor":[114,114,128,53,53,53,83,110,147,170,197,209,221,265,277,289],"floor_reached":16,"playtime":506,"items_purged":["Strike_R"],"score":220,"play_id":"5f2d09e4-3da8-4b15-954a-187b75e504e1","local_time":"20190609165824","is_ascension_mode":true,"campfire_choices":[{"data":"1","floor":6,"key":"LIFT"},{"data":"2","floor":12,"key":"LIFT"},{"floor":15,"key":"REST"}],"neow_cost":"PERCENT_DAMAGE","seed_source_timestamp":994674462738012,"circlet_count":0,"master_deck":["AscendersBane","Strike_R","Strike_R","Strike_R","Strike_R","Defend_R","Defend_R","Defend_R","Defend_R","Bash","Shrug It Off","Disarm","Heavy Blade","Shrug It Off","Sentinel","Shockwave"],"relics":["Burning Blood","Girya","MawBank","Oddly Smooth Stone","Bottled Lightning","Frozen Egg 2"],"potions_floor_usage":[7,11],"damage_taken":[{"damage":14,"enemies":"Jaw Worm","floor":1,"turns":5},{"damage":7,"enemies":"Cultist","floor":3,"turns":4},{"damage":50,"enemies":"Lagavulin","floor":7,"turns":8},{"damage":0,"enemies":"Small Slimes","floor":8,"turns":5},{"damage":7,"enemies":"Blue Slaver","floor":10,"turns":6},{"damage":0,"enemies":"2 Fungi Beasts","floor":11,"turns":6},{"damage":43,"enemies":"Gremlin Nob","floor":14,"turns":5},{"damage":60,"enemies":"The Guardian","floor":16,"turns":14}],"seed_played":"-2630920684307432571","potions_obtained":[{"floor":1,"key":"BloodPotion"},{"floor":3,"key":"Energy Potion"},{"floor":10,"key":"Dexterity Potion"}],"is_trial":false,"path_per_floor":["M","?","M","$","?","R","E","M","T","M","M","R","T","E","R","B"],"character_chosen":"IRONCLAD","items_purchased":[],"campfire_rested":1,"item_purchase_floors":[],"current_hp_per_floor":[42,75,74,74,74,74,30,36,36,35,48,48,48,11,33,0],"gold":289,"neow_bonus":"ONE_RARE_RELIC","is_prod":false,"is_daily":false,"chose_seed":false,"campfire_upgraded":0,"win_rate":0,"timestamp":1560117504,"path_taken":["M","?","?","$","?","R","E","M","T","M","M","R","?","E","R","BOSS"],"build_version":"2019-01-23","purchased_purges":1,"victory":false,"max_hp_per_floor":[75,75,75,75,75,75,75,75,75,75,75,75,75,75,75,75],"card_choices":[{"not_picked":["Corruption","Power Through"],"picked":"Uppercut","floor":1},{"not_picked":["Burning Pact","True Grit"],"picked":"Shrug It Off","floor":3},{"not_picked":["Pommel Strike","Spot Weakness"],"picked":"Disarm","floor":7},{"not_picked":["Dual Wield","Blood for Blood"],"picked":"Heavy Blade","floor":8},{"not_picked":["Dropkick","Flex"],"picked":"Shrug It Off","floor":10},{"not_picked":["Warcry","Heavy Blade"],"picked":"Sentinel","floor":11},{"not_picked":["Pummel","Dual Wield"],"picked":"Shockwave","floor":14}],"player_experience":1728975,"relics_obtained":[{"floor":7,"key":"MawBank"},{"floor":9,"key":"Oddly Smooth Stone"},{"floor":13,"key":"Bottled Lightning"},{"floor":14,"key":"Frozen Egg 2"}],"event_choices":[{"cards_removed":["Uppercut"],"damage_healed":33,"gold_gain":0,"player_choice":"Offered Uncommon","damage_taken":0,"max_hp_gain":0,"max_hp_loss":0,"event_name":"Bonfire Elementals","floor":2,"gold_loss":0},{"damage_healed":0,"gold_gain":0,"player_choice":"Leave","damage_taken":0,"max_hp_gain":0,"max_hp_loss":0,"event_name":"The Cleric","floor":5,"gold_loss":0}],"is_beta":false,"boss_relics":[],"items_purged_floors":[4],"is_endless":false,"potions_floor_spawned":[1,3,10],"killed_by":"The Guardian","ascension_level":20}