{"gold_per_floor":[114,114,39,58,69,69,102,102,102,120,152,152,183,201,201,280,280,291,307,222,236,255,255,287,305,328,328,353,353,386,403,403,475,475,493,508,528,61,78,104,104,131,156,191,191,0,34,45,45,45,45],"floor_reached":51,"playtime":3112,"items_purged":[],"score":1744,"play_id":"ac10a87a-9217-4474-9535-22aa3dcea1df","local_time":"20190712163112","is_ascension_mode":true,"campfire_choices":[{"data":"Zap","floor":6,"key":"SMITH"},{"data":"Rip and Tear","floor":8,"key":"SMITH"},{"data":"Loop","floor":12,"key":"SMITH"},{"data":"Buffer","floor":15,"key":"SMITH"},{"data":"Electrodynamics","floor":23,"key":"SMITH"},{"floor":29,"key":"REST"},{"data":"Coolheaded","floor":32,"key":"SMITH"},{"floor":41,"key":"RECALL"},{"data":"Biased Cognition","floor":49,"key":"SMITH"}],"neow_cost":"NONE","seed_source_timestamp":1573008541396662,"circlet_count":0,"master_deck":["AscendersBane","Defend_B","Defend_B","Defend_B","Defend_B+1","Zap+1","Dualcast+1","Compile Driver","Rip and Tear+1","Conserve Battery","Doom and Gloom","Genetic Algorithm","Electrodynamics+1","Loop+1","Buffer+1","Coolheaded+1","Echo Form","Barrage","Genetic Algorithm+1","FTL","Force Field+1","Writhe","Biased Cognition+1","Darkness+1","Auto Shields+1","Recycle+1","Steam+1","Leap+1","Fusion+1","Capacitor","White Noise+1","Static Discharge","Coolheaded+1"],"relics":["Cracked Core","Bronze Scales","Gambling Chip","Du-Vu Doll","Orichalcum","Cables","Busted Crown","Toxic Egg 2","Blood Vial","Centennial Puzzle","Bag of Preparation","Dream Catcher","Strawberry","Astrolabe","PreservedInsect","Lee\u0027s Waffle","Boot","Juzu Bracelet","War Paint","Red Mask","Art of War"],"potions_floor_usage":[11,24,28,30,37,50],"damage_taken":[{"damage":1,"enemies":"Small Slimes","floor":1,"turns":3},{"damage":0,"enemies":"Cultist","floor":4,"turns":3},{"damage":1,"enemies":"2 Louse","floor":5,"turns":3},{"damage":4,"enemies":"Gremlin Nob","floor":7,"turns":3},{"damage":12,"enemies":"Large Slime","floor":10,"turns":5},{"damage":5,"enemies":"3 Sentries","floor":11,"turns":3},{"damage":20,"enemies":"Gremlin Nob","floor":13,"turns":4},{"damage":0,"enemies":"Exordium Wildlife","floor":14,"turns":2},{"damage":5,"enemies":"Hexaghost","floor":16,"turns":8},{"damage":0,"enemies":"3 Byrds","floor":18,"turns":1},{"damage":6,"enemies":"Chosen","floor":19,"turns":4},{"damage":0,"enemies":"Snecko","floor":21,"turns":4},{"damage":16,"enemies":"Snake Plant","floor":22,"turns":4},{"damage":14,"enemies":"Slavers","floor":24,"turns":2},{"damage":0,"enemies":"Cultist and Chosen","floor":25,"turns":5},{"damage":8,"enemies":"Gremlin Leader","floor":28,"turns":5},{"damage":6,"enemies":"Slavers","floor":30,"turns":3},{"damage":0,"enemies":"3 Cultists","floor":31,"turns":3},{"damage":21,"enemies":"Collector","floor":33,"turns":9},{"damage":0,"enemies":"3 Darklings","floor":35,"turns":2},{"damage":8,"enemies":"3 Shapes","floor":36,"turns":3},{"damage":20,"enemies":"Transient","floor":37,"turns":6},{"damage":16,"enemies":"3 Darklings","floor":39,"turns":5},{"damage":0,"enemies":"Nemesis","floor":40,"turns":7},{"damage":0,"enemies":"Reptomancer","floor":42,"turns":3},{"damage":0,"enemies":"Giant Head","floor":44,"turns":6},{"damage":12,"enemies":"Reptomancer","floor":47,"turns":7},{"damage":0,"enemies":"Sphere and 2 Shapes","floor":48,"turns":3},{"damage":38,"enemies":"Time Eater","floor":50,"turns":12},{"damage":39,"enemies":"Awakened One","floor":51,"turns":6}],"seed_played":"4985790636859445953","potions_obtained":[{"floor":4,"key":"Block Potion"},{"floor":5,"key":"Block Potion"},{"floor":7,"key":"PowerPotion"},{"floor":13,"key":"Dexterity Potion"},{"floor":16,"key":"AttackPotion"},{"floor":24,"key":"AttackPotion"},{"floor":31,"key":"Block Potion"},{"floor":33,"key":"GamblersBrew"},{"floor":39,"key":"SteroidPotion"},{"floor":42,"key":"EssenceOfSteel"}],"is_trial":false,"path_per_floor":["M","?","$","M","M","R","E","R","T","M","E","R","E","M","R","B",null,"M","M","?","M","M","R","E","M","T","?","E","R","E","M","R","B",null,"M","M","M","$","M","E","R","E","T","E","?","?","E","M","R","B","B"],"character_chosen":"DEFECT","items_purchased":["Rip and Tear","Capacitor","PreservedInsect","Lee\u0027s Waffle"],"campfire_rested":1,"item_purchase_floors":[3,38,38,38],"current_hp_per_floor":[63,63,63,63,62,62,58,58,58,46,41,41,21,21,21,16,57,57,51,51,51,35,35,21,23,23,23,17,38,41,43,43,24,65,67,61,43,85,69,71,71,73,73,75,75,75,65,67,67,31,0],"gold":45,"neow_bonus":"RANDOM_COMMON_RELIC","is_prod":false,"is_daily":false,"chose_seed":false,"campfire_upgraded":7,"win_rate":0,"timestamp":1562967072,"path_taken":["M","?","$","M","?","R","E","R","T","M","E","R","E","M","R","BOSS","M","M","?","M","M","R","E","M","T","?","E","R","E","M","R","BOSS","M","M","M","$","M","E","R","E","T","E","?","?","E","M","R","BOSS","BOSS"],"build_version":"2019-07-10","purchased_purges":0,"victory":false,"max_hp_per_floor":[71,71,71,71,71,71,71,71,71,71,71,71,71,71,71,71,71,71,71,71,71,71,71,71,71,71,71,71,71,78,78,78,78,78,78,78,78,85,85,85,85,85,85,85,81,81,81,81,81,81,81],"card_choices":[{"not_picked":["Turbo","FTL"],"picked":"Compile Driver","floor":1},{"not_picked":["Consume","Gash"],"picked":"Conserve Battery","floor":4},{"not_picked":["Loop","Self Repair"],"picked":"Doom and Gloom","floor":5},{"not_picked":["Conserve Battery","Force Field"],"picked":"Genetic Algorithm","floor":7},{"not_picked":["Rebound","Capacitor"],"picked":"Electrodynamics","floor":10},{"not_picked":["Redo","Darkness"],"picked":"Loop","floor":11},{"not_picked":["Loop","Genetic Algorithm"],"picked":"Buffer","floor":13},{"not_picked":["Conserve Battery","Cold Snap"],"picked":"Coolheaded","floor":14},{"not_picked":["Reboot","Multi-Cast"],"picked":"Echo Form","floor":16},{"not_picked":["Aggregate"],"picked":"SKIP","floor":18},{"not_picked":[],"picked":"Barrage","floor":19},{"not_picked":[],"picked":"Genetic Algorithm+1","floor":21},{"not_picked":[],"picked":"FTL","floor":22},{"not_picked":["Streamline"],"picked":"SKIP","floor":24},{"not_picked":[],"picked":"Force Field+1","floor":25},{"not_picked":["Rebound"],"picked":"SKIP","floor":28},{"not_picked":["Redo+1"],"picked":"SKIP","floor":30},{"not_picked":["Melter"],"picked":"SKIP","floor":31},{"not_picked":[],"picked":"Biased Cognition","floor":33},{"not_picked":[],"picked":"Steam+1","floor":35},{"not_picked":[],"picked":"Leap+1","floor":36},{"not_picked":[],"picked":"Fusion+1","floor":37},{"not_picked":["Doom and Gloom"],"picked":"SKIP","floor":39},{"not_picked":[],"picked":"White Noise+1","floor":40},{"not_picked":["Barrage"],"picked":"SKIP","floor":42},{"not_picked":[],"picked":"Static Discharge","floor":44},{"not_picked":["Double Energy+1"],"picked":"SKIP","floor":47},{"not_picked":[],"picked":"Coolheaded+1","floor":48}],"player_experience":1676737,"relics_obtained":[{"floor":7,"key":"Gambling Chip"},{"floor":9,"key":"Du-Vu Doll"},{"floor":11,"key":"Orichalcum"},{"floor":13,"key":"Cables"},{"floor":24,"key":"Blood Vial"},{"floor":26,"key":"Centennial Puzzle"},{"floor":28,"key":"Dream Catcher"},{"floor":30,"key":"Strawberry"},{"floor":40,"key":"Boot"},{"floor":42,"key":"Juzu Bracelet"},{"floor":44,"key":"War Paint"},{"floor":47,"key":"Art of War"}],"event_choices":[{"cards_removed":["Strike_B"],"damage_healed":0,"gold_gain":0,"player_choice":"Purged","damage_taken":0,"max_hp_gain":0,"max_hp_loss":0,"event_name":"Purifier","floor":2,"gold_loss":0},{"damage_healed":0,"gold_gain":0,"player_choice":"Obtained Relic","damage_taken":0,"relics_obtained":["Toxic Egg 2"],"max_hp_gain":0,"max_hp_loss":0,"event_name":"Addict","floor":20,"gold_loss":85},{"damage_healed":0,"gold_gain":0,"player_choice":"Opened","damage_taken":0,"relics_obtained":["Bag of Preparation"],"max_hp_gain":0,"max_hp_loss":0,"event_name":"The Mausoleum","floor":27,"gold_loss":0,"cards_obtained":["Writhe"]},{"damage_healed":0,"gold_gain":0,"player_choice":"Max HP","damage_taken":0,"max_hp_gain":0,"max_hp_loss":4,"event_name":"Winding Halls","floor":45,"gold_loss":0},{"damage_healed":0,"gold_gain":0,"player_choice":"Paid","damage_taken":0,"relics_obtained":["Red Mask"],"max_hp_gain":0,"max_hp_loss":0,"event_name":"Tomb of Lord Red Mask","floor":46,"gold_loss":191}],"is_beta":true,"boss_relics":[{"not_picked":["Inserter","Calling Bell"],"picked":"Busted Crown"},{"not_picked":["Black Star","Orrery"],"picked":"Astrolabe"}],"items_purged_floors":[],"is_endless":false,"potions_floor_spawned":[4,5,7,13,16,19,21,22,24,31,33,39,40,42],"killed_by":"Awakened One","ascension_level":20}