{"gold_per_floor":[16,16,35,110,133,169,169,169,169,169,20,38,38,63,63,162,162,178,178,172,187,205,205,221,221,221,221,221,221,245,264,264,264],"floor_reached":33,"playtime":4212,"items_purged":["Injury"],"score":457,"play_id":"0a61a749-ab70-4610-a184-ebb15c60accd","local_time":"20190713135343","is_ascension_mode":true,"campfire_choices":[{"data":"Clothesline","floor":7.0,"key":"SMITH"},{"floor":10.0,"key":"REST"},{"data":"True Grit","floor":13.0,"key":"SMITH"},{"data":"Iron Wave","floor":15.0,"key":"SMITH"},{"floor":23.0,"key":"REST"},{"data":"Uppercut","floor":27.0,"key":"SMITH"},{"data":"Juggernaut","floor":29.0,"key":"SMITH"},{"floor":32,"key":"REST"}],"neow_cost":"NO_GOLD","seed_source_timestamp":285747656046330,"circlet_count":0,"master_deck":["AscendersBane","Defend_R+1","Defend_R","Defend_R","Defend_R","Bash","Anger+1","Clothesline+1","Ghostly Armor","True Grit+1","Iron Wave+1","Juggernaut+1","Armaments","Warcry+1","Cleave+1","Iron Wave","Uppercut+1","Bite","Bite","Bite","Bite","Bite"],"special_seed":0,"relics":["Burning Blood","Gambling Chip","Golden Idol","Mummified Hand","Art of War","Mark of Pain","MutagenicStrength","Dodecahedron","Bag of Marbles"],"potions_floor_usage":[33],"damage_taken":[{"damage":9.0,"enemies":"Jaw Worm","floor":1.0,"turns":4.0},{"damage":0.0,"enemies":"Small Slimes","floor":3.0,"turns":3.0},{"damage":3.0,"enemies":"2 Louse","floor":5.0,"turns":3.0},{"damage":35.0,"enemies":"3 Sentries","floor":6.0,"turns":11.0},{"damage":2.0,"enemies":"2 Fungi Beasts","floor":12.0,"turns":4.0},{"damage":3.0,"enemies":"Looter","floor":14.0,"turns":4.0},{"damage":56.0,"enemies":"Slime Boss","floor":16.0,"turns":13.0},{"damage":0.0,"enemies":"3 Byrds","floor":18.0,"turns":9.0},{"damage":8.0,"enemies":"2 Thieves","floor":20.0,"turns":4.0},{"damage":29.0,"enemies":"Snake Plant","floor":21.0,"turns":6.0},{"damage":14.0,"enemies":"Centurion and Healer","floor":22.0,"turns":7.0},{"damage":7.0,"enemies":"Chosen and Byrds","floor":24.0,"turns":8.0},{"damage":17,"enemies":"Snake Plant","floor":31,"turns":2},{"damage":83,"enemies":"Collector","floor":33,"turns":12}],"seed_played":"-8163532295205904118","potions_obtained":[{"floor":3.0,"key":"SkillPotion"},{"floor":5.0,"key":"GamblersBrew"},{"floor":14.0,"key":"Dexterity Potion"},{"floor":16.0,"key":"AttackPotion"},{"floor":24.0,"key":"Energy Potion"}],"is_trial":false,"path_per_floor":["M","?","M","?","M","E","R","?","T","R","$","M","R","M","R","B",null,"M","?","M","M","M","R","M","?","T","R","?","R","T","M","R","B"],"character_chosen":"IRONCLAD","items_purchased":["BloodPotion"],"campfire_rested":3,"item_purchase_floors":[11],"current_hp_per_floor":[65,65,71,60,63,34,34,11,11,33,33,37,37,40,40,8,58,64,64,62,39,31,53,52,52,52,52,52,52,52,44,52,0],"gold":264,"neow_bonus":"ONE_RARE_RELIC","is_prod":false,"is_daily":false,"chose_seed":false,"campfire_upgraded":5,"win_rate":0,"timestamp":1563040423,"path_taken":["M","?","M","?","M","E","R","?","T","R","$","M","R","M","R","BOSS","M","?","M","M","M","R","M","?","T","R","?","R","?","M","R","BOSS"],"build_version":"2019-07-05","purchased_purges":1,"victory":false,"max_hp_per_floor":[75,75,75,75,75,75,75,75,75,75,75,75,75,75,75,75,75,75,75,75,75,75,75,75,75,75,75,52,52,52,52,52,52],"card_choices":[{"not_picked":["Headbutt","Seeing Red"],"picked":"Anger","floor":1.0},{"not_picked":["Headbutt","Pommel Strike"],"picked":"Clothesline","floor":3.0},{"not_picked":["Infernal Blade","Rage"],"picked":"Ghostly Armor","floor":5.0},{"not_picked":["Pommel Strike","Sever Soul"],"picked":"True Grit","floor":6.0},{"not_picked":["Corruption","Berserk","Dual Wield"],"picked":"SKIP","floor":12.0},{"not_picked":["Entrench","Thunderclap"],"picked":"Iron Wave","floor":14.0},{"not_picked":["Berserk","Double Tap"],"picked":"Juggernaut","floor":16.0},{"not_picked":["Body Slam","Cleave"],"picked":"Armaments","floor":18.0},{"not_picked":["Armaments","Infernal Blade"],"picked":"Warcry+1","floor":20.0},{"not_picked":["Warcry","Sentinel"],"picked":"Cleave+1","floor":21.0},{"not_picked":["Searing Blow","Havoc"],"picked":"Iron Wave","floor":22.0},{"not_picked":["Perfected Strike+1","Battle Trance"],"picked":"Uppercut","floor":24.0},{"not_picked":["Pommel Strike","Flex","Twin Strike"],"picked":"SKIP","floor":31}],"player_experience":532352,"relics_obtained":[{"floor":6.0,"key":"Mummified Hand"},{"floor":9.0,"key":"Art of War"},{"floor":26.0,"key":"Dodecahedron"},{"floor":30.0,"key":"Bag of Marbles"}],"event_choices":[{"damage_healed":0.0,"max_hp_gain":0.0,"max_hp_loss":0.0,"gold_gain":0.0,"event_name":"Golden Idol","player_choice":"Take Wound","floor":2.0,"gold_loss":0.0,"damage_taken":0.0,"relics_obtained":["Golden Idol"],"cards_obtained":["Injury"]},{"damage_healed":0.0,"max_hp_gain":0.0,"max_hp_loss":0.0,"gold_gain":75.0,"event_name":"World of Goop","player_choice":"Gather Gold","floor":4.0,"gold_loss":0.0,"damage_taken":11.0},{"damage_healed":0.0,"max_hp_gain":0.0,"max_hp_loss":0.0,"gold_gain":0.0,"event_name":"Shining Light","player_choice":"Entered Light","floor":8.0,"gold_loss":0.0,"damage_taken":23.0,"cards_upgraded":["Anger","Defend_R"]},{"damage_healed":0.0,"max_hp_gain":0.0,"max_hp_loss":0.0,"gold_gain":0.0,"event_name":"Ghosts","player_choice":"Ignored","floor":19.0,"gold_loss":0.0,"damage_taken":0.0},{"damage_healed":0.0,"max_hp_gain":0.0,"max_hp_loss":0.0,"gold_gain":0.0,"event_name":"Drug Dealer","player_choice":"Inject Mutagens","floor":25.0,"gold_loss":0.0,"damage_taken":0.0,"relics_obtained":["MutagenicStrength"]},{"damage_healed":0.0,"max_hp_gain":0.0,"max_hp_loss":23.0,"gold_gain":0.0,"event_name":"Vampires","player_choice":"Became a vampire","floor":28.0,"gold_loss":0.0,"damage_taken":0.0,"cards_obtained":["Bite","Bite","Bite","Bite","Bite"]}],"is_beta":false,"boss_relics":[{"not_picked":["Busted Crown","Eternal Feather"],"picked":"Mark of Pain"}],"items_purged_floors":[11],"is_endless":false,"potions_floor_spawned":[3,5,14,16,24],"killed_by":"Collector","ascension_level":15}