{"gold_per_floor":[117,117,129,148,148,148,179,179,206,235,235,247,247,280,280,382,382,397,50,50,67,85,114,128,163,190,190,223,223,241,241,241,346,396,408,339,384,404,415,445,445,445,470,470,37,56,71,146,146,146],"floor_reached":51,"playtime":2033,"items_purged":["Defend_R"],"score":1353,"play_id":"0340c1b8-0ea9-4b66-be57-e383bbf12fe7","local_time":"20190701121457","is_ascension_mode":true,"campfire_choices":[{"data":"Blood for Blood","floor":6.0,"key":"SMITH"},{"data":"Dual Wield","floor":8.0,"key":"SMITH"},{"data":"Whirlwind","floor":11.0,"key":"SMITH"},{"data":"Rage","floor":15.0,"key":"SMITH"},{"data":"Dark Embrace","floor":27.0,"key":"SMITH"},{"data":"Bash","floor":29.0,"key":"SMITH"},{"data":"Hemokinesis","floor":32.0,"key":"SMITH"},{"data":"Barricade","floor":41,"key":"SMITH"},{"data":"Offering","floor":44,"key":"SMITH"},{"data":"Entrench","floor":49,"key":"SMITH"}],"neow_cost":"","seed_source_timestamp":0,"circlet_count":0,"master_deck":["Feed","Bash+1","Defend_R","Shrug It Off","Offering+1","Hemokinesis+1","Blood for Blood+1","Battle Trance","Dual Wield+1","Whirlwind+1","Shrug It Off+1","Ghostly Armor","Dark Embrace+1","Rage+1","Bloodletting+1","Burning Pact+1","Shrug It Off+1","Sentinel+1","Barricade+1","Second Wind+1","Entrench+1","Rupture+1","Power Through"],"special_seed":0,"relics":["Burning Blood","Runic Cube","Question Card","Bag of Marbles","Red Skull","Vajra","Turnip","Coffee Dripper","Centennial Puzzle","Medical Kit","Gambling Chip","Mango","Happy Flower","Juzu Bracelet","Tiny House","Shovel","Blue Candle","Oddly Smooth Stone","Membership Card","Champion Belt"],"potions_floor_usage":[50],"damage_taken":[{"damage":13.0,"enemies":"2 Louse","floor":1.0,"turns":2.0},{"damage":5.0,"enemies":"Jaw Worm","floor":3.0,"turns":4.0},{"damage":8.0,"enemies":"Small Slimes","floor":4.0,"turns":4.0},{"damage":9.0,"enemies":"Gremlin Nob","floor":7.0,"turns":2.0},{"damage":11.0,"enemies":"Lagavulin","floor":10.0,"turns":3.0},{"damage":0.0,"enemies":"2 Fungi Beasts","floor":12.0,"turns":1.0},{"damage":17.0,"enemies":"Gremlin Nob","floor":14.0,"turns":3.0},{"damage":18.0,"enemies":"The Guardian","floor":16.0,"turns":8.0},{"damage":2.0,"enemies":"Chosen","floor":18.0,"turns":3.0},{"damage":0.0,"enemies":"3 Byrds","floor":21.0,"turns":4.0},{"damage":7.0,"enemies":"3 Cultists","floor":22.0,"turns":5.0},{"damage":12.0,"enemies":"Book of Stabbing","floor":23.0,"turns":3.0},{"damage":10.0,"enemies":"Cultist and Chosen","floor":24.0,"turns":3.0},{"damage":3.0,"enemies":"Slavers","floor":25.0,"turns":1.0},{"damage":12.0,"enemies":"Book of Stabbing","floor":28.0,"turns":2.0},{"damage":9.0,"enemies":"Centurion and Healer","floor":30.0,"turns":1.0},{"damage":16.0,"enemies":"Automaton","floor":33.0,"turns":4.0},{"damage":14.0,"enemies":"3 Shapes","floor":35.0,"turns":3.0},{"damage":11.0,"enemies":"2 Orb Walkers","floor":37.0,"turns":5.0},{"damage":3.0,"enemies":"Orb Walker","floor":38.0,"turns":1.0},{"damage":5.0,"enemies":"Sphere and 2 Shapes","floor":39.0,"turns":2.0},{"damage":13.0,"enemies":"Giant Head","floor":40.0,"turns":7.0},{"damage":14,"enemies":"Spire Growth","floor":46,"turns":4},{"damage":8,"enemies":"Writhing Mass","floor":47,"turns":6},{"damage":18,"enemies":"Awakened One","floor":50,"turns":14}],"seed_played":"1146160351090942938","potions_obtained":[{"floor":1.0,"key":"Strength Potion"},{"floor":4.0,"key":"Weak Potion"},{"floor":14.0,"key":"Explosive Potion"}],"is_trial":true,"path_per_floor":["M","?","M","M","?","R","E","R","T","E","R","M","?","E","R","B",null,"M","$","?","M","M","E","M","E","T","R","E","R","M","?","R","B",null,"M","$","?","M","M","E","R","?","T","R","$","M","M","?","R","B",null],"character_chosen":"IRONCLAD","items_purchased":["Centennial Puzzle","Medical Kit","Entrench","Membership Card","Champion Belt","GamblersBrew"],"campfire_rested":0,"item_purchase_floors":[19,19,36,45,45,45],"current_hp_per_floor":[68,73,77,78,71,71,68,68,68,63,63,69,69,61,61,49,85,89,89,89,98,100,97,96,113,113,113,107,107,104,104,104,94,121,116,116,111,114,115,111,111,111,111,111,111,106,104,91,91,79],"gold":146,"neow_bonus":"","is_prod":false,"is_daily":false,"chose_seed":false,"campfire_upgraded":10,"win_rate":0,"timestamp":1561950897,"path_taken":["M","?","M","M","?","R","E","R","T","E","R","M","?","E","R","BOSS","M","$","?","M","M","E","M","E","T","R","E","R","M","?","R","BOSS","M","$","?","M","M","E","R","?","T","R","$","M","M","?","R","BOSS"],"build_version":"2019-01-23","purchased_purges":1,"victory":true,"max_hp_per_floor":[83,88,91,94,94,94,94,94,94,94,94,94,94,97,97,97,97,97,97,97,100,103,106,109,123,123,123,123,123,123,123,123,123,128,131,131,131,131,131,134,134,134,134,134,134,137,137,137,137,137],"card_choices":[{"not_picked":["Seeing Red","Bloodletting","Searing Blow"],"picked":"Whirlwind","floor":1.0},{"not_picked":["Dropkick","Thunderclap","Sword Boomerang"],"picked":"Shrug It Off","floor":3.0},{"not_picked":["Burning Pact","Shrug It Off","Iron Wave"],"picked":"Carnage","floor":4.0},{"not_picked":["Barricade","Perfected Strike","Iron Wave"],"picked":"Ghostly Armor","floor":7.0},{"not_picked":["Flex","Whirlwind","Warcry"],"picked":"Dark Embrace","floor":10.0},{"not_picked":["Entrench","Perfected Strike","Wild Strike","Flex"],"picked":"SKIP","floor":12.0},{"not_picked":["Disarm","Brutality","Body Slam"],"picked":"Rage","floor":14.0},{"not_picked":["Clash","Carnage","Heavy Blade"],"picked":"Bloodletting+1","floor":18.0},{"not_picked":["Rage","Perfected Strike","Thunderclap","Wild Strike"],"picked":"SKIP","floor":21.0},{"not_picked":["Anger","Iron Wave","Havoc+1","Pommel Strike"],"picked":"SKIP","floor":22.0},{"not_picked":["Battle Trance","Dual Wield","Reaper"],"picked":"Burning Pact+1","floor":23.0},{"not_picked":["Perfected Strike","Metallicize","Armaments"],"picked":"Shrug It Off+1","floor":24.0},{"not_picked":["Inflame","Anger","Sever Soul","Burning Pact+1"],"picked":"SKIP","floor":25.0},{"not_picked":["Flex","Anger","Searing Blow","Wild Strike"],"picked":"SKIP","floor":28.0},{"not_picked":["Clash","Burning Pact","Anger"],"picked":"Sentinel+1","floor":30.0},{"not_picked":["Demon Form","Brutality","Juggernaut"],"picked":"Barricade","floor":33.0},{"not_picked":["Body Slam+1","Pommel Strike+1","Warcry+1"],"picked":"Second Wind+1","floor":35.0},{"not_picked":["Rampage+1","Thunderclap","Immolate","Iron Wave"],"picked":"SKIP","floor":38.0},{"not_picked":["Wild Strike+1","Inflame+1","Pommel Strike+1","Rampage"],"picked":"SKIP","floor":39.0},{"not_picked":["True Grit+1","Headbutt+1","Anger"],"picked":"Rupture+1","floor":40},{"not_picked":["Body Slam+1","Cleave+1","Infernal Blade","Dropkick"],"picked":"SKIP","floor":46},{"not_picked":["Cleave+1","Searing Blow","Sword Boomerang+1"],"picked":"Power Through","floor":47}],"player_experience":170267,"relics_obtained":[{"floor":7.0,"key":"Bag of Marbles"},{"floor":9.0,"key":"Red Skull"},{"floor":10.0,"key":"Vajra"},{"floor":14.0,"key":"Turnip"},{"floor":23.0,"key":"Gambling Chip"},{"floor":25.0,"key":"Mango"},{"floor":26.0,"key":"Happy Flower"},{"floor":28.0,"key":"Juzu Bracelet"},{"floor":37.0,"key":"Shovel"},{"floor":40,"key":"Blue Candle"},{"floor":43,"key":"Oddly Smooth Stone"}],"event_choices":[{"damage_healed":0.0,"max_hp_gain":5.0,"max_hp_loss":0.0,"gold_gain":0.0,"event_name":"Big Fish","player_choice":"Donut","floor":2.0,"gold_loss":0.0,"damage_taken":0.0},{"cards_removed":["Defend_R"],"damage_healed":0.0,"max_hp_gain":0.0,"max_hp_loss":0.0,"gold_gain":0.0,"event_name":"Golden Wing","player_choice":"Card Removal","floor":5.0,"gold_loss":0.0,"damage_taken":7.0},{"damage_healed":0.0,"max_hp_gain":0.0,"max_hp_loss":0.0,"gold_gain":0.0,"event_name":"Liars Game","player_choice":"Ignored","floor":13.0,"gold_loss":0.0,"damage_taken":0.0},{"damage_healed":0.0,"max_hp_gain":0.0,"max_hp_loss":0.0,"gold_gain":0.0,"event_name":"Beggar","player_choice":"Ignored","floor":20.0,"gold_loss":0.0,"damage_taken":0.0},{"cards_removed":["Carnage"],"damage_healed":0.0,"max_hp_gain":0.0,"max_hp_loss":0.0,"gold_gain":0.0,"event_name":"Back to Basics","player_choice":"Elegance","floor":31.0,"gold_loss":0.0,"damage_taken":0.0},{"damage_healed":0.0,"max_hp_gain":0.0,"max_hp_loss":0.0,"gold_gain":0.0,"event_name":"Mysterious Sphere","player_choice":"Fight","floor":37.0,"gold_loss":0.0,"damage_taken":0.0},{"damage_healed":0,"gold_gain":0,"player_choice":"Ignored","damage_taken":0,"max_hp_gain":0,"max_hp_loss":0,"event_name":"Tomb of Lord Red Mask","floor":42,"gold_loss":0},{"damage_healed":0,"gold_gain":75,"player_choice":"Touch","damage_taken":13,"max_hp_gain":0,"max_hp_loss":0,"event_name":"FaceTrader","floor":48,"gold_loss":0}],"is_beta":false,"boss_relics":[{"not_picked":["Black Star","Lizard Tail"],"picked":"Coffee Dripper"},{"not_picked":["White Beast Statue","Runic Cube"],"picked":"Tiny House"}],"items_purged_floors":[45],"is_endless":false,"potions_floor_spawned":[1,4,14,18,22,23,30,37,38,39,47],"ascension_level":7}