{"gold_per_floor":[117,134,134,25,25,63,63,28,28,28,69,87,110,131,131,261,261,279,279,110,126,145,145,169,169,169,169,187,12,12,26,26,149,149,172,192,192],"floor_reached":37,"playtime":5230,"items_purged":["Strike_G","Writhe"],"score":379,"play_id":"6dc5fa38-3da7-4ae5-a2d8-ffd99e1c4839","local_time":"20190709204205","is_ascension_mode":false,"campfire_choices":[{"data":"Infinite Blades","floor":7.0,"key":"SMITH"},{"data":"Skewer","floor":10.0,"key":"SMITH"},{"data":"1","floor":15.0,"key":"LIFT"},{"floor":23,"key":"REST"},{"data":"Terror","floor":27,"key":"SMITH"},{"floor":30,"key":"REST"},{"data":"2","floor":32,"key":"LIFT"}],"neow_cost":"NONE","seed_source_timestamp":0,"circlet_count":0,"master_deck":["Strike_G","Strike_G","Strike_G","Strike_G","Defend_G","Defend_G","Defend_G","Defend_G","Survivor","Neutralize","Poisoned Stab","Distraction","Skewer+1","Infinite Blades+1","Deflect","Blade Dance","Wraith Form v2","Flying Knee","A Thousand Cuts","Dagger Throw+1","Terror+1","Flying Knee","Backflip","Backflip","Backflip","Dagger Spray","Calculated Gamble","Flying Knee","PiercingWail+1","All Out Attack+1"],"special_seed":0,"relics":["Ring of the Snake","Golden Idol","Girya","Kunai","Question Card","PreservedInsect","Runic Pyramid","Blood Vial","Omamori","Pantograph","Cursed Key"],"potions_floor_usage":[28,28,33,37],"damage_taken":[{"damage":9.0,"enemies":"Cultist","floor":1.0,"turns":4.0},{"damage":0.0,"enemies":"Small Slimes","floor":2.0,"turns":5.0},{"damage":22.0,"enemies":"Gremlin Nob","floor":6.0,"turns":4.0},{"damage":29.0,"enemies":"3 Sentries","floor":11.0,"turns":7.0},{"damage":0.0,"enemies":"2 Louse","floor":12.0,"turns":3.0},{"damage":4.0,"enemies":"Looter","floor":14.0,"turns":4.0},{"damage":19.0,"enemies":"Hexaghost","floor":16.0,"turns":13.0},{"damage":12,"enemies":"Shell Parasite","floor":18,"turns":7},{"damage":30,"enemies":"2 Thieves","floor":21,"turns":4},{"damage":27,"enemies":"Shelled Parasite and Fungi","floor":22,"turns":7},{"damage":20,"enemies":"Cultist and Chosen","floor":24,"turns":8},{"damage":4,"enemies":"Centurion and Healer","floor":28,"turns":6},{"damage":0,"enemies":"Snecko","floor":31,"turns":5},{"damage":25,"enemies":"Champ","floor":33,"turns":14},{"damage":29,"enemies":"3 Darklings","floor":35,"turns":4},{"damage":29,"enemies":"3 Shapes","floor":36,"turns":4},{"damage":18,"enemies":"Jaw Worm Horde","floor":37,"turns":2}],"seed_played":"-1425926735857289405","potions_obtained":[{"floor":2.0,"key":"EssenceOfSteel"},{"floor":6.0,"key":"GamblersBrew"},{"floor":12.0,"key":"Weak Potion"},{"floor":16.0,"key":"Explosive Potion"},{"floor":21,"key":"Fire Potion"},{"floor":22,"key":"GhostInAJar"},{"floor":28,"key":"Poison Potion"}],"is_trial":false,"path_per_floor":["M","M","?","$","?","E","R","?","T","R","E","M","T","M","R","B",null,"M","?","$","M","M","R","M","?","T","R","M","$","R","M","R","B",null,"M","M","M"],"character_chosen":"THE_SILENT","items_purchased":["Skewer","Infinite Blades","Terror","Flying Knee","Calculated Gamble"],"campfire_rested":2,"item_purchase_floors":[4,4,20,20,29],"current_hp_per_floor":[68,68,68,68,61,39,39,56,56,56,27,27,27,23,23,4,71,59,59,59,31,6,27,9,9,9,9,7,7,28,30,30,32,71,42,15,0],"gold":192,"neow_bonus":"TEN_PERCENT_HP_BONUS","is_prod":false,"is_daily":false,"chose_seed":false,"campfire_upgraded":3,"win_rate":0.0,"timestamp":1562719325,"path_taken":["M","M","?","$","?","E","R","?","T","R","E","M","?","M","R","BOSS","M","?","$","M","?","R","M","?","T","R","M","$","R","M","R","BOSS","M","M","M"],"build_version":"2019-07-05","purchased_purges":2,"victory":false,"max_hp_per_floor":[77,77,71,71,71,71,71,71,71,71,71,71,71,71,71,71,71,71,71,71,71,71,71,71,71,71,71,71,71,71,71,71,71,71,71,71,71],"card_choices":[{"not_picked":["Dagger Spray","Deflect"],"picked":"Poisoned Stab","floor":1.0},{"not_picked":["Sucker Punch","PiercingWail"],"picked":"Distraction","floor":2.0},{"not_picked":["Poisoned Stab","Backflip"],"picked":"Deflect","floor":6.0},{"not_picked":["Poisoned Stab","Flying Knee"],"picked":"Blade Dance","floor":11.0},{"not_picked":["Underhanded Strike","Outmaneuver","Dodge and Roll"],"picked":"Wraith Form v2","floor":12.0},{"not_picked":["Endless Agony","Calculated Gamble","Poisoned Stab"],"picked":"Flying Knee","floor":14.0},{"not_picked":["Envenom","Doppelganger","Glass Knife"],"picked":"A Thousand Cuts","floor":16.0},{"not_picked":["Distraction+1","Sucker Punch","Leg Sweep"],"picked":"Dagger Throw+1","floor":18},{"not_picked":["Slice","Underhanded Strike","Infinite Blades"],"picked":"Backflip","floor":21},{"not_picked":["Noxious Fumes","Bouncing Flask","Distraction"],"picked":"Backflip","floor":22},{"not_picked":["Underhanded Strike","Expertise","Slice+1"],"picked":"Backflip","floor":24},{"not_picked":["Sucker Punch+1","Dodge and Roll","Reflex+1"],"picked":"Dagger Spray","floor":28},{"not_picked":["Terror+1","Reflex","Noxious Fumes"],"picked":"Flying Knee","floor":31},{"not_picked":["Dodge and Roll","Slice+1","Quick Slash"],"picked":"PiercingWail+1","floor":35},{"not_picked":["Deadly Poison","Backflip+1","Poisoned Stab"],"picked":"All Out Attack+1","floor":36}],"player_experience":22536,"relics_obtained":[{"floor":6.0,"key":"Girya"},{"floor":9.0,"key":"Kunai"},{"floor":11.0,"key":"Question Card"},{"floor":13.0,"key":"PreservedInsect"},{"floor":26,"key":"Pantograph"}],"event_choices":[{"damage_healed":0.0,"max_hp_gain":0.0,"max_hp_loss":6.0,"gold_gain":0.0,"event_name":"Golden Idol","player_choice":"Lose Max HP","floor":3.0,"gold_loss":0.0,"damage_taken":0.0,"relics_obtained":["Golden Idol"]},{"cards_removed":["Defend_G"],"damage_healed":0.0,"max_hp_gain":0.0,"max_hp_loss":0.0,"gold_gain":0.0,"event_name":"Golden Wing","player_choice":"Card Removal","floor":5.0,"gold_loss":0.0,"damage_taken":7.0},{"damage_healed":17.0,"max_hp_gain":0.0,"max_hp_loss":0.0,"gold_gain":0.0,"event_name":"The Cleric","player_choice":"Healed","floor":8.0,"gold_loss":35.0,"damage_taken":0.0},{"damage_healed":0,"gold_gain":0,"player_choice":"Gave Potion","damage_taken":0,"relics_obtained":["Blood Vial"],"max_hp_gain":0,"max_hp_loss":0,"event_name":"WeMeetAgain","floor":19,"gold_loss":0},{"damage_healed":0,"gold_gain":0,"player_choice":"Opened","damage_taken":0,"relics_obtained":["Omamori"],"max_hp_gain":0,"max_hp_loss":0,"event_name":"The Mausoleum","floor":25,"gold_loss":0,"cards_obtained":["Writhe"]}],"is_beta":false,"boss_relics":[{"not_picked":["Lizard Tail","Coffee Dripper"],"picked":"Runic Pyramid"},{"not_picked":["Philosopher\u0027s Stone","Sozu"],"picked":"Cursed Key"}],"items_purged_floors":[20,29],"is_endless":false,"potions_floor_spawned":[2,6,12,16,21,22,28],"killed_by":"Jaw Worm Horde","ascension_level":0}