{"gold_per_floor":[13,30,30,30,48,48,18,47,47,65,90,102,102,121,121,200,200,215,215,215,233,233],"floor_reached":22,"playtime":946,"items_purged":[],"score":517,"play_id":"64de23af-cac7-4aa3-9c8d-cf93373fd836","local_time":"20190614032154","is_ascension_mode":true,"campfire_choices":[{"data":"Demon Form","floor":6,"key":"SMITH"},{"data":"Disarm","floor":13,"key":"SMITH"},{"data":"Bash","floor":15,"key":"SMITH"}],"neow_cost":"NO_GOLD","seed_source_timestamp":1377244208597469,"circlet_count":0,"master_deck":["AscendersBane","Strike_R","Strike_R","Strike_R","Strike_R","Strike_R","Defend_R","Defend_R","Defend_R","Defend_R","Bash+1","Demon Form+1","Clothesline","Rage+1","Shrug It Off","True Grit","Shrug It Off","Disarm+1","Armaments+1","Burning Pact+1","Feed","Shame","Normality","Regret","Corruption","Necronomicurse","Armaments+1"],"relics":["Burning Blood","Thread and Needle","Juzu Bracelet","Du-Vu Doll","Toxic Egg 2","Calling Bell","Orichalcum","Ornamental Fan","Mango","Necronomicon"],"potions_floor_usage":[8,16,22],"damage_taken":[{"damage":16,"enemies":"Small Slimes","floor":1,"turns":4},{"damage":7,"enemies":"Jaw Worm","floor":2,"turns":4},{"damage":0,"enemies":"Cultist","floor":5,"turns":4},{"damage":17,"enemies":"Gremlin Nob","floor":8,"turns":4},{"damage":3,"enemies":"2 Fungi Beasts","floor":10,"turns":5},{"damage":10,"enemies":"Lagavulin","floor":11,"turns":8},{"damage":3,"enemies":"3 Louse","floor":12,"turns":6},{"damage":0,"enemies":"Looter","floor":14,"turns":4},{"damage":19,"enemies":"The Guardian","floor":16,"turns":11},{"damage":61,"enemies":"3 Byrds","floor":18,"turns":10},{"damage":19,"enemies":"Shell Parasite","floor":21,"turns":5},{"damage":25,"enemies":"3 Cultists","floor":22,"turns":4}],"seed_played":"1890055549294210917","potions_obtained":[{"floor":5,"key":"FearPotion"},{"floor":8,"key":"Energy Potion"},{"floor":11,"key":"GamblersBrew"}],"is_trial":false,"path_per_floor":["M","M","?","?","M","R","$","E","T","M","E","M","R","M","R","B",null,"M","?","?","M","M"],"character_chosen":"IRONCLAD","items_purchased":["True Grit"],"campfire_rested":0,"item_purchase_floors":[7],"current_hp_per_floor":[58,57,31,31,37,37,37,26,26,29,25,28,28,34,34,21,76,24,42,21,12,0],"gold":233,"neow_bonus":"THREE_RARE_CARDS","is_prod":false,"is_daily":false,"chose_seed":false,"campfire_upgraded":3,"win_rate":0,"timestamp":1560500514,"path_taken":["M","M","?","?","?","R","$","E","T","M","E","M","R","M","R","BOSS","M","?","?","M","M"],"build_version":"2019-01-23","purchased_purges":0,"victory":false,"max_hp_per_floor":[75,75,75,75,75,75,75,75,75,75,75,75,75,75,75,75,89,92,92,92,96,96],"card_choices":[{"not_picked":["Brutality","Exhume"],"picked":"Demon Form","floor":0},{"not_picked":["Headbutt","Pommel Strike"],"picked":"Clothesline","floor":1},{"not_picked":["Ghostly Armor","Iron Wave"],"picked":"Rage","floor":2},{"not_picked":["Havoc","Clash"],"picked":"Shrug It Off","floor":5},{"not_picked":["Berserk","Clothesline"],"picked":"Shrug It Off","floor":8},{"not_picked":["True Grit","Combust"],"picked":"Disarm","floor":10},{"not_picked":["Wild Strike","Combust","Carnage"],"picked":"SKIP","floor":11},{"not_picked":["Searing Blow","Clash"],"picked":"Armaments+1","floor":12},{"not_picked":["Iron Wave","Heavy Blade"],"picked":"Burning Pact+1","floor":14},{"not_picked":["Dark Embrace","Fiend Fire"],"picked":"Feed","floor":16},{"not_picked":["Anger","Warcry+1"],"picked":"Corruption","floor":18},{"not_picked":["Evolve","Clash"],"picked":"Armaments+1","floor":21}],"player_experience":1784238,"relics_obtained":[{"floor":8,"key":"Juzu Bracelet"},{"floor":9,"key":"Du-Vu Doll"},{"floor":11,"key":"Toxic Egg 2"},{"floor":17,"key":"Orichalcum"},{"floor":17,"key":"Ornamental Fan"},{"floor":17,"key":"Mango"},{"floor":20,"key":"Necronomicon"}],"event_choices":[{"damage_healed":0,"gold_gain":0,"player_choice":"Success","damage_taken":26,"relics_obtained":["Thread and Needle"],"max_hp_gain":0,"max_hp_loss":0,"event_name":"Scrap Ooze","floor":3,"gold_loss":0},{"damage_healed":0,"gold_gain":0,"player_choice":"Upgraded","damage_taken":0,"max_hp_gain":0,"max_hp_loss":0,"event_name":"Upgrade Shrine","floor":4,"gold_loss":0,"cards_upgraded":["Rage"]},{"damage_healed":18,"gold_gain":0,"player_choice":"Heal","damage_taken":0,"max_hp_gain":0,"max_hp_loss":0,"event_name":"The Library","floor":19,"gold_loss":0},{"damage_healed":0,"gold_gain":0,"player_choice":"Obtained Book","damage_taken":21,"max_hp_gain":0,"max_hp_loss":0,"event_name":"Cursed Tome","floor":20,"gold_loss":0}],"is_beta":false,"boss_relics":[{"not_picked":["Runic Cube","Pandora\u0027s Box"],"picked":"Calling Bell"}],"items_purged_floors":[],"is_endless":false,"potions_floor_spawned":[5,8,11],"killed_by":"3 Cultists","ascension_level":20}