{"gold_per_floor":[117,117,130,148,162,181,208,208,279,279,292,292,305,315,315,415,415,434,178,193,209,227,227,247,247],"floor_reached":25,"playtime":1897,"items_purged":[],"score":211,"play_id":"cf9e3242-5d1c-4c73-8dc9-4efb92de2c38","local_time":"20190712184621","is_ascension_mode":false,"campfire_choices":[{"floor":8.0,"key":"REST"},{"floor":10.0,"key":"REST"},{"floor":12.0,"key":"REST"},{"floor":15.0,"key":"REST"},{"floor":23,"key":"REST"}],"neow_cost":"NONE","seed_source_timestamp":0,"circlet_count":0,"master_deck":["Strike_R","Strike_R","Strike_R","Strike_R","Strike_R","Defend_R","Defend_R","Defend_R","Bash+1","Rupture","Perfected Strike","Clothesline","Cleave","Bludgeon","Flame Barrier","Armaments","Shockwave","Shrug It Off","Dropkick","Demon Form","Flame Barrier+1","Twin Strike","Spot Weakness","True Grit+1","Dual Wield"],"special_seed":0,"relics":["Burning Blood","Bottled Tornado","Kunai","Velvet Choker","Pantograph"],"potions_floor_usage":[25],"damage_taken":[{"damage":7.0,"enemies":"2 Louse","floor":1.0,"turns":3.0},{"damage":1.0,"enemies":"Cultist","floor":3.0,"turns":3.0},{"damage":5.0,"enemies":"Small Slimes","floor":4.0,"turns":3.0},{"damage":9.0,"enemies":"Looter","floor":5.0,"turns":3.0},{"damage":21.0,"enemies":"Lots of Slimes","floor":6.0,"turns":4.0},{"damage":45.0,"enemies":"Lagavulin","floor":7.0,"turns":9.0},{"damage":9.0,"enemies":"2 Fungi Beasts","floor":11.0,"turns":3.0},{"damage":33.0,"enemies":"Exordium Thugs","floor":13.0,"turns":6.0},{"damage":8.0,"enemies":"Large Slime","floor":14.0,"turns":6.0},{"damage":59.0,"enemies":"Slime Boss","floor":16.0,"turns":11.0},{"damage":25,"enemies":"Spheric Guardian","floor":18,"turns":5},{"damage":14,"enemies":"Chosen","floor":20,"turns":6},{"damage":35,"enemies":"Snake Plant","floor":21,"turns":5},{"damage":21,"enemies":"Shelled Parasite and Fungi","floor":22,"turns":5},{"damage":6,"enemies":"Snecko","floor":24,"turns":4},{"damage":60,"enemies":"Slavers","floor":25,"turns":6}],"seed_played":"-9073948916768511783","potions_obtained":[{"floor":1.0,"key":"Regen Potion"},{"floor":4.0,"key":"SkillPotion"},{"floor":6.0,"key":"FairyPotion"},{"floor":16.0,"key":"FearPotion"}],"is_trial":false,"path_per_floor":["M","?","M","M","M","M","E","R","T","R","M","R","M","M","R","B",null,"M","$","M","M","M","R","M","E"],"character_chosen":"IRONCLAD","items_purchased":["Pantograph"],"campfire_rested":5,"item_purchase_floors":[19],"current_hp_per_floor":[79,79,80,80,77,62,23,47,47,71,68,80,53,51,75,22,80,61,61,53,24,9,33,33,0],"gold":247,"neow_bonus":"TRANSFORM_CARD","is_prod":false,"is_daily":false,"chose_seed":false,"campfire_upgraded":0,"win_rate":0.0,"timestamp":1562971581,"path_taken":["M","?","M","M","M","M","E","R","T","R","M","R","M","?","R","BOSS","M","?","?","M","M","R","M","E"],"build_version":"2019-07-05","purchased_purges":0,"victory":false,"max_hp_per_floor":[80,80,80,80,80,80,80,80,80,80,80,80,80,80,80,80,80,80,80,80,80,80,80,80,80],"card_choices":[{"not_picked":["Entrench","True Grit"],"picked":"Perfected Strike","floor":1.0},{"not_picked":["Warcry","Feel No Pain"],"picked":"Clothesline","floor":3.0},{"not_picked":["Sword Boomerang","Fire Breathing"],"picked":"Cleave","floor":4.0},{"not_picked":["Warcry","Sever Soul"],"picked":"Bludgeon","floor":5.0},{"not_picked":["Warcry","Perfected Strike"],"picked":"Flame Barrier","floor":6.0},{"not_picked":["Heavy Blade","Clothesline"],"picked":"Armaments","floor":7.0},{"not_picked":["Cleave","Burning Pact"],"picked":"Shockwave","floor":11.0},{"not_picked":["Combust","Iron Wave"],"picked":"Shrug It Off","floor":13.0},{"not_picked":["Armaments","Cleave"],"picked":"Dropkick","floor":14.0},{"not_picked":["Feed","Dark Embrace"],"picked":"Demon Form","floor":16.0},{"not_picked":["Body Slam","Reckless Charge"],"picked":"Flame Barrier+1","floor":18},{"not_picked":["Dropkick+1","Iron Wave"],"picked":"Twin Strike","floor":20},{"not_picked":["Fiend Fire","Clothesline"],"picked":"Spot Weakness","floor":21},{"not_picked":["Cleave","Second Wind"],"picked":"True Grit+1","floor":22},{"not_picked":["Body Slam","Twin Strike"],"picked":"Dual Wield","floor":24}],"player_experience":17574,"relics_obtained":[{"floor":7.0,"key":"Bottled Tornado"},{"floor":9.0,"key":"Kunai"}],"event_choices":[{"damage_healed":0.0,"max_hp_gain":0.0,"max_hp_loss":0.0,"gold_gain":0.0,"event_name":"Upgrade Shrine","player_choice":"Upgraded","floor":2.0,"gold_loss":0.0,"damage_taken":0.0,"cards_upgraded":["Bash"]}],"is_beta":false,"boss_relics":[{"not_picked":["Orrery","Runic Pyramid"],"picked":"Velvet Choker"}],"items_purged_floors":[],"is_endless":false,"potions_floor_spawned":[1,4,6,16,20,24],"killed_by":"Slavers","ascension_level":0}