{"gold_per_floor":[117,136,136,152,162,162,7,34,60,60,75,75,109,122,122,201,201,214,214,227,142,12,12,12,12],"floor_reached":25,"playtime":884,"items_purged":["Strike_R"],"score":422,"play_id":"db2064f8-79d1-475f-9230-ecb19267c551","local_time":"20190610000949","is_ascension_mode":true,"campfire_choices":[{"data":"Whirlwind","floor":6.0,"key":"SMITH"},{"data":"Bash","floor":10.0,"key":"SMITH"},{"data":"Evolve","floor":15.0,"key":"SMITH"},{"data":"Rage","floor":23,"key":"SMITH"}],"neow_cost":"NONE","seed_source_timestamp":1020119338306015,"circlet_count":0,"master_deck":["AscendersBane","Strike_R","Strike_R","Strike_R","Defend_R","Defend_R","Defend_R","Defend_R","Bash+1","Berserk","Shrug It Off","Whirlwind+1","Battle Trance","Thunderclap","Feel No Pain","Metallicize","Evolve+1","Disarm","Feed","Anger","Rage+1","Spot Weakness","Inflame"],"special_seed":0,"relics":["Burning Blood","Orichalcum","Blood Vial","Red Skull","Sozu","Pen Nib"],"potions_floor_usage":[16,16],"damage_taken":[{"damage":12.0,"enemies":"Cultist","floor":1.0,"turns":4.0},{"damage":7.0,"enemies":"Small Slimes","floor":2.0,"turns":5.0},{"damage":12.0,"enemies":"Jaw Worm","floor":4.0,"turns":4.0},{"damage":19.0,"enemies":"Blue Slaver","floor":5.0,"turns":6.0},{"damage":13.0,"enemies":"Gremlin Nob","floor":8.0,"turns":3.0},{"damage":12.0,"enemies":"Large Slime","floor":11.0,"turns":10.0},{"damage":7.0,"enemies":"3 Sentries","floor":13.0,"turns":10.0},{"damage":0.0,"enemies":"2 Fungi Beasts","floor":14.0,"turns":1.0},{"damage":41,"enemies":"Slime Boss","floor":16,"turns":6},{"damage":15,"enemies":"2 Thieves","floor":18,"turns":5},{"damage":25,"enemies":"Shell Parasite","floor":20,"turns":8},{"damage":26,"enemies":"Slavers","floor":25,"turns":2}],"seed_played":"-8368751918055951216","potions_obtained":[{"floor":5.0,"key":"AttackPotion"},{"floor":8.0,"key":"Fire Potion"},{"floor":13.0,"key":"Regen Potion"}],"is_trial":false,"path_per_floor":["M","M","?","M","M","R","$","E","T","R","M","?","E","M","R","B",null,"M","?","M","?","$","R","?","E"],"character_chosen":"IRONCLAD","items_purchased":["Feel No Pain","Spot Weakness","Inflame"],"campfire_rested":0,"item_purchase_floors":[7,22,22],"current_hp_per_floor":[62,61,61,55,42,42,42,35,35,35,31,31,32,40,40,22,62,55,55,41,41,41,41,19,0],"gold":12,"neow_bonus":"ONE_RANDOM_RARE_CARD","is_prod":false,"is_daily":false,"chose_seed":false,"campfire_upgraded":4,"win_rate":0,"timestamp":1560143389,"path_taken":["M","?","?","?","M","R","$","E","T","R","M","?","E","M","R","BOSS","M","?","M","?","$","R","?","E"],"build_version":"2019-01-23","purchased_purges":1,"victory":false,"max_hp_per_floor":[75,75,75,75,75,75,75,75,75,75,75,75,75,75,75,75,75,75,75,78,78,78,78,83,83],"card_choices":[{"not_picked":["Thunderclap","Flex"],"picked":"Shrug It Off","floor":1.0},{"not_picked":["Warcry","Intimidate"],"picked":"Whirlwind","floor":2.0},{"not_picked":["Clothesline","Iron Wave"],"picked":"Battle Trance","floor":4.0},{"not_picked":["Flex","Heavy Blade"],"picked":"Thunderclap","floor":5.0},{"not_picked":["Pummel","Headbutt"],"picked":"Metallicize","floor":8.0},{"not_picked":["Thunderclap","Heavy Blade","Berserk"],"picked":"SKIP","floor":11.0},{"not_picked":["Clothesline","Headbutt"],"picked":"Evolve","floor":13.0},{"not_picked":["Warcry","Infernal Blade"],"picked":"Disarm","floor":14.0},{"not_picked":["Bludgeon","Dark Embrace"],"picked":"Feed","floor":16},{"not_picked":["Cleave","Warcry"],"picked":"Anger","floor":18},{"not_picked":["Wild Strike","Anger"],"picked":"Rage","floor":20}],"player_experience":1751337,"relics_obtained":[{"floor":8.0,"key":"Orichalcum"},{"floor":9.0,"key":"Blood Vial"},{"floor":13.0,"key":"Red Skull"}],"event_choices":[{"cards_removed":["Strike_R"],"damage_healed":0.0,"max_hp_gain":0.0,"max_hp_loss":0.0,"gold_gain":0.0,"event_name":"Purifier","player_choice":"Purged","floor":3.0,"gold_loss":0.0,"damage_taken":0.0},{"damage_healed":0.0,"max_hp_gain":0.0,"max_hp_loss":0.0,"gold_gain":0.0,"event_name":"Shining Light","player_choice":"Ignored","floor":12.0,"gold_loss":0.0,"damage_taken":0.0},{"damage_healed":0,"gold_gain":0,"player_choice":"Ignored","damage_taken":0,"max_hp_gain":0,"max_hp_loss":0,"event_name":"The Mausoleum","floor":19,"gold_loss":0},{"damage_healed":0,"gold_gain":0,"player_choice":"Obtained Relic","damage_taken":0,"relics_obtained":["Pen Nib"],"max_hp_gain":0,"max_hp_loss":0,"event_name":"Addict","floor":21,"gold_loss":85},{"damage_healed":0,"gold_gain":0,"player_choice":"Shed Blood","damage_taken":27,"max_hp_gain":5,"max_hp_loss":0,"event_name":"Forgotten Altar","floor":24,"gold_loss":0}],"is_beta":false,"boss_relics":[{"not_picked":["Fusion Hammer","Orrery"],"picked":"Sozu"}],"items_purged_floors":[7],"is_endless":false,"potions_floor_spawned":[5,8,13],"killed_by":"Slavers","ascension_level":20}