{"gold_per_floor":[363,2,14,89,89,89,89,116,142,180,192,28,43,43,43,43],"floor_reached":16,"playtime":366,"items_purged":["Strike_B","Strike_B"],"score":192,"play_id":"b83e8ba9-8149-43b1-8637-a670bd3060f7","local_time":"20190601221300","is_ascension_mode":true,"campfire_choices":[{"floor":6,"key":"REST"},{"data":"Zap","floor":11,"key":"SMITH"},{"floor":15,"key":"REST"}],"neow_cost":"PERCENT_DAMAGE","seed_source_timestamp":322490993446854,"circlet_count":0,"master_deck":["AscendersBane","Strike_B","Strike_B","Defend_B","Defend_B","Defend_B","Defend_B","Zap+1","Dualcast","Streamline","Consume","Static Discharge","Conserve Battery","Capacitor","Trip","Gash"],"relics":["Cracked Core","Vajra","Potion Belt","Smiling Mask","MawBank","Oddly Smooth Stone"],"potions_floor_usage":[16,16],"damage_taken":[{"damage":2,"enemies":"Jaw Worm","floor":1,"turns":4},{"damage":0,"enemies":"2 Louse","floor":3,"turns":1},{"damage":32,"enemies":"Gremlin Nob","floor":10,"turns":4},{"damage":8,"enemies":"Small Slimes","floor":13,"turns":3},{"damage":30,"enemies":"Slime Boss","floor":16,"turns":9}],"seed_played":"2605095609083176642","potions_obtained":[{"floor":3,"key":"SpeedPotion"},{"floor":10,"key":"Explosive Potion"}],"is_trial":false,"path_per_floor":["M","$","M","?","?","R","?","T","T","E","R","$","M","?","R","B"],"character_chosen":"DEFECT","items_purchased":["Vajra","Consume","Static Discharge","Capacitor","Trip"],"campfire_rested":2,"item_purchase_floors":[2,2,2,12,12],"current_hp_per_floor":[44,44,44,33,33,54,54,54,54,22,22,22,14,3,24,0],"gold":43,"neow_bonus":"TWO_FIFTY_GOLD","is_prod":false,"is_daily":false,"chose_seed":false,"campfire_upgraded":1,"win_rate":0,"timestamp":1559445180,"path_taken":["M","$","M","?","?","R","?","?","T","E","R","$","M","?","R","BOSS"],"build_version":"2019-01-23","purchased_purges":2,"victory":false,"max_hp_per_floor":[71,71,71,71,71,71,71,71,71,71,71,71,71,71,71,71],"card_choices":[{"not_picked":["Go for the Eyes","Force Field"],"picked":"Streamline","floor":1},{"not_picked":["White Noise","Barrage","Leap"],"picked":"SKIP","floor":3},{"not_picked":["Barrage","Darkness"],"picked":"Conserve Battery","floor":10},{"not_picked":["White Noise","Go for the Eyes"],"picked":"Gash","floor":13}],"player_experience":1670504,"relics_obtained":[{"floor":8,"key":"Smiling Mask"},{"floor":9,"key":"MawBank"},{"floor":10,"key":"Oddly Smooth Stone"}],"event_choices":[{"damage_healed":0,"gold_gain":75,"player_choice":"Gather Gold","damage_taken":11,"max_hp_gain":0,"max_hp_loss":0,"event_name":"World of Goop","floor":4,"gold_loss":0},{"damage_healed":0,"gold_gain":0,"player_choice":"Ignored","damage_taken":0,"max_hp_gain":0,"max_hp_loss":0,"event_name":"Liars Game","floor":5,"gold_loss":0},{"damage_healed":0,"gold_gain":0,"player_choice":"Searched \u00271\u0027 times","damage_taken":0,"relics_obtained":["Potion Belt"],"max_hp_gain":0,"max_hp_loss":0,"event_name":"Dead Adventurer","floor":7,"gold_loss":0},{"damage_healed":0,"gold_gain":0,"player_choice":"Fled","damage_taken":11,"max_hp_gain":0,"max_hp_loss":0,"event_name":"Scrap Ooze","floor":14,"gold_loss":0}],"is_beta":false,"boss_relics":[],"items_purged_floors":[2,12],"is_endless":false,"potions_floor_spawned":[3,10],"killed_by":"Slime Boss","ascension_level":20}