{"gold_per_floor":[118,118,2,16,32,32,62,127,127,127,127,152,164,176,176,253,253,264,13,13,13,30,63,63,96,96,96,126,126,145,164,164,239,239,256,266,266,1265,1265,1591,1591,1619,1645,1675,1694,995,995,1022,1022,1022,1022],"floor_reached":51,"playtime":3691,"items_purged":["Strike_R","Normality"],"score":1608,"play_id":"5aad8384-1cc9-409d-bc45-983838f60aa3","local_time":"20190613223750","is_ascension_mode":true,"campfire_choices":[{"data":"Pommel Strike","floor":6,"key":"SMITH"},{"data":"Disarm","floor":11,"key":"SMITH"},{"data":"Shockwave","floor":15,"key":"SMITH"},{"floor":24,"key":"REST"},{"floor":27,"key":"REST"},{"floor":32,"key":"RECALL"},{"floor":47,"key":"REST"},{"floor":49,"key":"REST"}],"neow_cost":"PERCENT_DAMAGE","seed_source_timestamp":1357451146104041,"circlet_count":0,"master_deck":["AscendersBane","Strike_R","Strike_R","Defend_R","Defend_R","Defend_R+1","Defend_R","Bash+1","Pommel Strike+1","Disarm+1","Shrug It Off","Feel No Pain","Anger","Shockwave+1","Impervious","Corruption","Immolate","Apotheosis","Feel No Pain","Metallicize","Flame Barrier","Shockwave+1","Pommel Strike","Disarm+1","Burning Pact+1","Headbutt","Impervious+1","Normality","True Grit+1","True Grit+1","Disarm+1","Burning Pact+1","Corruption","Shrug It Off+1"],"relics":["Burning Blood","Ornamental Fan","Dream Catcher","Kunai","Pen Nib","Fusion Hammer","Nilry\u0027s Codex","Centennial Puzzle","Singing Bowl","Toxic Egg 2","War Paint","Art of War","Black Star","Question Card","Old Coin","Juzu Bracelet","Happy Flower","Regal Pillow","Paper Frog","Meat on the Bone","Bag of Marbles","Calipers","Dodecahedron"],"potions_floor_usage":[8,16,33,40,50],"damage_taken":[{"damage":2,"enemies":"2 Louse","floor":1,"turns":4},{"damage":7,"enemies":"Jaw Worm","floor":4,"turns":5},{"damage":6,"enemies":"Small Slimes","floor":5,"turns":5},{"damage":25,"enemies":"3 Sentries","floor":7,"turns":13},{"damage":15,"enemies":"Lagavulin Event","floor":8,"turns":5},{"damage":22,"enemies":"Gremlin Nob","floor":12,"turns":4},{"damage":8,"enemies":"Exordium Thugs","floor":13,"turns":6},{"damage":17,"enemies":"Exordium Wildlife","floor":14,"turns":4},{"damage":6,"enemies":"The Guardian","floor":16,"turns":18},{"damage":11,"enemies":"Shell Parasite","floor":18,"turns":5},{"damage":6,"enemies":"2 Thieves","floor":22,"turns":4},{"damage":12,"enemies":"Gremlin Leader","floor":23,"turns":4},{"damage":3,"enemies":"Book of Stabbing","floor":25,"turns":6},{"damage":30,"enemies":"Slavers","floor":28,"turns":9},{"damage":5,"enemies":"Snecko","floor":30,"turns":3},{"damage":0,"enemies":"Snake Plant","floor":31,"turns":3},{"damage":20,"enemies":"Collector","floor":33,"turns":7},{"damage":0,"enemies":"Orb Walker","floor":35,"turns":4},{"damage":20,"enemies":"3 Shapes","floor":36,"turns":4},{"damage":37,"enemies":"Reptomancer","floor":40,"turns":7},{"damage":8,"enemies":"Giant Head","floor":42,"turns":10},{"damage":30,"enemies":"Nemesis","floor":44,"turns":11},{"damage":7,"enemies":"Sphere and 2 Shapes","floor":45,"turns":9},{"damage":26,"enemies":"Giant Head","floor":48,"turns":10},{"damage":70,"enemies":"Awakened One","floor":50,"turns":17},{"damage":39,"enemies":"Donu and Deca","floor":51,"turns":4}],"seed_played":"-5173257011675449065","potions_obtained":[{"floor":7,"key":"PowerPotion"},{"floor":8,"key":"Ancient Potion"},{"floor":12,"key":"SkillPotion"},{"floor":28,"key":"SmokeBomb"},{"floor":30,"key":"Block Potion"},{"floor":31,"key":"Fire Potion"},{"floor":35,"key":"Regen Potion"},{"floor":42,"key":"Energy Potion"},{"floor":45,"key":"Block Potion"}],"is_trial":false,"path_per_floor":["M","?","$","M","M","R","E","?","T","?","R","E","M","M","R","B",null,"M","$","?","T","M","E","R","E","T","R","E","?","M","M","R","B",null,"M","M","?","?","?","E","?","E","T","E","M","$","R","E","R","B","B"],"character_chosen":"IRONCLAD","items_purchased":["Disarm","Apotheosis","Feel No Pain","Meat on the Bone","Bag of Marbles","Burning Pact+1","Corruption"],"campfire_rested":4,"item_purchase_floors":[3,19,19,46,46,46,46],"current_hp_per_floor":[54,54,54,53,53,53,34,25,25,50,50,34,32,21,21,21,62,57,57,36,36,36,30,52,55,55,77,53,53,54,60,60,46,69,77,65,65,65,65,48,50,48,48,26,25,25,66,60,85,33,0],"gold":1022,"neow_bonus":"REMOVE_TWO","is_prod":false,"is_daily":false,"chose_seed":false,"campfire_upgraded":3,"win_rate":0,"timestamp":1560483470,"path_taken":["M","?","$","M","M","R","E","?","T","?","R","E","M","M","R","BOSS","M","$","?","?","M","E","R","E","T","R","E","?","?","M","R","BOSS","M","M","?","?","?","E","?","E","T","E","M","?","R","E","R","BOSS","BOSS"],"build_version":"2019-01-23","purchased_purges":2,"victory":false,"max_hp_per_floor":[75,75,75,75,75,75,75,75,75,75,75,75,75,75,75,75,75,75,75,75,75,75,75,75,75,75,77,77,77,77,77,77,77,77,79,81,77,77,77,77,79,79,79,81,81,81,83,85,85,85,85],"card_choices":[{"not_picked":["Sword Boomerang","Blood for Blood"],"picked":"Pommel Strike","floor":1},{"not_picked":["Cleave","Wild Strike"],"picked":"Shrug It Off","floor":4},{"not_picked":["Twin Strike","Headbutt"],"picked":"Feel No Pain","floor":5},{"not_picked":["Infernal Blade","Thunderclap"],"picked":"Anger","floor":7},{"not_picked":["Rupture","Iron Wave"],"picked":"Shockwave","floor":8},{"not_picked":["Anger","Iron Wave"],"picked":"Impervious","floor":12},{"not_picked":["Heavy Blade","Clothesline","Flex"],"picked":"SKIP","floor":13},{"not_picked":["Body Slam","Shockwave"],"picked":"Corruption","floor":14},{"not_picked":["Barricade","Berserk"],"picked":"Immolate","floor":16},{"not_picked":["Flex","Rupture","Entrench"],"picked":"SKIP","floor":18},{"not_picked":["Clothesline","Wild Strike"],"picked":"Metallicize","floor":22},{"not_picked":["Body Slam","Clash"],"picked":"Flame Barrier","floor":23},{"not_picked":["Intimidate","Metallicize"],"picked":"Shockwave","floor":24},{"not_picked":["Double Tap","Bludgeon"],"picked":"Pommel Strike","floor":25},{"not_picked":["Pummel","Blood for Blood","Ghostly Armor+1"],"picked":"Singing Bowl","floor":27},{"not_picked":["Combust","Bloodletting+1"],"picked":"Battle Trance+1","floor":28},{"not_picked":["Sword Boomerang","Heavy Blade"],"picked":"Burning Pact+1","floor":30},{"not_picked":["Twin Strike","Cleave"],"picked":"Headbutt","floor":31},{"not_picked":["Fiend Fire","Brutality"],"picked":"Impervious+1","floor":33},{"not_picked":["Dropkick+1","Warcry+1","Intimidate+1"],"picked":"Singing Bowl","floor":35},{"not_picked":["Armaments+1","Pummel","Seeing Red+1"],"picked":"Singing Bowl","floor":36},{"not_picked":["Infernal Blade+1","Pummel"],"picked":"True Grit+1","floor":40},{"not_picked":["Dramatic Entrance","Magnetism","Enlightenment+1","Deep Breath+1"],"picked":"Singing Bowl","floor":41},{"not_picked":["Anger","Whirlwind","Sentinel+1"],"picked":"True Grit+1","floor":42},{"not_picked":["Second Wind+1","Headbutt","Heavy Blade","Rampage"],"picked":"Singing Bowl","floor":44},{"not_picked":["Thunderclap","Flex+1","Clash"],"picked":"Disarm+1","floor":45},{"not_picked":["Infernal Blade+1","Sword Boomerang","Twin Strike","Cleave"],"picked":"Singing Bowl","floor":47},{"not_picked":["Clash","Entrench+1","Ghostly Armor+1","Sentinel+1"],"picked":"Singing Bowl","floor":48},{"not_picked":["Bludgeon","Shockwave+1","Combust"],"picked":"Shrug It Off+1","floor":49}],"player_experience":1766437,"relics_obtained":[{"floor":7,"key":"Ornamental Fan"},{"floor":8,"key":"Dream Catcher"},{"floor":9,"key":"Kunai"},{"floor":12,"key":"Pen Nib"},{"floor":20,"key":"Nilry\u0027s Codex"},{"floor":21,"key":"Centennial Puzzle"},{"floor":23,"key":"Singing Bowl"},{"floor":25,"key":"Toxic Egg 2"},{"floor":26,"key":"War Paint"},{"floor":28,"key":"Art of War"},{"floor":40,"key":"Question Card"},{"floor":40,"key":"Old Coin"},{"floor":42,"key":"Juzu Bracelet"},{"floor":42,"key":"Happy Flower"},{"floor":44,"key":"Regal Pillow"},{"floor":44,"key":"Paper Frog"},{"floor":48,"key":"Calipers"},{"floor":48,"key":"Dodecahedron"}],"event_choices":[{"damage_healed":0,"gold_gain":0,"player_choice":"Grow","damage_taken":0,"max_hp_gain":0,"max_hp_loss":0,"event_name":"Living Wall","floor":2,"gold_loss":0,"cards_upgraded":["Bash"]},{"damage_healed":0,"gold_gain":30,"player_choice":"Searched \u00273\u0027 times","damage_taken":0,"max_hp_gain":0,"max_hp_loss":0,"event_name":"Dead Adventurer","floor":8,"gold_loss":0},{"damage_healed":25,"gold_gain":0,"player_choice":"Banana","damage_taken":0,"max_hp_gain":0,"max_hp_loss":0,"event_name":"Big Fish","floor":10,"gold_loss":0},{"damage_healed":0,"gold_gain":0,"player_choice":"Obtained Book","damage_taken":21,"max_hp_gain":0,"max_hp_loss":0,"event_name":"Cursed Tome","floor":20,"gold_loss":0},{"damage_healed":0,"gold_gain":0,"player_choice":"Copied","damage_taken":0,"max_hp_gain":0,"max_hp_loss":0,"event_name":"Duplicator","floor":29,"gold_loss":0,"cards_obtained":["Disarm"]},{"damage_healed":0,"gold_gain":0,"player_choice":"Max HP","damage_taken":0,"max_hp_gain":0,"max_hp_loss":4,"event_name":"Winding Halls","floor":37,"gold_loss":0},{"damage_healed":0,"gold_gain":999,"player_choice":"Gold","damage_taken":0,"max_hp_gain":0,"max_hp_loss":0,"event_name":"MindBloom","floor":38,"gold_loss":0,"cards_obtained":["Normality","Normality"]},{"cards_removed":["Battle Trance"],"damage_healed":0,"gold_gain":0,"player_choice":"Removed Skill","damage_taken":0,"max_hp_gain":0,"max_hp_loss":0,"event_name":"Falling","floor":39,"gold_loss":0},{"damage_healed":0,"gold_gain":0,"player_choice":"Memory 1","damage_taken":0,"max_hp_gain":0,"max_hp_loss":0,"event_name":"SensoryStone","floor":41,"gold_loss":0}],"is_beta":false,"boss_relics":[{"not_picked":["Runic Cube","Calling Bell"],"picked":"Fusion Hammer"},{"not_picked":["White Beast Statue","Coffee Dripper"],"picked":"Black Star"}],"items_purged_floors":[3,46],"is_endless":false,"potions_floor_spawned":[7,8,12,28,30,31,35,42,45,48],"killed_by":"Donu and Deca","ascension_level":20}