{"gold_per_floor":[119,137,65,65,15,15,40,57,57,77,111,111,36,111,111,209,209,222,222,238,19,33,33,33,33,33,61,61,71,91,16,16,112,112,128,145,145,160,160,189,189,189,189,208,208,219,239,250,250,250],"floor_reached":51,"playtime":7168,"items_purged":["Defend_R"],"score":980,"play_id":"3d2485b3-e576-4878-a853-96543b7f90d0","local_time":"20190702215643","is_ascension_mode":true,"campfire_choices":[{"data":"Inflame","floor":6.0,"key":"SMITH"},{"floor":15.0,"key":"REST"},{"data":"Dual Wield","floor":23.0,"key":"SMITH"},{"data":"Heavy Blade","floor":25.0,"key":"SMITH"},{"data":"Flame Barrier","floor":32.0,"key":"SMITH"},{"data":"1","floor":45,"key":"LIFT"},{"data":"Shockwave","floor":49,"key":"SMITH"}],"neow_cost":"NONE","seed_source_timestamp":1628584928552978,"circlet_count":0,"master_deck":["Strike_R+1","Strike_R+1","Defend_R","Defend_R+1","Defend_R","Bash","Body Slam+1","Heavy Blade+1","Inflame+1","Metallicize","Dual Wield+1","Flame Barrier+1","Reaper","Offering","Headbutt+1","Twin Strike","Inflame","Shockwave+1","Fire Breathing+1","True Grit+1","Carnage+1","Discovery","Seeing Red","Ghostly Armor+1","Flame Barrier+1","Shockwave"],"special_seed":0,"relics":["Burning Blood","Bronze Scales","Nunchaku","Champion Belt","PreservedInsect","Pantograph","Coffee Dripper","Whetstone","Bag of Marbles","Ancient Tea Set","Snecko Eye","Lantern","Letter Opener","Girya"],"potions_floor_usage":[50,50],"damage_taken":[{"damage":6.0,"enemies":"Jaw Worm","floor":1.0,"turns":4.0},{"damage":4.0,"enemies":"Small Slimes","floor":2.0,"turns":4.0},{"damage":0.0,"enemies":"Lagavulin","floor":7.0,"turns":4.0},{"damage":0.0,"enemies":"Cultist","floor":8.0,"turns":4.0},{"damage":7.0,"enemies":"2 Fungi Beasts","floor":10.0,"turns":3.0},{"damage":20.0,"enemies":"3 Sentries","floor":11.0,"turns":11.0},{"damage":52.0,"enemies":"Hexaghost","floor":16.0,"turns":10.0},{"damage":6.0,"enemies":"3 Byrds","floor":18.0,"turns":1.0},{"damage":4.0,"enemies":"Chosen","floor":20.0,"turns":4.0},{"damage":12.0,"enemies":"Snecko","floor":22.0,"turns":4.0},{"damage":22.0,"enemies":"Slavers","floor":27.0,"turns":4.0},{"damage":18.0,"enemies":"Centurion and Healer","floor":29.0,"turns":4.0},{"damage":9.0,"enemies":"3 Cultists","floor":30.0,"turns":5.0},{"damage":43.0,"enemies":"Automaton","floor":33.0,"turns":6.0},{"damage":6.0,"enemies":"3 Shapes","floor":35.0,"turns":4.0},{"damage":26.0,"enemies":"3 Darklings","floor":36.0,"turns":3.0},{"damage":23.0,"enemies":"Writhing Mass","floor":38.0,"turns":6.0},{"damage":27.0,"enemies":"Nemesis","floor":40.0,"turns":5.0},{"damage":46.0,"enemies":"Transient","floor":44.0,"turns":5.0},{"damage":0,"enemies":"Jaw Worm Horde","floor":46,"turns":2},{"damage":32,"enemies":"4 Shapes","floor":47,"turns":6},{"damage":19,"enemies":"Writhing Mass","floor":48,"turns":5},{"damage":75,"enemies":"Donu and Deca","floor":50,"turns":11}],"seed_played":"6939673854222738210","potions_obtained":[{"floor":1.0,"key":"SkillPotion"},{"floor":10.0,"key":"BloodPotion"},{"floor":16.0,"key":"SkillPotion"},{"floor":18.0,"key":"Fruit Juice"},{"floor":20.0,"key":"LiquidBronze"},{"floor":30.0,"key":"Energy Potion"},{"floor":36.0,"key":"BloodPotion"}],"is_trial":false,"path_per_floor":["M","M","$","?","?","R","E","M","T","M","E","?","$","?","R","B",null,"M","?","M","$","M","R","?","R","T","E","?","M","M","?","R","B",null,"M","M","?","M","?","E","?","T","T","M","R","M","M","M","R","B",null],"character_chosen":"IRONCLAD","items_purchased":["Inflame","Whetstone","Inflame"],"campfire_rested":1,"item_purchase_floors":[3,21,21],"current_hp_per_floor":[72,74,74,58,58,58,64,70,70,69,55,30,30,19,43,32,68,79,79,85,85,85,85,69,69,69,70,70,90,87,87,87,53,81,90,85,85,75,75,76,76,76,76,45,45,90,84,77,77,73],"gold":250,"neow_bonus":"RANDOM_COMMON_RELIC","is_prod":false,"is_daily":false,"chose_seed":false,"campfire_upgraded":5,"win_rate":0,"timestamp":1562119003,"path_taken":["M","M","$","?","?","R","E","M","T","?","E","?","?","?","R","BOSS","M","?","?","$","M","R","?","R","T","E","?","M","M","?","R","BOSS","M","M","?","M","?","E","?","?","T","M","R","M","?","M","R","BOSS"],"build_version":"2019-07-01","purchased_purges":1,"victory":true,"max_hp_per_floor":[80,80,80,80,80,80,80,80,80,80,80,80,80,80,80,80,80,85,85,85,85,85,85,90,90,90,90,90,90,90,90,90,90,90,90,90,90,90,90,90,90,90,90,90,90,90,90,90,90,90],"card_choices":[{"not_picked":["Disarm","Havoc"],"picked":"Body Slam","floor":1.0},{"not_picked":["Flex","Sentinel"],"picked":"Heavy Blade","floor":2.0},{"not_picked":["Evolve","Shrug It Off"],"picked":"Metallicize","floor":7.0},{"not_picked":["Body Slam","Combust"],"picked":"Dual Wield","floor":8.0},{"not_picked":["Anger","Clash"],"picked":"Flame Barrier","floor":10.0},{"not_picked":["Armaments","Pommel Strike"],"picked":"Reaper","floor":11.0},{"not_picked":["Juggernaut","Dark Embrace"],"picked":"Offering","floor":16.0},{"not_picked":["Clash+1","Heavy Blade"],"picked":"Headbutt+1","floor":18.0},{"not_picked":["Thunderclap","Heavy Blade"],"picked":"Twin Strike","floor":20.0},{"not_picked":["Blood for Blood+1","Searing Blow"],"picked":"Seeing Red","floor":22.0},{"not_picked":["Armaments","Dark Embrace"],"picked":"Shockwave","floor":27.0},{"not_picked":["Entrench","Thunderclap","Corruption"],"picked":"SKIP","floor":29.0},{"not_picked":["Dropkick","Battle Trance"],"picked":"Fire Breathing+1","floor":30.0},{"not_picked":["Thunderclap+1","Flex+1","Iron Wave"],"picked":"SKIP","floor":35.0},{"not_picked":["Flex","Perfected Strike"],"picked":"True Grit+1","floor":36.0},{"not_picked":["Rampage+1","Offering"],"picked":"Carnage+1","floor":38.0},{"not_picked":["Swift Strike","Master of Strategy"],"picked":"Discovery","floor":39.0},{"not_picked":["Clash","Fire Breathing"],"picked":"Seeing Red","floor":40.0},{"not_picked":["Twin Strike","Cleave"],"picked":"Ghostly Armor+1","floor":44},{"not_picked":["Pummel+1","Dropkick+1"],"picked":"Flame Barrier+1","floor":46},{"not_picked":["Body Slam","Wild Strike","Havoc"],"picked":"SKIP","floor":47},{"not_picked":["Sword Boomerang","Sever Soul"],"picked":"Shockwave","floor":48}],"player_experience":352579,"relics_obtained":[{"floor":7.0,"key":"Nunchaku"},{"floor":9.0,"key":"Champion Belt"},{"floor":11.0,"key":"PreservedInsect"},{"floor":26.0,"key":"Bag of Marbles"},{"floor":27.0,"key":"Ancient Tea Set"},{"floor":40.0,"key":"Lantern"},{"floor":42.0,"key":"Letter Opener"},{"floor":43.0,"key":"Girya"}],"event_choices":[{"damage_healed":0.0,"max_hp_gain":0.0,"max_hp_loss":0.0,"gold_gain":0.0,"event_name":"Shining Light","player_choice":"Entered Light","floor":4.0,"gold_loss":0.0,"damage_taken":16.0,"cards_upgraded":["Strike_R","Defend_R"]},{"cards_removed":["Strike_R"],"damage_healed":0.0,"max_hp_gain":0.0,"max_hp_loss":0.0,"gold_gain":0.0,"event_name":"The Cleric","player_choice":"Card Removal","floor":5.0,"gold_loss":50.0,"damage_taken":0.0},{"damage_healed":0.0,"max_hp_gain":0.0,"max_hp_loss":0.0,"gold_gain":0.0,"event_name":"Scrap Ooze","player_choice":"Success","floor":12.0,"gold_loss":0.0,"damage_taken":25.0,"relics_obtained":["Pantograph"]},{"damage_healed":0.0,"max_hp_gain":0.0,"max_hp_loss":0.0,"gold_gain":75.0,"event_name":"World of Goop","player_choice":"Gather Gold","floor":14.0,"gold_loss":0.0,"damage_taken":11.0},{"cards_removed":["Strike_R"],"damage_healed":0.0,"max_hp_gain":0.0,"max_hp_loss":0.0,"gold_gain":0.0,"event_name":"Bonfire Elementals","player_choice":"Offered Basic","floor":19.0,"gold_loss":0.0,"damage_taken":0.0},{"damage_healed":0.0,"max_hp_gain":5.0,"max_hp_loss":0.0,"gold_gain":0.0,"event_name":"Forgotten Altar","player_choice":"Shed Blood","floor":24.0,"gold_loss":0.0,"damage_taken":21.0},{"cards_removed":["Strike_R"],"damage_healed":0.0,"max_hp_gain":0.0,"max_hp_loss":0.0,"gold_gain":0.0,"event_name":"Beggar","player_choice":"Gave Gold","floor":31.0,"gold_loss":75.0,"damage_taken":0.0},{"cards_removed":["Seeing Red"],"damage_healed":0.0,"max_hp_gain":0.0,"max_hp_loss":0.0,"gold_gain":0.0,"event_name":"Falling","player_choice":"Removed Skill","floor":37.0,"gold_loss":0.0,"damage_taken":0.0},{"damage_healed":0.0,"max_hp_gain":0.0,"max_hp_loss":0.0,"gold_gain":0.0,"event_name":"SensoryStone","player_choice":"Memory 1","floor":39.0,"gold_loss":0.0,"damage_taken":0.0},{"damage_healed":0.0,"max_hp_gain":0.0,"max_hp_loss":0.0,"gold_gain":0.0,"event_name":"Mysterious Sphere","player_choice":"Ignored","floor":41.0,"gold_loss":0.0,"damage_taken":0.0}],"is_beta":false,"boss_relics":[{"not_picked":["Astrolabe","Busted Crown"],"picked":"Coffee Dripper"},{"not_picked":["Pandora\u0027s Box","Lizard Tail"],"picked":"Snecko Eye"}],"items_purged_floors":[13],"is_endless":false,"potions_floor_spawned":[1,10,16,18,20,30,33,36,38,40,44],"ascension_level":8}