{"gold_per_floor":[110,121,137,148,158,158,186,186,186,200,165,10,10,0,0,101,101,116,133,146,158,175,175,189,189],"floor_reached":25,"playtime":2678,"items_purged":[],"score":209,"play_id":"5c205ba0-3fc3-4b35-9a3b-a5fe1bb32310","local_time":"20190630123000","is_ascension_mode":false,"campfire_choices":[{"floor":6,"key":"REST"},{"floor":8,"key":"REST"},{"data":"Thunderclap","floor":13,"key":"SMITH"},{"data":"Infernal Blade","floor":15,"key":"SMITH"},{"floor":23,"key":"REST"}],"neow_cost":"NONE","seed_source_timestamp":1802782658556,"circlet_count":0,"master_deck":["Strike_R","Strike_R","Strike_R","Strike_R","Strike_R","Defend_R","Defend_R","Defend_R","Defend_R","Bash","Metallicize","Thunderclap+1","Battle Trance","Warcry","Shrug It Off","Inflame","Thunderclap","Infernal Blade+1","Rampage","Limit Break","Infernal Blade","Heavy Blade","Sever Soul+1","Carnage+1","Rage","Cleave+1"],"relics":["Black Blood","Orichalcum","Sundial"],"potions_floor_usage":[7,16,21,22,22,25],"damage_taken":[{"damage":8,"enemies":"Cultist","floor":1,"turns":5},{"damage":0,"enemies":"Small Slimes","floor":2,"turns":4},{"damage":5,"enemies":"2 Louse","floor":3,"turns":3},{"damage":16,"enemies":"Looter","floor":4,"turns":4},{"damage":10,"enemies":"Exordium Wildlife","floor":5,"turns":5},{"damage":26,"enemies":"Gremlin Nob","floor":7,"turns":4},{"damage":26,"enemies":"Gremlin Gang","floor":10,"turns":7},{"damage":51,"enemies":"Hexaghost","floor":16,"turns":11},{"damage":12,"enemies":"Spheric Guardian","floor":18,"turns":4},{"damage":23,"enemies":"Shell Parasite","floor":19,"turns":5},{"damage":27,"enemies":"Snecko","floor":20,"turns":7},{"damage":24,"enemies":"Snake Plant","floor":21,"turns":5},{"damage":23,"enemies":"Cultist and Chosen","floor":22,"turns":5},{"damage":34,"enemies":"Centurion and Healer","floor":24,"turns":8},{"damage":37,"enemies":"Gremlin Leader","floor":25,"turns":2}],"seed_played":"790631657349078117","potions_obtained":[{"floor":0,"key":"PowerPotion"},{"floor":0,"key":"GamblersBrew"},{"floor":0,"key":"GamblersBrew"},{"floor":1,"key":"Swift Potion"},{"floor":5,"key":"Energy Potion"},{"floor":16,"key":"Poison Potion"},{"floor":18,"key":"Swift Potion"},{"floor":24,"key":"BloodPotion"}],"is_trial":false,"path_per_floor":["M","M","M","M","M","R","E","R","T","M","?","$","R","?","R","B",null,"M","M","M","M","M","R","M","E"],"character_chosen":"IRONCLAD","items_purchased":["Infernal Blade","Rampage"],"campfire_rested":3,"item_purchase_floors":[12,12],"current_hp_per_floor":[78,80,80,70,66,80,60,80,80,60,80,80,80,80,80,35,80,78,65,48,34,21,45,21,0],"gold":189,"neow_bonus":"THREE_SMALL_POTIONS","is_prod":false,"is_daily":false,"chose_seed":false,"campfire_upgraded":2,"win_rate":0.0,"timestamp":1561894200,"path_taken":["M","M","M","M","M","R","E","R","T","?","?","$","R","?","R","BOSS","M","M","M","M","M","R","M","E"],"build_version":"2019-01-23","purchased_purges":0,"victory":false,"max_hp_per_floor":[80,80,80,80,80,80,80,80,80,80,80,80,80,80,80,80,80,80,80,80,80,80,80,80,80],"card_choices":[{"not_picked":["Rage","Headbutt"],"picked":"Metallicize","floor":1},{"not_picked":["Twin Strike","Entrench"],"picked":"Thunderclap","floor":2},{"not_picked":["Uppercut","Clash"],"picked":"Battle Trance","floor":3},{"not_picked":["Power Through","Clash"],"picked":"Warcry","floor":4},{"not_picked":["Armaments","Intimidate"],"picked":"Shrug It Off","floor":5},{"not_picked":["Clash","Fire Breathing"],"picked":"Inflame","floor":7},{"not_picked":["Rupture","Hemokinesis"],"picked":"Thunderclap","floor":10},{"not_picked":["Impervious","Bludgeon"],"picked":"Limit Break","floor":16},{"not_picked":["Entrench","Flex"],"picked":"Infernal Blade","floor":18},{"not_picked":["Pummel","Body Slam"],"picked":"Heavy Blade","floor":19},{"not_picked":["Warcry","Headbutt"],"picked":"Sever Soul+1","floor":20},{"not_picked":["Sword Boomerang","Corruption"],"picked":"Carnage+1","floor":21},{"not_picked":["Ghostly Armor+1","Inflame"],"picked":"Rage","floor":22},{"not_picked":["Pommel Strike","Ghostly Armor"],"picked":"Cleave+1","floor":24}],"player_experience":8590,"relics_obtained":[{"floor":7,"key":"Orichalcum"},{"floor":9,"key":"Sundial"}],"event_choices":[{"damage_healed":20,"gold_gain":0,"player_choice":"Healed","damage_taken":0,"max_hp_gain":0,"max_hp_loss":0,"event_name":"The Cleric","floor":11,"gold_loss":35},{"damage_healed":0,"gold_gain":0,"player_choice":"Left Gold","damage_taken":0,"max_hp_gain":0,"max_hp_loss":0,"event_name":"World of Goop","floor":14,"gold_loss":10}],"is_beta":false,"boss_relics":[{"not_picked":["Orrery","Coffee Dripper"],"picked":"Black Blood"}],"items_purged_floors":[],"is_endless":false,"potions_floor_spawned":[1,2,5,16,18,24],"killed_by":"Gremlin Leader","ascension_level":0}