{"gold_per_floor":[111,19,32,32,44,44,62,62,86,86,151,181,211,243,255,366,378,407,17,27,39,56,85,85,85,85,85,103,119,119,131,131,231,231,241,261,361,381,400,400,400,400,400,451,15,15,15,29,29,49],"floor_reached":51,"playtime":4265,"items_purged":["Defend_B"],"score":743,"play_id":"4e596d55-e814-4e67-a550-22c6a925142a","local_time":"20190707114746","is_ascension_mode":false,"campfire_choices":[{"data":"Cold Snap","floor":6,"key":"SMITH"},{"data":"Go for the Eyes","floor":8,"key":"SMITH"},{"data":"Dualcast","floor":10,"key":"SMITH"},{"data":"Defragment","floor":15,"key":"SMITH"},{"data":"Genetic Algorithm","floor":24,"key":"SMITH"},{"data":"Electrodynamics","floor":27,"key":"SMITH"},{"data":"Coolheaded","floor":30,"key":"SMITH"},{"data":"Go for the Eyes","floor":32,"key":"SMITH"},{"data":"Glacier","floor":40,"key":"SMITH"},{"data":"Hologram","floor":46,"key":"SMITH"},{"data":"Seek","floor":49,"key":"SMITH"}],"neow_cost":"NONE","seed_source_timestamp":667447475603490,"circlet_count":0,"master_deck":["Strike_B","Strike_B","Strike_B","Defend_B","Defend_B","Defend_B","Zap+1","Dualcast+1","Coolheaded","Cold Snap+1","BootSequence+1","Streamline","Force Field","Coolheaded","Go for the Eyes+1","Hologram","Defragment+1","BootSequence","Hologram","Electrodynamics+1","Go for the Eyes+1","Coolheaded","Static Discharge","Barrage","Genetic Algorithm+1","Hologram+1","Sweeping Beam+1","Conserve Battery+1","Heatsinks+1","Coolheaded+1","Reinforced Body+1","Seek+1","Glacier+1","Loop+1","Undo+1","Madness","HandOfGreed","Compile Driver"],"relics":["Cracked Core","Juzu Bracelet","MawBank","Coffee Dripper","Membership Card","Mummified Hand","Bottled Tornado","Matryoshka","Sozu","The Courier","Bird Faced Urn","Lantern","Orichalcum","HandDrill","Shuriken","Kunai","War Paint"],"potions_floor_usage":[16,33,44,50],"damage_taken":[{"damage":0,"enemies":"Small Slimes","floor":1,"turns":3},{"damage":0,"enemies":"Cultist","floor":3,"turns":3},{"damage":0,"enemies":"2 Louse","floor":5,"turns":2},{"damage":18,"enemies":"Exordium Thugs","floor":7,"turns":6},{"damage":28,"enemies":"Gremlin Nob","floor":11,"turns":4},{"damage":0,"enemies":"2 Fungi Beasts","floor":12,"turns":4},{"damage":0,"enemies":"Blue Slaver","floor":13,"turns":4},{"damage":8,"enemies":"3 Louse","floor":14,"turns":3},{"damage":0,"enemies":"Slime Boss","floor":16,"turns":15},{"damage":0,"enemies":"2 Thieves","floor":18,"turns":4},{"damage":1,"enemies":"Spheric Guardian","floor":20,"turns":4},{"damage":1,"enemies":"Centurion and Healer","floor":21,"turns":6},{"damage":2,"enemies":"Chosen and Byrds","floor":22,"turns":4},{"damage":6,"enemies":"Slavers","floor":23,"turns":4},{"damage":8,"enemies":"Snake Plant","floor":28,"turns":4},{"damage":0,"enemies":"3 Cultists","floor":29,"turns":2},{"damage":0,"enemies":"Sentry and Sphere","floor":31,"turns":3},{"damage":40,"enemies":"Collector","floor":33,"turns":12},{"damage":0,"enemies":"3 Darklings","floor":35,"turns":3},{"damage":0,"enemies":"Orb Walker","floor":36,"turns":5},{"damage":3,"enemies":"Writhing Mass","floor":38,"turns":9},{"damage":0,"enemies":"3 Darklings","floor":39,"turns":5},{"damage":23,"enemies":"Reptomancer","floor":44,"turns":8},{"damage":28,"enemies":"Maw","floor":48,"turns":12},{"damage":24,"enemies":"Time Eater","floor":50,"turns":16}],"seed_played":"5861915897981061684","potions_obtained":[{"floor":1,"key":"GamblersBrew"},{"floor":12,"key":"AttackPotion"},{"floor":16,"key":"GamblersBrew"},{"floor":22,"key":"FearPotion"},{"floor":23,"key":"FocusPotion"},{"floor":28,"key":"PowerPotion"},{"floor":33,"key":"Fire Potion"}],"is_trial":false,"path_per_floor":["M","$","M","?","M","R","M","R","T","R","?","M","M","M","R","B",null,"M","$","M","M","M","E","R","?","T","R","M","M","R","M","R","B",null,"M","M","?","M","M","R","?","?","T","E","$","R","$","M","R","B",null],"character_chosen":"DEFECT","items_purchased":["Cold Snap","BootSequence","Membership Card","Mummified Hand","Coolheaded","Static Discharge","Barrage","Orichalcum","HandDrill","Shuriken","Kunai","War Paint"],"campfire_rested":0,"item_purchase_floors":[2,2,19,19,19,19,19,45,45,45,45,45],"current_hp_per_floor":[82,82,82,82,82,82,64,64,64,64,36,36,36,28,28,28,82,82,82,81,80,78,72,72,56,56,56,48,48,48,48,48,8,87,87,87,87,84,84,84,74,74,74,61,61,61,61,43,43,29],"gold":49,"neow_bonus":"TEN_PERCENT_HP_BONUS","is_prod":false,"is_daily":false,"chose_seed":false,"campfire_upgraded":11,"win_rate":0,"timestamp":1562467666,"path_taken":["M","$","M","?","M","R","M","R","T","R","?","M","M","M","R","BOSS","M","$","M","M","M","E","R","?","T","R","M","M","R","M","R","BOSS","M","M","?","M","M","R","?","?","T","E","$","R","?","M","R","BOSS"],"build_version":"2019-07-05","purchased_purges":1,"victory":true,"max_hp_per_floor":[82,82,82,82,82,82,82,82,82,82,82,82,82,82,82,82,82,82,82,82,82,82,82,82,87,87,87,87,87,87,87,87,87,87,87,87,87,87,87,87,87,87,87,87,87,87,87,87,87,87],"card_choices":[{"not_picked":["Beam Cell","Tempest"],"picked":"Coolheaded","floor":1},{"not_picked":["Redo","Stack"],"picked":"Streamline","floor":3},{"not_picked":["Compile Driver","Streamline"],"picked":"Coolheaded","floor":5},{"not_picked":["Leap","Steam Power"],"picked":"Go for the Eyes","floor":7},{"not_picked":["Coolheaded","Go for the Eyes"],"picked":"Hologram","floor":11},{"not_picked":["Glacier","Reprogram"],"picked":"Defragment","floor":12},{"not_picked":["Storm","Auto Shields"],"picked":"BootSequence","floor":13},{"not_picked":["FTL","Tempest"],"picked":"Hologram","floor":14},{"not_picked":["Rainbow","Hyperbeam"],"picked":"Electrodynamics","floor":16},{"not_picked":["Redo+1","Stack"],"picked":"Go for the Eyes","floor":18},{"not_picked":["Scrape+1","Hologram"],"picked":"Genetic Algorithm","floor":20},{"not_picked":["Ball Lightning","Doom and Gloom"],"picked":"Hologram","floor":21},{"not_picked":["Scrape","Aggregate"],"picked":"Sweeping Beam+1","floor":22},{"not_picked":["Fusion","Rebound"],"picked":"Conserve Battery+1","floor":23},{"not_picked":["Ball Lightning+1","Thunder Strike"],"picked":"Heatsinks+1","floor":28},{"not_picked":["Sweeping Beam+1","Go for the Eyes"],"picked":"Coolheaded","floor":29},{"not_picked":["Double Energy","Barrage"],"picked":"Reinforced Body+1","floor":31},{"not_picked":["Buffer","Hyperbeam"],"picked":"Seek","floor":33},{"not_picked":["Gash","Leap","Go for the Eyes"],"picked":"SKIP","floor":35},{"not_picked":["Ball Lightning+1","Leap+1"],"picked":"Glacier","floor":36},{"not_picked":["Lockon","Go for the Eyes"],"picked":"Loop+1","floor":38},{"not_picked":["Barrage+1","Reinforced Body+1"],"picked":"Undo+1","floor":39},{"not_picked":["Bandage Up","Panacea"],"picked":"Madness","floor":41},{"not_picked":["Swift Strike","Forethought"],"picked":"HandOfGreed","floor":41},{"not_picked":["Double Energy","Auto Shields+1","Steam Power+1"],"picked":"SKIP","floor":44},{"not_picked":["Barrage","Lockon"],"picked":"Compile Driver","floor":48}],"player_experience":88852,"relics_obtained":[{"floor":9,"key":"Juzu Bracelet"},{"floor":23,"key":"Bottled Tornado"},{"floor":26,"key":"Matryoshka"},{"floor":43,"key":"The Courier"},{"floor":43,"key":"Bird Faced Urn"},{"floor":44,"key":"Lantern"}],"event_choices":[{"damage_healed":0,"gold_gain":0,"cards_transformed":["Strike_B"],"player_choice":"Change","damage_taken":0,"max_hp_gain":0,"max_hp_loss":0,"event_name":"Living Wall","floor":4,"gold_loss":0,"cards_obtained":["Force Field"]},{"damage_healed":0,"gold_gain":0,"player_choice":"Searched \u00272\u0027 times","damage_taken":0,"relics_obtained":["MawBank"],"max_hp_gain":0,"max_hp_loss":0,"event_name":"Dead Adventurer","floor":11,"gold_loss":0},{"damage_healed":0,"gold_gain":0,"player_choice":"Shed Blood","damage_taken":21,"max_hp_gain":5,"max_hp_loss":0,"event_name":"Forgotten Altar","floor":25,"gold_loss":0},{"damage_healed":0,"gold_gain":100,"player_choice":"Pray","damage_taken":0,"max_hp_gain":0,"max_hp_loss":0,"event_name":"Golden Shrine","floor":37,"gold_loss":0},{"damage_healed":0,"gold_gain":0,"player_choice":"Memory 3","damage_taken":10,"max_hp_gain":0,"max_hp_loss":0,"event_name":"SensoryStone","floor":41,"gold_loss":0},{"damage_healed":0,"gold_gain":0,"player_choice":"Ignored","damage_taken":0,"max_hp_gain":0,"max_hp_loss":0,"event_name":"Tomb of Lord Red Mask","floor":42,"gold_loss":0}],"is_beta":false,"boss_relics":[{"not_picked":["Runic Pyramid","Empty Cage"],"picked":"Coffee Dripper"},{"not_picked":["Eternal Feather","FrozenCore"],"picked":"Sozu"}],"items_purged_floors":[45],"is_endless":false,"potions_floor_spawned":[1,12,16,22,23,28,33,35,36,39],"ascension_level":0}