{"gold_per_floor":[111,37,53,203,222,249,249,249,249,249,279,279,279,299,299,371,371,384,274,292,14,32,32,32],"floor_reached":24,"playtime":2044,"items_purged":[],"score":398,"play_id":"8b94611b-7ebc-4bdb-8a64-f56d01a5e7aa","local_time":"20190630130108","is_ascension_mode":true,"campfire_choices":[{"data":"Deadly Poison","floor":8,"key":"SMITH"},{"floor":10,"key":"REST"},{"floor":13,"key":"REST"},{"data":"Crippling Poison","floor":15,"key":"SMITH"},{"floor":23,"key":"DIG"}],"neow_cost":"NONE","seed_source_timestamp":524675197785294,"circlet_count":0,"master_deck":["AscendersBane","Strike_G","Strike_G","Strike_G","Strike_G","Defend_G+1","Defend_G","Defend_G","Defend_G","Defend_G","Survivor+1","Neutralize","Heel Hook","Crippling Poison+1","Deadly Poison+1","Flying Knee","Dash","Backflip+1","Glass Knife","Catalyst","Caltrops","Flying Knee+1"],"relics":["Ring of the Snake","Omamori","Ginger","Bag of Preparation","Shovel","Dead Branch","NlothsMask","Runic Pyramid","Pantograph","War Paint"],"potions_floor_usage":[6,16],"damage_taken":[{"damage":2,"enemies":"2 Louse","floor":1,"turns":5},{"damage":5,"enemies":"Small Slimes","floor":3,"turns":5},{"damage":0,"enemies":"Cultist","floor":5,"turns":3},{"damage":31,"enemies":"Lagavulin","floor":6,"turns":7},{"damage":31,"enemies":"3 Sentries","floor":11,"turns":11},{"damage":2,"enemies":"Exordium Thugs","floor":14,"turns":4},{"damage":17,"enemies":"The Guardian","floor":16,"turns":11},{"damage":13,"enemies":"Spheric Guardian","floor":18,"turns":5},{"damage":0,"enemies":"3 Byrds","floor":20,"turns":4},{"damage":8,"enemies":"Snake Plant","floor":22,"turns":4},{"damage":32,"enemies":"Slavers","floor":24,"turns":4}],"seed_played":"-3160926448513276905","potions_obtained":[{"floor":1,"key":"GhostInAJar"},{"floor":5,"key":"SteroidPotion"}],"is_trial":false,"path_per_floor":["M","$","M","?","M","E","?","R","T","R","E","?","R","M","R","B",null,"M","?","M","$","M","R","E"],"character_chosen":"THE_SILENT","items_purchased":["Crippling Poison","Pantograph"],"campfire_rested":2,"item_purchase_floors":[2,21],"current_hp_per_floor":[57,57,52,52,52,21,21,21,21,40,9,9,28,26,26,9,52,39,39,39,39,31,31,0],"gold":32,"neow_bonus":"RANDOM_COMMON_RELIC","is_prod":false,"is_daily":false,"chose_seed":false,"campfire_upgraded":2,"win_rate":0,"timestamp":1561917668,"path_taken":["M","$","M","?","M","E","?","R","T","R","E","?","R","?","R","BOSS","M","?","M","$","?","R","E"],"build_version":"2019-06-29","purchased_purges":0,"victory":false,"max_hp_per_floor":[66,66,66,66,66,66,66,66,66,66,66,66,66,66,66,66,66,66,66,66,66,66,66,66],"card_choices":[{"not_picked":["Cloak And Dagger","Deflect"],"picked":"Heel Hook","floor":1},{"not_picked":["Bane","Dagger Throw"],"picked":"Deadly Poison","floor":3},{"not_picked":["Outmaneuver","Deflect"],"picked":"Flying Knee","floor":5},{"not_picked":["Flying Knee","Quick Slash"],"picked":"Dash","floor":6},{"not_picked":["Accuracy","Bane","Setup"],"picked":"SKIP","floor":11},{"not_picked":["Dodge and Roll","Slice"],"picked":"Backflip","floor":14},{"not_picked":["Venomology","Storm of Steel"],"picked":"Glass Knife","floor":16},{"not_picked":["Masterful Stab","Infinite Blades"],"picked":"Catalyst","floor":18},{"not_picked":["Acrobatics","Predator"],"picked":"Caltrops","floor":20},{"not_picked":["Flechettes","Cloak And Dagger"],"picked":"Flying Knee+1","floor":22}],"player_experience":1583278,"relics_obtained":[{"floor":6,"key":"Ginger"},{"floor":9,"key":"Shovel"},{"floor":11,"key":"Dead Branch"},{"floor":23,"key":"War Paint"}],"event_choices":[{"damage_healed":0,"gold_gain":150,"player_choice":"AGREE","damage_taken":0,"max_hp_gain":0,"max_hp_loss":0,"event_name":"Liars Game","floor":4,"gold_loss":0,"cards_obtained":["Doubt"]},{"damage_healed":0,"gold_gain":0,"player_choice":"Searched \u00271\u0027 times","damage_taken":0,"relics_obtained":["Bag of Preparation"],"max_hp_gain":0,"max_hp_loss":0,"event_name":"Dead Adventurer","floor":7,"gold_loss":0},{"damage_healed":0,"gold_gain":0,"player_choice":"Trade","damage_taken":0,"relics_obtained":["NlothsMask"],"max_hp_gain":0,"max_hp_loss":0,"event_name":"FaceTrader","floor":12,"gold_loss":0},{"cards_removed":["Strike_G"],"damage_healed":0,"gold_gain":0,"player_choice":"Upgrade and Remove","damage_taken":0,"max_hp_gain":0,"max_hp_loss":0,"event_name":"Designer","floor":19,"gold_loss":110,"cards_upgraded":["Backflip"]}],"is_beta":true,"boss_relics":[{"not_picked":["Black Star","Fusion Hammer"],"picked":"Runic Pyramid"}],"items_purged_floors":[],"is_endless":false,"potions_floor_spawned":[1,5],"killed_by":"Slavers","ascension_level":19}