{"gold_per_floor":[114,131,149,149,149,183,206,206,232,268,134,134,134,147,147,277,277,300,314,69,69,90,90,90,108,135,32,52,52,73,93,93,221,221,235,254,14,33,8,48,48,88,88,88,104,104,122,455,455,455],"floor_reached":51,"playtime":12700,"items_purged":[],"score":744,"play_id":"fa1ba6a5-38de-4237-8f8d-5c8d63074e96","local_time":"20190612204213","is_ascension_mode":false,"campfire_choices":[{"floor":8.0,"key":"REST"},{"floor":12.0,"key":"REST"},{"floor":15.0,"key":"REST"},{"data":"Noxious Fumes","floor":23.0,"key":"SMITH"},{"data":"After Image","floor":29.0,"key":"SMITH"},{"data":"Glass Knife","floor":32.0,"key":"SMITH"},{"floor":41,"key":"REST"},{"floor":44,"key":"REST"},{"data":"Well Laid Plans","floor":49,"key":"SMITH"}],"neow_cost":"NONE","seed_source_timestamp":0,"circlet_count":0,"master_deck":["Defend_G","Defend_G","Defend_G","Defend_G","Defend_G","Strike_G","Strike_G","Strike_G+1","Strike_G","Survivor","Neutralize","Dagger Throw","Deadly Poison","Poisoned Stab","Injury","Slice","PiercingWail","Wraith Form v2","Footwork","Deadly Poison+1","Deflect","Noxious Fumes+1","Dagger Throw","Flying Knee","After Image+1","Dash","Underhanded Strike","Deflect","Footwork","Bouncing Flask","Iron Wave","Acrobatics","Blade Dance","Noxious Fumes","Backflip","Poisoned Stab+1","Glass Knife+1","Tools of the Trade","Leg Sweep","Escape Plan+1","Underhanded Strike","Well Laid Plans+1","Die Die Die","Flying Knee","Deadly Poison","Dagger Spray","Footwork+1","Flying Knee+1","Underhanded Strike+1","All Out Attack+1"],"special_seed":0,"relics":["Ring of the Snake","Snake Skull","Dream Catcher","Bag of Marbles","Eternal Feather","Bronze Scales","Regal Pillow","Philosopher\u0027s Stone","Matryoshka","Vajra","Juzu Bracelet","Letter Opener"],"potions_floor_usage":[38,40,50,50,50],"damage_taken":[{"damage":0.0,"enemies":"Small Slimes","floor":1.0,"turns":5.0},{"damage":0.0,"enemies":"Jaw Worm","floor":2.0,"turns":5.0},{"damage":0.0,"enemies":"2 Louse","floor":3.0,"turns":3.0},{"damage":41.0,"enemies":"Gremlin Nob","floor":6.0,"turns":5.0},{"damage":10.0,"enemies":"Gremlin Gang","floor":7.0,"turns":5.0},{"damage":25.0,"enemies":"3 Sentries","floor":10.0,"turns":8.0},{"damage":1.0,"enemies":"Lots of Slimes","floor":14.0,"turns":4.0},{"damage":32.0,"enemies":"Slime Boss","floor":16.0,"turns":9.0},{"damage":12.0,"enemies":"3 Byrds","floor":18.0,"turns":8.0},{"damage":13.0,"enemies":"Spheric Guardian","floor":19.0,"turns":6.0},{"damage":10.0,"enemies":"Centurion and Healer","floor":22.0,"turns":8.0},{"damage":11.0,"enemies":"Snecko","floor":25.0,"turns":4.0},{"damage":15.0,"enemies":"Snake Plant","floor":28.0,"turns":3.0},{"damage":11.0,"enemies":"Chosen and Byrds","floor":30.0,"turns":5.0},{"damage":0.0,"enemies":"Snecko","floor":31.0,"turns":4.0},{"damage":25.0,"enemies":"Collector","floor":33.0,"turns":7.0},{"damage":6,"enemies":"3 Darklings","floor":35,"turns":4},{"damage":4,"enemies":"Orb Walker","floor":36,"turns":3},{"damage":1,"enemies":"Jaw Worm Horde","floor":38,"turns":5},{"damage":29,"enemies":"Nemesis","floor":40,"turns":7},{"damage":45,"enemies":"Giant Head","floor":42,"turns":8},{"damage":0,"enemies":"Transient","floor":45,"turns":5},{"damage":12,"enemies":"3 Darklings","floor":47,"turns":3},{"damage":68,"enemies":"Donu and Deca","floor":50,"turns":10}],"seed_played":"-5526067092894966176","potions_obtained":[{"floor":1.0,"key":"Dexterity Potion"},{"floor":6.0,"key":"Weak Potion"},{"floor":14.0,"key":"EssenceOfSteel"},{"floor":22.0,"key":"Swift Potion"},{"floor":31.0,"key":"PowerPotion"},{"floor":33.0,"key":"GhostInAJar"},{"floor":36,"key":"Swift Potion"},{"floor":40,"key":"Weak Potion"},{"floor":45,"key":"SpeedPotion"}],"is_trial":false,"path_per_floor":["M","M","M","?","?","E","M","R","T","E","$","R","?","M","R","B",null,"M","M","$","?","M","R","?","M","T","$","M","R","M","M","R","B",null,"M","M","$","M","$","E","R","E","T","R","M","?","M","?","R","B",null],"character_chosen":"THE_SILENT","items_purchased":["Footwork","Deadly Poison","Deflect","Deflect","Footwork","Bronze Scales","Blade Dance","Noxious Fumes","Underhanded Strike","Well Laid Plans","Die Die Die","Deadly Poison"],"campfire_rested":5,"item_purchase_floors":[11,11,11,20,20,20,27,27,37,37,37,39],"current_hp_per_floor":[77,77,77,82,82,41,31,55,55,30,30,54,38,37,61,29,82,70,57,57,82,72,82,82,71,71,71,56,77,66,66,82,57,82,76,72,72,71,71,42,82,37,37,82,82,82,70,70,82,14],"gold":455,"neow_bonus":"TEN_PERCENT_HP_BONUS","is_prod":false,"is_daily":false,"chose_seed":false,"campfire_upgraded":4,"win_rate":0.0,"timestamp":1560386533,"path_taken":["M","M","M","?","?","E","M","R","T","E","$","R","?","M","R","BOSS","M","M","$","?","M","R","?","M","T","$","M","R","M","?","R","BOSS","M","M","$","M","?","E","R","E","T","R","M","?","M","?","R","BOSS"],"build_version":"2019-01-23","purchased_purges":0,"victory":true,"max_hp_per_floor":[77,77,77,82,82,82,82,82,82,82,82,82,82,82,82,82,82,82,82,82,82,82,82,82,82,82,82,82,82,82,82,82,82,82,82,82,82,82,82,82,82,82,82,82,82,82,82,82,82,82],"card_choices":[{"not_picked":["Riddle With Holes","Deflect"],"picked":"Dagger Throw","floor":1.0},{"not_picked":["Outmaneuver","PiercingWail"],"picked":"Deadly Poison","floor":2.0},{"not_picked":["Eviscerate","Escape Plan"],"picked":"Poisoned Stab","floor":3.0},{"not_picked":["Reflex","Doppelganger"],"picked":"Slice","floor":6.0},{"not_picked":["Leg Sweep","Slice"],"picked":"PiercingWail","floor":7.0},{"not_picked":["Prepared","Distraction"],"picked":"Wraith Form v2","floor":10.0},{"not_picked":["Prepared","PiercingWail"],"picked":"Noxious Fumes","floor":12.0},{"not_picked":["Outmaneuver","PiercingWail"],"picked":"Dagger Throw","floor":14.0},{"not_picked":["Blade Dance","Riddle With Holes"],"picked":"Flying Knee","floor":15.0},{"not_picked":["Venomology","Adrenaline"],"picked":"After Image","floor":16.0},{"not_picked":["Dagger Spray","Backflip"],"picked":"Dash","floor":18.0},{"not_picked":["Quick Slash","Dagger Throw"],"picked":"Underhanded Strike","floor":19.0},{"not_picked":["Crippling Poison","Quick Slash"],"picked":"Bouncing Flask","floor":22.0},{"not_picked":["Flying Knee","Blade Dance"],"picked":"Acrobatics","floor":25.0},{"not_picked":["PiercingWail","Quick Slash"],"picked":"Backflip","floor":28.0},{"not_picked":["Well Laid Plans","Quick Slash+1"],"picked":"Poisoned Stab+1","floor":30.0},{"not_picked":["Distraction","Acrobatics"],"picked":"Glass Knife","floor":31.0},{"not_picked":["Adrenaline","Glass Knife"],"picked":"Tools of the Trade","floor":33.0},{"not_picked":["Sucker Punch","Acrobatics+1"],"picked":"Leg Sweep","floor":35},{"not_picked":["Quick Slash","Dodge and Roll"],"picked":"Escape Plan+1","floor":36},{"not_picked":["Predator+1","Footwork"],"picked":"Flying Knee","floor":38},{"not_picked":["Outmaneuver","Prepared+1"],"picked":"Dagger Spray","floor":40},{"not_picked":["Masterful Stab","Dagger Throw+1"],"picked":"Footwork+1","floor":42},{"not_picked":["Eviscerate","Endless Agony"],"picked":"Flying Knee+1","floor":44},{"not_picked":["Acrobatics","Backflip+1"],"picked":"Underhanded Strike+1","floor":45},{"not_picked":["Flechettes+1","Well Laid Plans+1"],"picked":"All Out Attack+1","floor":47}],"player_experience":18958,"relics_obtained":[{"floor":6.0,"key":"Snake Skull"},{"floor":9.0,"key":"Dream Catcher"},{"floor":10.0,"key":"Bag of Marbles"},{"floor":26.0,"key":"Regal Pillow"},{"floor":40,"key":"Matryoshka"},{"floor":42,"key":"Vajra"},{"floor":43,"key":"Juzu Bracelet"},{"floor":43,"key":"Letter Opener"}],"event_choices":[{"damage_healed":0.0,"max_hp_gain":5.0,"max_hp_loss":0.0,"gold_gain":0.0,"event_name":"Big Fish","player_choice":"Donut","floor":4.0,"gold_loss":0.0,"damage_taken":0.0},{"damage_healed":0.0,"max_hp_gain":0.0,"max_hp_loss":0.0,"gold_gain":0.0,"event_name":"Golden Idol","player_choice":"Take Wound","floor":5.0,"gold_loss":0.0,"damage_taken":0.0,"relics_obtained":["Golden Idol"],"cards_obtained":["Injury"]},{"damage_healed":0.0,"max_hp_gain":0.0,"max_hp_loss":0.0,"gold_gain":0.0,"event_name":"Shining Light","player_choice":"Entered Light","floor":13.0,"gold_loss":0.0,"damage_taken":16.0,"cards_upgraded":["Strike_G","Deadly Poison"]},{"damage_healed":27.0,"max_hp_gain":0.0,"max_hp_loss":0.0,"gold_gain":0.0,"event_name":"The Library","player_choice":"Heal","floor":21.0,"gold_loss":0.0,"damage_taken":0.0},{"cards_removed":["Strike_G"],"damage_healed":0.0,"max_hp_gain":0.0,"max_hp_loss":0.0,"gold_gain":0.0,"event_name":"NoteForYourself","player_choice":"Took Card","floor":24.0,"gold_loss":0.0,"damage_taken":0.0,"cards_obtained":["Iron Wave"]},{"damage_healed":0,"gold_gain":0,"player_choice":"0 cards matched","damage_taken":0,"max_hp_gain":0,"max_hp_loss":0,"event_name":"Match and Keep!","floor":46,"gold_loss":0,"cards_obtained":[]},{"damage_healed":0,"gold_gain":333,"player_choice":"Gave Idol","damage_taken":0,"max_hp_gain":0,"max_hp_loss":0,"event_name":"The Moai Head","floor":48,"relics_lost":["Golden Idol"],"gold_loss":0}],"is_beta":false,"boss_relics":[{"not_picked":["Ectoplasm","Snecko Eye"],"picked":"Eternal Feather"},{"not_picked":["HoveringKite","WristBlade"],"picked":"Philosopher\u0027s Stone"}],"items_purged_floors":[],"is_endless":false,"potions_floor_spawned":[1,6,14,22,31,33,36,40,45],"ascension_level":0}