{"gold_per_floor":[115,134,149,3,22,57,57,67,67,67,87,87,107,119,119,221,221,238,252,268,285,13,46,64,64,146,161,161,173,184,202,202,306,306,323,103,117,7,7,36,36,36,106,118,118,0,15,31,31,31],"floor_reached":51,"playtime":11564,"items_purged":["Defend_B"],"score":709,"play_id":"4e61d218-f43d-4fba-98aa-494a9666b51d","local_time":"20190613220816","is_ascension_mode":false,"campfire_choices":[{"data":"Defragment","floor":7,"key":"SMITH"},{"data":"Static Discharge","floor":10,"key":"SMITH"},{"data":"Storm","floor":15,"key":"SMITH"},{"floor":25,"key":"REST"},{"floor":28,"key":"REST"},{"data":"Buffer","floor":32,"key":"SMITH"},{"floor":41,"key":"REST"},{"floor":45,"key":"RECALL"},{"floor":49,"key":"REST"}],"neow_cost":"NONE","seed_source_timestamp":67027146657551,"circlet_count":0,"master_deck":["Strike_B","Strike_B","Strike_B","Strike_B","Defend_B","Defend_B","Zap","Dualcast","Capacitor","Fusion","Cold Snap","Defragment+1","Sweeping Beam","Conserve Battery","Cold Snap","Force Field","Static Discharge+1","Biased Cognition","Storm+1","Streamline","Rainbow+1","Compile Driver+1","Consume+1","Coolheaded+1","Sweeping Beam+1","Buffer+1","Undo+1","Darkness+1","Coolheaded+1","Compile Driver","Force Field+1","Biased Cognition","Creative AI","Heatsinks","Thunder Strike","Barrage+1","Defragment","Darkness+1","Leap+1","Compile Driver+1","Streamline+1","Doom and Gloom+1"],"relics":["Snecko Eye","PreservedInsect","Toxic Egg 2","White Beast Statue","Lee\u0027s Waffle","Ice Cream","Question Card","Fusion Hammer","Pear","Mummified Hand","Sundial","Red Mask"],"potions_floor_usage":[16,19,21,23,27,29,31,33,35,40,40,50,50],"damage_taken":[{"damage":2,"enemies":"2 Louse","floor":1,"turns":3},{"damage":0,"enemies":"Cultist","floor":2,"turns":3},{"damage":4,"enemies":"Jaw Worm","floor":3,"turns":5},{"damage":11,"enemies":"Lots of Slimes","floor":5,"turns":3},{"damage":10,"enemies":"Lagavulin","floor":6,"turns":8},{"damage":0,"enemies":"Looter","floor":8,"turns":3},{"damage":4,"enemies":"2 Fungi Beasts","floor":11,"turns":4},{"damage":0,"enemies":"3 Louse","floor":13,"turns":3},{"damage":3,"enemies":"Blue Slaver","floor":14,"turns":4},{"damage":16,"enemies":"Slime Boss","floor":16,"turns":6},{"damage":0,"enemies":"Spheric Guardian","floor":18,"turns":3},{"damage":15,"enemies":"Shell Parasite","floor":19,"turns":2},{"damage":10,"enemies":"Cultist and Chosen","floor":20,"turns":3},{"damage":7,"enemies":"Snake Plant","floor":21,"turns":3},{"damage":31,"enemies":"Slavers","floor":23,"turns":4},{"damage":16,"enemies":"3 Cultists","floor":24,"turns":7},{"damage":3,"enemies":"Snecko","floor":27,"turns":3},{"damage":13,"enemies":"Chosen and Byrds","floor":29,"turns":6},{"damage":6,"enemies":"Shelled Parasite and Fungi","floor":30,"turns":4},{"damage":0,"enemies":"Snecko","floor":31,"turns":3},{"damage":11,"enemies":"Collector","floor":33,"turns":10},{"damage":3,"enemies":"Orb Walker","floor":35,"turns":3},{"damage":15,"enemies":"3 Shapes","floor":37,"turns":3},{"damage":1,"enemies":"Reptomancer","floor":40,"turns":4},{"damage":0,"enemies":"3 Darklings","floor":44,"turns":4},{"damage":5,"enemies":"Maw","floor":47,"turns":4},{"damage":26,"enemies":"Spire Growth","floor":48,"turns":4},{"damage":13,"enemies":"Time Eater","floor":50,"turns":5}],"seed_played":"8061894384501654544","potions_obtained":[{"floor":1,"key":"SpeedPotion"},{"floor":3,"key":"Swift Potion"},{"floor":11,"key":"Swift Potion"},{"floor":18,"key":"AttackPotion"},{"floor":19,"key":"Weak Potion"},{"floor":20,"key":"PowerPotion"},{"floor":21,"key":"SteroidPotion"},{"floor":23,"key":"Swift Potion"},{"floor":24,"key":"FocusPotion"},{"floor":27,"key":"Ancient Potion"},{"floor":29,"key":"GamblersBrew"},{"floor":31,"key":"SkillPotion"},{"floor":33,"key":"LiquidBronze"},{"floor":35,"key":"SkillPotion"},{"floor":37,"key":"Energy Potion"},{"floor":40,"key":"Explosive Potion"},{"floor":44,"key":"Energy Potion"},{"floor":47,"key":"Block Potion"},{"floor":48,"key":"LiquidBronze"}],"is_trial":false,"path_per_floor":["M","M","M","$","M","E","R","M","T","R","M","?","M","M","R","B",null,"M","M","M","M","$","E","M","R","T","M","R","M","M","M","R","B",null,"M","$","M","$","?","E","R","T","T","M","R","?","M","M","R","B",null],"character_chosen":"DEFECT","items_purchased":["Defragment","Sweeping Beam","Conserve Battery","Lee\u0027s Waffle","Buffer","Thunder Strike","Defragment","Darkness+1"],"campfire_rested":4,"item_purchase_floors":[4,4,4,22,22,36,38,38],"current_hp_per_floor":[73,73,69,69,58,48,48,48,48,48,44,44,44,41,41,25,75,75,60,50,43,82,51,35,59,59,56,80,67,61,61,61,50,82,79,79,64,64,64,73,92,92,92,92,92,92,87,61,88,75],"gold":31,"neow_bonus":"BOSS_RELIC","is_prod":false,"is_daily":false,"chose_seed":false,"campfire_upgraded":4,"win_rate":1,"timestamp":1560478096,"path_taken":["M","M","M","$","M","E","R","M","T","R","M","?","M","M","R","BOSS","M","M","M","M","$","E","M","R","T","M","R","M","M","M","R","BOSS","M","$","M","$","?","E","R","?","T","?","R","?","M","M","R","BOSS"],"build_version":"2019-01-23","purchased_purges":1,"victory":true,"max_hp_per_floor":[75,75,75,75,75,75,75,75,75,75,75,75,75,75,75,75,75,75,75,75,75,82,82,82,82,82,82,82,82,82,82,82,82,82,82,82,82,82,82,92,92,92,92,92,92,92,92,92,92,92],"card_choices":[{"not_picked":["Beam Cell","FTL"],"picked":"Capacitor","floor":1},{"not_picked":["Hello World","Beam Cell"],"picked":"Fusion","floor":2},{"not_picked":["Redo","Ball Lightning"],"picked":"Cold Snap","floor":3},{"not_picked":["Hologram","Redo"],"picked":"Cold Snap","floor":5},{"not_picked":["Cold Snap","Steam"],"picked":"Force Field","floor":6},{"not_picked":["Leap","Aggregate"],"picked":"Static Discharge","floor":8},{"not_picked":["Stack+1","Coolheaded+1"],"picked":"Biased Cognition","floor":11},{"not_picked":["Redo+1","Scrape"],"picked":"Streamline","floor":13},{"not_picked":["Coolheaded+1","Steam+1"],"picked":"Conserve Battery+1","floor":14},{"not_picked":["Echo Form","Biased Cognition"],"picked":"Rainbow+1","floor":16},{"not_picked":["Steam Power+1","Hologram+1"],"picked":"Compile Driver+1","floor":18},{"not_picked":["Auto Shields+1","Melter"],"picked":"Consume+1","floor":19},{"not_picked":["Rip and Tear","Double Energy+1"],"picked":"Coolheaded+1","floor":20},{"not_picked":["Chill+1","Ball Lightning"],"picked":"Sweeping Beam+1","floor":21},{"not_picked":["Conserve Battery+1","Barrage"],"picked":"Undo+1","floor":23},{"not_picked":["Cold Snap","Rip and Tear"],"picked":"Darkness+1","floor":24},{"not_picked":["Rebound","Beam Cell","Redo+1"],"picked":"Coolheaded+1","floor":27},{"not_picked":["Streamline","Beam Cell+1","Go for the Eyes+1"],"picked":"Compile Driver","floor":29},{"not_picked":["Redo+1","Scrape","Compile Driver"],"picked":"Force Field+1","floor":30},{"not_picked":["Gash+1","Hello World+1","Coolheaded+1"],"picked":"Biased Cognition","floor":31},{"not_picked":["Thunder Strike","Machine Learning","Fission+1"],"picked":"Creative AI","floor":33},{"not_picked":["Cold Snap","Barrage","Lockon"],"picked":"Heatsinks","floor":35},{"not_picked":["Cold Snap+1","Steam+1","Stack+1"],"picked":"Barrage+1","floor":37},{"not_picked":["Self Repair+1","Scrape","Coolheaded+1"],"picked":"Leap+1","floor":40},{"not_picked":["Streamline","Coolheaded+1","Cold Snap"],"picked":"Compile Driver+1","floor":44},{"not_picked":["Leap+1","Ball Lightning","Barrage+1"],"picked":"Streamline+1","floor":47},{"not_picked":["Hologram+1","Cold Snap","Sweeping Beam+1"],"picked":"Doom and Gloom+1","floor":48}],"player_experience":45905,"relics_obtained":[{"floor":6,"key":"PreservedInsect"},{"floor":9,"key":"Toxic Egg 2"},{"floor":23,"key":"Ice Cream"},{"floor":26,"key":"Question Card"},{"floor":40,"key":"Pear"},{"floor":42,"key":"Mummified Hand"},{"floor":43,"key":"Sundial"}],"event_choices":[{"damage_healed":0,"gold_gain":0,"cards_transformed":["Defend_B"],"player_choice":"Transformed","damage_taken":0,"max_hp_gain":0,"max_hp_loss":0,"event_name":"Transmorgrifier","floor":12,"gold_loss":0,"cards_obtained":["Storm"]},{"cards_removed":["Conserve Battery"],"damage_healed":0,"gold_gain":0,"player_choice":"Removed Skill","damage_taken":0,"max_hp_gain":0,"max_hp_loss":0,"event_name":"Falling","floor":39,"gold_loss":0},{"damage_healed":0,"gold_gain":0,"player_choice":"Paid","damage_taken":0,"relics_obtained":["Red Mask"],"max_hp_gain":0,"max_hp_loss":0,"event_name":"Tomb of Lord Red Mask","floor":46,"gold_loss":118}],"is_beta":false,"boss_relics":[{"not_picked":["Busted Crown","Runic Dome"],"picked":"White Beast Statue"},{"not_picked":["Sozu","Velvet Choker"],"picked":"Fusion Hammer"}],"items_purged_floors":[36],"is_endless":false,"potions_floor_spawned":[1,3,11,18,19,20,21,23,24,27,29,30,31,33,35,37,40,44,47,48],"ascension_level":0}