{"gold_per_floor":[118,51,51,66,80,109,119,119],"floor_reached":8,"playtime":812,"items_purged":[],"score":58,"play_id":"073921f6-2ca3-4138-84bb-fd736e3182d3","local_time":"20190704153615","is_ascension_mode":false,"campfire_choices":[],"neow_cost":"CURSE","seed_source_timestamp":841458205438062,"circlet_count":0,"master_deck":["Strike_R","Strike_R","Strike_R","Strike_R","Strike_R","Defend_R","Defend_R","Defend_R","Defend_R","Bash","Regret","Reaper","Whirlwind","Ghostly Armor","Clothesline","Offering","Flame Barrier","Cleave"],"relics":["Burning Blood","Mummified Hand"],"potions_floor_usage":[],"damage_taken":[{"damage":28,"enemies":"Jaw Worm","floor":1,"turns":6},{"damage":14,"enemies":"Cultist","floor":4,"turns":6},{"damage":2,"enemies":"Small Slimes","floor":5,"turns":3},{"damage":51,"enemies":"3 Sentries","floor":6,"turns":7},{"damage":4,"enemies":"3 Louse","floor":7,"turns":2},{"damage":27,"enemies":"Gremlin Nob","floor":8,"turns":3}],"seed_played":"-4879806399962870440","potions_obtained":[{"floor":3,"key":"LiquidBronze"},{"floor":3,"key":"SteroidPotion"},{"floor":3,"key":"Swift Potion"}],"is_trial":false,"path_per_floor":["M","$","?","M","M","E","M","E"],"character_chosen":"IRONCLAD","items_purchased":["Ghostly Armor"],"campfire_rested":0,"item_purchase_floors":[2],"current_hp_per_floor":[58,58,58,54,58,21,23,0],"gold":119,"neow_bonus":"THREE_RARE_CARDS","is_prod":false,"is_daily":false,"chose_seed":false,"campfire_upgraded":0,"win_rate":0.0,"timestamp":1562268975,"path_taken":["M","$","?","?","?","E","M","E"],"build_version":"2019-07-01","purchased_purges":0,"victory":false,"max_hp_per_floor":[80,80,80,80,80,80,80,80],"card_choices":[{"not_picked":["Dark Embrace","Juggernaut"],"picked":"Reaper","floor":0},{"not_picked":["Warcry","Clash"],"picked":"Whirlwind","floor":1},{"not_picked":["Clash","Perfected Strike"],"picked":"Clothesline","floor":4},{"not_picked":["Corruption","Clothesline"],"picked":"Offering","floor":5},{"not_picked":["Sword Boomerang","Twin Strike"],"picked":"Flame Barrier","floor":6},{"not_picked":["Metallicize","Thunderclap"],"picked":"Cleave","floor":7}],"player_experience":1414,"relics_obtained":[{"floor":6,"key":"Mummified Hand"}],"event_choices":[{"damage_healed":0,"gold_gain":0,"player_choice":"Got Potions","damage_taken":0,"max_hp_gain":0,"max_hp_loss":0,"event_name":"Lab","floor":3,"gold_loss":0}],"is_beta":false,"boss_relics":[],"items_purged_floors":[],"is_endless":false,"potions_floor_spawned":[4,6],"killed_by":"Gremlin Nob","ascension_level":0}