{"gold_per_floor":[118,138,138,151,101,101,131,131,131,147,159,159,159,197,197,328,328,341,341,146,159,258,258,272,287,287,26,26,51,14,38,38,38],"floor_reached":33,"playtime":2893,"items_purged":[],"score":411,"play_id":"329066a8-f0fd-4583-a709-a64325dbad79","local_time":"20190712132700","is_ascension_mode":true,"campfire_choices":[{"data":"Clothesline","floor":6,"key":"SMITH"},{"data":"Anger","floor":8,"key":"SMITH"},{"data":"Shockwave","floor":13,"key":"SMITH"},{"floor":15,"key":"REST"},{"data":"Armaments","floor":23,"key":"SMITH"},{"floor":28,"key":"REST"},{"floor":32,"key":"REST"}],"neow_cost":"NONE","seed_source_timestamp":199954236708257,"circlet_count":0,"master_deck":["AscendersBane","Strike_R","Strike_R","Strike_R","Strike_R","Strike_R","Defend_R","Defend_R","Defend_R","Defend_R","Bash+1","Clothesline+1","Anger+1","Heavy Blade","Shockwave+1","Demon Form+1","Iron Wave","Feed","Armaments+1","Perfected Strike+1","Headbutt+1","Feel No Pain+1","Shrug It Off","Seeing Red","Corruption+1","Twin Strike"],"relics":["Burning Blood","Gremlin Horn","Frozen Egg 2","Golden Idol","Bronze Scales","Philosopher\u0027s Stone","NlothsMask","Membership Card"],"potions_floor_usage":[7,14,16,16,24,33,33],"damage_taken":[{"damage":14,"enemies":"2 Louse","floor":1,"turns":3},{"damage":0,"enemies":"Small Slimes","floor":2,"turns":3},{"damage":1,"enemies":"Cultist","floor":4,"turns":3},{"damage":26,"enemies":"Lagavulin","floor":7,"turns":7},{"damage":0,"enemies":"Large Slime","floor":10,"turns":4},{"damage":4,"enemies":"Exordium Wildlife","floor":11,"turns":3},{"damage":12,"enemies":"3 Sentries","floor":14,"turns":6},{"damage":31,"enemies":"Hexaghost","floor":16,"turns":8},{"damage":28,"enemies":"Spheric Guardian","floor":18,"turns":4},{"damage":13,"enemies":"Shell Parasite","floor":21,"turns":6},{"damage":31,"enemies":"Sentry and Sphere","floor":24,"turns":4},{"damage":3,"enemies":"3 Cultists","floor":25,"turns":4},{"damage":22,"enemies":"Snecko","floor":29,"turns":4},{"damage":24,"enemies":"Shelled Parasite and Fungi","floor":31,"turns":5},{"damage":86,"enemies":"Automaton","floor":33,"turns":6}],"seed_played":"-4878966617736323970","potions_obtained":[{"floor":1,"key":"SteroidPotion"},{"floor":11,"key":"SkillPotion"},{"floor":14,"key":"SkillPotion"},{"floor":21,"key":"Regen Potion"},{"floor":25,"key":"Strength Potion"},{"floor":31,"key":"PowerPotion"}],"is_trial":false,"path_per_floor":["M","M","$","M","$","R","E","R","T","M","M","?","R","E","R","B",null,"M","?","$","M","?","R","M","M","T","$","R","M","$","M","R","B"],"character_chosen":"IRONCLAD","items_purchased":["Strength Potion","Feed","Armaments","Membership Card","Feel No Pain+1","Shrug It Off","Corruption+1"],"campfire_rested":3,"item_purchase_floors":[5,20,20,27,27,27,30],"current_hp_per_floor":[64,70,70,75,75,75,55,55,55,61,63,43,43,37,61,36,69,47,47,47,40,40,40,27,33,33,33,57,41,41,26,51,0],"gold":38,"neow_bonus":"UPGRADE_CARD","is_prod":false,"is_daily":false,"chose_seed":false,"campfire_upgraded":4,"win_rate":0,"timestamp":1562952420,"path_taken":["M","M","$","M","$","R","E","R","T","M","M","?","R","E","R","BOSS","M","?","?","M","?","R","M","?","T","$","R","M","$","M","R","BOSS"],"build_version":"2019-07-05","purchased_purges":0,"victory":false,"max_hp_per_floor":[80,80,80,80,80,80,80,80,80,80,80,80,80,80,80,80,80,80,80,80,80,80,80,80,83,83,83,83,83,83,86,86,86],"card_choices":[{"not_picked":["Dual Wield","Pummel"],"picked":"Clothesline","floor":1},{"not_picked":["Heavy Blade","Cleave"],"picked":"Anger","floor":2},{"not_picked":["Flex","Warcry"],"picked":"Heavy Blade","floor":4},{"not_picked":["Cleave","Second Wind","Thunderclap"],"picked":"SKIP","floor":7},{"not_picked":["Body Slam","Clash","Thunderclap"],"picked":"SKIP","floor":10},{"not_picked":["Warcry","Reckless Charge"],"picked":"Shockwave","floor":11},{"not_picked":["Flex","Clash","Sword Boomerang"],"picked":"SKIP","floor":14},{"not_picked":["Flex","Clash","Sword Boomerang"],"picked":"SKIP","floor":14},{"not_picked":["Double Tap","Limit Break"],"picked":"Demon Form+1","floor":16},{"not_picked":["Thunderclap","Blood for Blood+1"],"picked":"Iron Wave","floor":18},{"not_picked":["Iron Wave","Warcry"],"picked":"Perfected Strike+1","floor":21},{"not_picked":["Second Wind","Clash","Rage"],"picked":"SKIP","floor":24},{"not_picked":["Cleave","Twin Strike"],"picked":"Headbutt+1","floor":25},{"not_picked":["Sword Boomerang","Iron Wave"],"picked":"Seeing Red","floor":29},{"not_picked":["Wild Strike","Bloodletting"],"picked":"Twin Strike","floor":31}],"player_experience":482969,"relics_obtained":[{"floor":7,"key":"Gremlin Horn"},{"floor":9,"key":"Frozen Egg 2"},{"floor":14,"key":"Bronze Scales"}],"event_choices":[{"damage_healed":0,"gold_gain":0,"player_choice":"Take Damage","damage_taken":20,"relics_obtained":["Golden Idol"],"max_hp_gain":0,"max_hp_loss":0,"event_name":"Golden Idol","floor":12,"gold_loss":0},{"damage_healed":0,"gold_gain":0,"player_choice":"Trade","damage_taken":0,"relics_obtained":["NlothsMask"],"max_hp_gain":0,"max_hp_loss":0,"event_name":"FaceTrader","floor":19,"gold_loss":0},{"damage_healed":0,"gold_gain":99,"player_choice":"Stole From Cult","damage_taken":0,"max_hp_gain":0,"max_hp_loss":0,"event_name":"Nest","floor":22,"gold_loss":0}],"is_beta":false,"boss_relics":[{"not_picked":["Lizard Tail","Black Star"],"picked":"Philosopher\u0027s Stone"}],"items_purged_floors":[],"is_endless":false,"potions_floor_spawned":[1,11,14,21,25,31],"killed_by":"Automaton","ascension_level":12}