{"gold_per_floor":[118,118,118,30,30,30,65,85,165,165,90,90,119,131,131,206,206,225,225,235,335,351,351,383,383,436,455,38,58,32,52,52,126,126,145,164,217,234,248,578,578,597,621,388,406,436,436,461,461,461,461],"floor_reached":51,"playtime":3743,"items_purged":["Strike_G+1","Parasite"],"score":1755,"play_id":"62831689-6639-481b-8354-e7d05bc94d48","local_time":"20190609204927","is_ascension_mode":true,"campfire_choices":[{"data":"Noxious Fumes","floor":6,"key":"SMITH"},{"data":"Neutralize","floor":10,"key":"SMITH"},{"data":"Caltrops","floor":12,"key":"SMITH"},{"data":"Malaise","floor":15,"key":"SMITH"},{"floor":23,"key":"REST"},{"data":"After Image","floor":25,"key":"SMITH"},{"data":"Well Laid Plans","floor":32,"key":"SMITH"},{"floor":41,"key":"RECALL"},{"data":"After Image","floor":49,"key":"SMITH"}],"neow_cost":"NONE","seed_source_timestamp":1005298604738635,"circlet_count":0,"master_deck":["AscendersBane","Defend_G+1","Defend_G+1","Defend_G+1","Defend_G+1","Defend_G+1","Strike_G+1","Strike_G+1","Strike_G+1","Survivor+1","Neutralize+1","Caltrops+1","Noxious Fumes+1","Infinite Blades","PiercingWail","Malaise+1","Heel Hook","After Image+1","Cloak And Dagger","Glass Knife","Backstab","Escape Plan","Crippling Poison","PiercingWail","Cloak And Dagger+1","Crippling Poison+1","Burst","Well Laid Plans+1","Cloak And Dagger","After Image+1","Catalyst","Leg Sweep","Escape Plan+1","Adrenaline","Acrobatics","Bouncing Flask+1","Footwork","Backflip","Concentrate+1","Acrobatics"],"relics":["Ring of the Snake","NeowsBlessing","War Paint","Juzu Bracelet","Darkstone Periapt","Strawberry","Orrery","Bird Faced Urn","Meat on the Bone","Bag of Marbles","Tiny Chest","Lee\u0027s Waffle","Runic Dome","Dead Branch","Old Coin","Orichalcum","Torii"],"potions_floor_usage":[13,16,21,24,31,37],"damage_taken":[{"damage":0,"enemies":"2 Louse","floor":1,"turns":1},{"damage":0,"enemies":"Gremlin Nob","floor":7,"turns":1},{"damage":0,"enemies":"Small Slimes","floor":8,"turns":1},{"damage":13,"enemies":"3 Sentries","floor":13,"turns":6},{"damage":0,"enemies":"Jaw Worm","floor":14,"turns":4},{"damage":0,"enemies":"The Guardian","floor":16,"turns":11},{"damage":0,"enemies":"Chosen","floor":18,"turns":7},{"damage":9,"enemies":"Spheric Guardian","floor":20,"turns":8},{"damage":12,"enemies":"Colosseum Slavers","floor":21,"turns":6},{"damage":8,"enemies":"Colosseum Nobs","floor":21,"turns":6},{"damage":36,"enemies":"Cultist and Chosen","floor":22,"turns":8},{"damage":41,"enemies":"Gremlin Leader","floor":24,"turns":9},{"damage":10,"enemies":"Snake Plant","floor":27,"turns":6},{"damage":1,"enemies":"Centurion and Healer","floor":29,"turns":6},{"damage":6,"enemies":"Cultist and Chosen","floor":31,"turns":7},{"damage":41,"enemies":"Collector","floor":33,"turns":12},{"damage":0,"enemies":"3 Shapes","floor":35,"turns":6},{"damage":0,"enemies":"Orb Walker","floor":36,"turns":4},{"damage":60,"enemies":"2 Orb Walkers","floor":37,"turns":5},{"damage":0,"enemies":"3 Darklings","floor":38,"turns":7},{"damage":25,"enemies":"Writhing Mass","floor":39,"turns":7},{"damage":15,"enemies":"Nemesis","floor":40,"turns":10},{"damage":18,"enemies":"Maw","floor":42,"turns":9},{"damage":11,"enemies":"Spire Growth","floor":45,"turns":7},{"damage":0,"enemies":"Reptomancer","floor":46,"turns":6},{"damage":8,"enemies":"Giant Head","floor":48,"turns":9},{"damage":66,"enemies":"Time Eater","floor":50,"turns":15},{"damage":59,"enemies":"Awakened One","floor":51,"turns":15}],"seed_played":"-8494935926429373776","potions_obtained":[{"floor":7,"key":"EssenceOfSteel"},{"floor":8,"key":"Block Potion"},{"floor":14,"key":"SteroidPotion"},{"floor":22,"key":"SpeedPotion"},{"floor":27,"key":"Explosive Potion"},{"floor":31,"key":"Poison Potion"},{"floor":33,"key":"Poison Potion"},{"floor":36,"key":"LiquidBronze"},{"floor":38,"key":"Energy Potion"},{"floor":42,"key":"Ancient Potion"}],"is_trial":false,"path_per_floor":["M","?","?","$","?","R","E","M","T","R","?","R","E","M","R","B",null,"M","?","M","?","M","R","E","R","T","M","$","M","$","M","R","B",null,"M","M","?","M","M","E","R","M","T","$","M","E","?","E","R","B","B"],"character_chosen":"THE_SILENT","items_purchased":["Noxious Fumes","Lee\u0027s Waffle","Well Laid Plans","Ancient Potion","Cloak And Dagger","Footwork","Backflip"],"campfire_rested":1,"item_purchase_floors":[4,28,28,28,30,44,44],"current_hp_per_floor":[59,54,59,59,38,38,38,38,38,38,38,38,32,32,32,32,67,67,67,58,38,22,45,24,24,24,32,85,85,85,79,79,48,76,85,85,41,55,54,55,55,51,51,51,62,76,76,88,88,45,0],"gold":461,"neow_bonus":"THREE_ENEMY_KILL","is_prod":false,"is_daily":false,"chose_seed":false,"campfire_upgraded":7,"win_rate":0,"timestamp":1560131367,"path_taken":["M","?","?","$","?","R","E","M","T","R","?","R","E","M","R","BOSS","M","?","M","?","M","R","E","R","T","M","$","M","?","M","R","BOSS","M","M","?","M","M","E","R","M","T","$","M","E","?","E","R","BOSS","BOSS"],"build_version":"2019-01-23","purchased_purges":2,"victory":false,"max_hp_per_floor":[66,66,71,71,71,71,71,71,71,71,71,71,78,78,78,78,78,78,78,78,78,78,78,78,78,78,78,85,85,85,85,85,85,85,85,85,85,85,91,91,91,91,91,88,88,88,88,88,88,88,88],"card_choices":[{"not_picked":["Dagger Spray","Prepared"],"picked":"Caltrops","floor":1},{"not_picked":["Dodge and Roll","Flying Knee"],"picked":"Infinite Blades","floor":7},{"not_picked":["Noxious Fumes","Dagger Spray"],"picked":"PiercingWail","floor":8},{"not_picked":["Predator","Flying Knee"],"picked":"Malaise","floor":13},{"not_picked":["Slice","Dagger Throw"],"picked":"Heel Hook","floor":14},{"not_picked":["Grand Finale","Unload"],"picked":"After Image","floor":16},{"not_picked":["Distraction","Slice"],"picked":"Cloak And Dagger","floor":17},{"not_picked":["Deflect","Finisher"],"picked":"Glass Knife","floor":17},{"not_picked":["Blade Dance","Quick Slash"],"picked":"Backstab","floor":17},{"not_picked":["Dagger Spray","Flechettes"],"picked":"Escape Plan","floor":17},{"not_picked":["Poisoned Stab","Flying Knee"],"picked":"Crippling Poison","floor":17},{"not_picked":["Dagger Spray","Deadly Poison"],"picked":"PiercingWail","floor":18},{"not_picked":["Reflex","Skewer"],"picked":"Cloak And Dagger+1","floor":20},{"not_picked":["Finisher","Flying Knee"],"picked":"Crippling Poison+1","floor":21},{"not_picked":["Distraction","Dagger Throw"],"picked":"Burst","floor":22},{"not_picked":["Underhanded Strike","Masterful Stab","Dagger Spray"],"picked":"SKIP","floor":24},{"not_picked":["All Out Attack","Blade Dance","Skewer"],"picked":"SKIP","floor":27},{"not_picked":["Dodge and Roll","Dagger Throw","Flying Knee"],"picked":"SKIP","floor":29},{"not_picked":["Dagger Spray","Prepared","Blade Dance"],"picked":"SKIP","floor":31},{"not_picked":["Phantasmal Killer","Die Die Die"],"picked":"After Image","floor":33},{"not_picked":["Cloak And Dagger+1","Outmaneuver+1"],"picked":"Catalyst","floor":35},{"not_picked":["Acrobatics","Deadly Poison+1"],"picked":"Leg Sweep","floor":36},{"not_picked":["Catalyst","Quick Slash"],"picked":"Escape Plan+1","floor":37},{"not_picked":["Prepared","Catalyst"],"picked":"Adrenaline","floor":38},{"not_picked":["Prepared","Deflect","Sucker Punch"],"picked":"SKIP","floor":39},{"not_picked":["Leg Sweep+1","Corpse Explosion"],"picked":"Acrobatics","floor":40},{"not_picked":["Quick Slash","Deadly Poison"],"picked":"Bouncing Flask+1","floor":42},{"not_picked":["Sucker Punch+1","Flechettes+1","Prepared"],"picked":"SKIP","floor":45},{"not_picked":["Underhanded Strike","Corpse Explosion"],"picked":"Concentrate+1","floor":46},{"not_picked":["Eviscerate+1","Expertise"],"picked":"Acrobatics","floor":48}],"player_experience":1739408,"relics_obtained":[{"floor":7,"key":"Juzu Bracelet"},{"floor":9,"key":"Darkstone Periapt"},{"floor":13,"key":"Strawberry"},{"floor":21,"key":"Bird Faced Urn"},{"floor":21,"key":"Meat on the Bone"},{"floor":24,"key":"Bag of Marbles"},{"floor":26,"key":"Tiny Chest"},{"floor":37,"key":"Dead Branch"},{"floor":40,"key":"Old Coin"},{"floor":46,"key":"Orichalcum"},{"floor":48,"key":"Torii"}],"event_choices":[{"damage_healed":0,"gold_gain":0,"player_choice":"Success","damage_taken":5,"relics_obtained":["War Paint"],"max_hp_gain":0,"max_hp_loss":0,"event_name":"Scrap Ooze","floor":2,"gold_loss":0},{"damage_healed":0,"gold_gain":0,"player_choice":"Donut","damage_taken":0,"max_hp_gain":5,"max_hp_loss":0,"event_name":"Big Fish","floor":3,"gold_loss":0},{"damage_healed":0,"gold_gain":0,"player_choice":"Entered Light","damage_taken":21,"max_hp_gain":0,"max_hp_loss":0,"event_name":"Shining Light","floor":5,"gold_loss":0,"cards_upgraded":["Strike_G","Defend_G"]},{"cards_removed":["Strike_G"],"damage_healed":0,"gold_gain":0,"player_choice":"Card Removal","damage_taken":0,"max_hp_gain":0,"max_hp_loss":0,"event_name":"The Cleric","floor":11,"gold_loss":75},{"damage_healed":0,"gold_gain":0,"player_choice":"Simplicity","damage_taken":0,"max_hp_gain":0,"max_hp_loss":0,"event_name":"Back to Basics","floor":19,"gold_loss":0,"cards_upgraded":["Defend_G","Defend_G","Defend_G","Strike_G","Strike_G","Strike_G"]},{"damage_healed":0,"gold_gain":0,"player_choice":"Fight","damage_taken":0,"max_hp_gain":0,"max_hp_loss":0,"event_name":"Colosseum","floor":21,"gold_loss":0},{"damage_healed":0,"gold_gain":0,"player_choice":"Fought Nobs","damage_taken":0,"max_hp_gain":0,"max_hp_loss":0,"event_name":"Colosseum","floor":21,"gold_loss":0},{"damage_healed":0,"gold_gain":0,"player_choice":"Fight","damage_taken":0,"max_hp_gain":0,"max_hp_loss":0,"event_name":"Mysterious Sphere","floor":37,"gold_loss":0},{"damage_healed":0,"gold_gain":0,"player_choice":"Ignored","damage_taken":0,"max_hp_gain":0,"max_hp_loss":0,"event_name":"Tomb of Lord Red Mask","floor":47,"gold_loss":0}],"is_beta":false,"boss_relics":[{"not_picked":["White Beast Statue","Busted Crown"],"picked":"Orrery"},{"not_picked":["Eternal Feather","HoveringKite"],"picked":"Runic Dome"}],"items_purged_floors":[28,44],"is_endless":false,"potions_floor_spawned":[7,8,14,21,22,27,31,33,35,36,38,42,45],"killed_by":"Awakened One","ascension_level":20}