{"gold_per_floor":[118,118,118,118,128,128,146,180,180,180,198,198,263,279,279,279],"floor_reached":16,"playtime":371,"items_purged":[],"score":100,"play_id":"49e43659-107e-4533-8230-b28ae21bb3c9","local_time":"20190710150600","is_ascension_mode":false,"campfire_choices":[{"data":"Thunderclap","floor":6,"key":"SMITH"},{"data":"Carnage","floor":10,"key":"SMITH"},{"data":"Iron Wave","floor":12,"key":"SMITH"},{"data":"Second Wind","floor":15,"key":"SMITH"}],"neow_cost":"NONE","seed_source_timestamp":586788295909259,"circlet_count":0,"master_deck":["Strike_R","Strike_R","Strike_R","Strike_R","Strike_R","Defend_R","Defend_R","Bash","Thunderclap+1","Regret","Carnage+1","Dropkick","Second Wind+1","Iron Wave+1","Wild Strike","Twin Strike"],"relics":["Burning Blood","NeowsBlessing","Darkstone Periapt","Ancient Tea Set","Paper Frog","Toxic Egg 2"],"potions_floor_usage":[16,16,16],"damage_taken":[{"damage":0,"enemies":"Jaw Worm","floor":1,"turns":1},{"damage":0,"enemies":"Small Slimes","floor":5,"turns":1},{"damage":0,"enemies":"2 Louse","floor":7,"turns":1},{"damage":23,"enemies":"Gremlin Nob","floor":8,"turns":4},{"damage":9,"enemies":"Blue Slaver","floor":11,"turns":2},{"damage":30,"enemies":"3 Sentries","floor":13,"turns":6},{"damage":11,"enemies":"Large Slime","floor":14,"turns":5},{"damage":53,"enemies":"The Guardian","floor":16,"turns":8}],"seed_played":"-4912365135733615492","potions_obtained":[{"floor":7,"key":"Regen Potion"},{"floor":8,"key":"Explosive Potion"},{"floor":11,"key":"SteroidPotion"}],"is_trial":false,"path_per_floor":["M","?","?","?","M","R","M","E","T","R","M","R","?","M","R","B"],"character_chosen":"IRONCLAD","items_purchased":[],"campfire_rested":0,"item_purchase_floors":[],"current_hp_per_floor":[80,73,73,79,85,85,86,69,69,69,66,66,42,37,37,0],"gold":279,"neow_bonus":"THREE_ENEMY_KILL","is_prod":false,"is_daily":false,"chose_seed":false,"campfire_upgraded":4,"win_rate":0,"timestamp":1562735160,"path_taken":["M","?","?","?","M","R","M","E","T","R","M","R","?","M","R","BOSS"],"build_version":"2019-07-05","purchased_purges":0,"victory":false,"max_hp_per_floor":[80,80,80,86,86,86,86,86,86,86,86,86,86,86,86,86],"card_choices":[{"not_picked":["Sword Boomerang","Body Slam"],"picked":"Thunderclap","floor":1},{"not_picked":["Havoc","Hemokinesis"],"picked":"Carnage","floor":5},{"not_picked":["Anger","True Grit"],"picked":"Dropkick","floor":7},{"not_picked":["True Grit","Burning Pact"],"picked":"Second Wind","floor":8},{"not_picked":["Warcry","Armaments"],"picked":"Iron Wave","floor":11},{"not_picked":["Clothesline","Barricade"],"picked":"Wild Strike","floor":13},{"not_picked":["Sword Boomerang","Headbutt"],"picked":"Twin Strike","floor":14}],"player_experience":18505,"relics_obtained":[{"floor":8,"key":"Ancient Tea Set"},{"floor":9,"key":"Paper Frog"},{"floor":13,"key":"Toxic Egg 2"}],"event_choices":[{"cards_removed":["Defend_R"],"damage_healed":0,"gold_gain":0,"player_choice":"Card Removal","damage_taken":7,"max_hp_gain":0,"max_hp_loss":0,"event_name":"Golden Wing","floor":2,"gold_loss":0},{"cards_removed":["Defend_R"],"damage_healed":0,"gold_gain":0,"player_choice":"Forget","damage_taken":0,"max_hp_gain":0,"max_hp_loss":0,"event_name":"Living Wall","floor":3,"gold_loss":0},{"damage_healed":0,"gold_gain":0,"player_choice":"Box","damage_taken":0,"relics_obtained":["Darkstone Periapt"],"max_hp_gain":0,"max_hp_loss":0,"event_name":"Big Fish","floor":4,"gold_loss":0,"cards_obtained":["Regret"]},{"damage_healed":0,"gold_gain":30,"player_choice":"Searched \u00272\u0027 times","damage_taken":0,"max_hp_gain":0,"max_hp_loss":0,"event_name":"Dead Adventurer","floor":13,"gold_loss":0}],"is_beta":false,"boss_relics":[],"items_purged_floors":[],"is_endless":false,"potions_floor_spawned":[7,8,11],"killed_by":"The Guardian","ascension_level":0}