{"gold_per_floor":[117,42,117,92,92,118,118,143,143,154,184,202,202,212,212,308,308,319,319,234,53,53,0,0,15,41,53,73,73],"floor_reached":29,"playtime":2048,"items_purged":["Strike_B"],"score":281,"play_id":"93f9195e-9f16-4d9a-b84c-d507acf9f49f","local_time":"20190707095854","is_ascension_mode":false,"campfire_choices":[{"data":"Consume","floor":13,"key":"SMITH"},{"data":"Coolheaded","floor":15,"key":"SMITH"},{"data":"Dualcast","floor":24,"key":"SMITH"}],"neow_cost":"NONE","seed_source_timestamp":1763343795210300,"circlet_count":0,"master_deck":["Defend_B","Defend_B","Defend_B","Defend_B","Zap","Dualcast+1","Cold Snap","Coolheaded+1","Beam Cell","Consume+1","Redo","All For One","Streamline","Panache","Steam","Loop","Gash+1","Redo"],"relics":["Cracked Core","NeowsBlessing","Shuriken","Boot","Torii","Empty Cage","Ornamental Fan","Orichalcum"],"potions_floor_usage":[16,16],"damage_taken":[{"damage":0,"enemies":"2 Louse","floor":1,"turns":1},{"damage":0,"enemies":"Gremlin Nob","floor":6,"turns":1},{"damage":0,"enemies":"Lagavulin","floor":8,"turns":1},{"damage":0,"enemies":"Small Slimes","floor":10,"turns":4},{"damage":6,"enemies":"Jaw Worm","floor":12,"turns":3},{"damage":9,"enemies":"Looter","floor":14,"turns":3},{"damage":20,"enemies":"The Guardian","floor":16,"turns":14},{"damage":1,"enemies":"Spheric Guardian","floor":18,"turns":6},{"damage":28,"enemies":"2 Thieves","floor":25,"turns":5},{"damage":1,"enemies":"Snake Plant","floor":27,"turns":4},{"damage":12,"enemies":"Shelled Parasite and Fungi","floor":28,"turns":6},{"damage":21,"enemies":"Sentry and Sphere","floor":29,"turns":5}],"seed_played":"216357859439409376","potions_obtained":[{"floor":10,"key":"AttackPotion"},{"floor":12,"key":"Regen Potion"},{"floor":27,"key":"GamblersBrew"}],"is_trial":false,"path_per_floor":["M","$","?","$","?","E","?","E","T","M","?","M","R","M","R","B",null,"M","?","?","$","?","$","R","M","T","M","M","M"],"character_chosen":"DEFECT","items_purchased":["Coolheaded","Panache","Steam"],"campfire_rested":0,"item_purchase_floors":[4,21,23],"current_hp_per_floor":[75,75,64,64,64,64,64,64,64,64,64,58,58,49,49,44,75,74,74,74,74,60,60,60,32,32,31,19,0],"gold":73,"neow_bonus":"THREE_ENEMY_KILL","is_prod":false,"is_daily":false,"chose_seed":false,"campfire_upgraded":3,"win_rate":0.0,"timestamp":1562507934,"path_taken":["M","$","?","$","?","E","?","E","T","M","?","M","R","M","R","BOSS","M","?","?","$","?","$","R","M","T","M","M","M"],"build_version":"2019-07-05","purchased_purges":1,"victory":false,"max_hp_per_floor":[75,75,75,75,75,75,75,75,75,75,75,75,75,75,75,75,75,75,75,75,75,80,80,80,80,80,80,80,80],"card_choices":[{"not_picked":["Go for the Eyes","Gash"],"picked":"Cold Snap","floor":1},{"not_picked":["Rebound","Stack"],"picked":"Beam Cell","floor":6},{"not_picked":["Undo","Rip and Tear"],"picked":"Consume","floor":8},{"not_picked":["Steam Power","Hello World","Double Energy"],"picked":"SKIP","floor":10},{"not_picked":["Ball Lightning","Buffer"],"picked":"Redo","floor":12},{"not_picked":["Beam Cell","Reprogram"],"picked":"Consume","floor":14},{"not_picked":["Rainbow","Core Surge"],"picked":"All For One","floor":16},{"not_picked":["Cold Snap","Sunder+1"],"picked":"Streamline","floor":18},{"not_picked":["Streamline","Sweeping Beam"],"picked":"Loop","floor":25},{"not_picked":["Ball Lightning","Steam"],"picked":"Gash+1","floor":27},{"not_picked":["Leap+1","Beam Cell"],"picked":"Redo","floor":28}],"player_experience":95338,"relics_obtained":[{"floor":6,"key":"Shuriken"},{"floor":8,"key":"Boot"},{"floor":9,"key":"Torii"},{"floor":26,"key":"Orichalcum"}],"event_choices":[{"damage_healed":0,"gold_gain":75,"player_choice":"Gather Gold","damage_taken":11,"max_hp_gain":0,"max_hp_loss":0,"event_name":"World of Goop","floor":3,"gold_loss":0},{"damage_healed":0,"gold_gain":0,"player_choice":"Ignored","damage_taken":0,"max_hp_gain":0,"max_hp_loss":0,"event_name":"Golden Idol","floor":5,"gold_loss":0},{"cards_removed":["Strike_B"],"damage_healed":0,"gold_gain":0,"player_choice":"Forget","damage_taken":0,"max_hp_gain":0,"max_hp_loss":0,"event_name":"Living Wall","floor":7,"gold_loss":0},{"damage_healed":0,"gold_gain":30,"player_choice":"Searched \u00272\u0027 times","damage_taken":0,"max_hp_gain":0,"max_hp_loss":0,"event_name":"Dead Adventurer","floor":11,"gold_loss":0},{"cards_removed":["Strike_B"],"damage_healed":0,"gold_gain":0,"player_choice":"Elegance","damage_taken":0,"max_hp_gain":0,"max_hp_loss":0,"event_name":"Back to Basics","floor":19,"gold_loss":0},{"damage_healed":0,"gold_gain":0,"player_choice":"Obtained Relic","damage_taken":0,"relics_obtained":["Ornamental Fan"],"max_hp_gain":0,"max_hp_loss":0,"event_name":"Addict","floor":20,"gold_loss":85},{"damage_healed":0,"gold_gain":0,"player_choice":"Shed Blood","damage_taken":19,"max_hp_gain":5,"max_hp_loss":0,"event_name":"Forgotten Altar","floor":22,"gold_loss":0}],"is_beta":false,"boss_relics":[{"not_picked":["Astrolabe","Sozu"],"picked":"Empty Cage"}],"items_purged_floors":[2],"is_endless":false,"potions_floor_spawned":[10,12,27],"killed_by":"Sentry and Sphere","ascension_level":0}