{"gold_per_floor":[117,117,87,105,119,119,151,123,123,158,158,190,206,220,220,299,299,311,175,125,145,145,145,159,194,243,243,274,292,326,342,342,420,420,431,48,0,0,0,30,41,71,96,127,127,145,145,162,162,162],"floor_reached":50,"playtime":2863,"items_purged":["Normality","Parasite"],"score":1370,"play_id":"84805579-9fda-4efb-abef-306ae916b18d","local_time":"20190614042758","is_ascension_mode":true,"campfire_choices":[{"data":"Dagger Spray","floor":6.0,"key":"SMITH"},{"floor":11,"key":"REST"},{"data":"Well Laid Plans","floor":15,"key":"SMITH"},{"floor":23,"key":"REST"},{"data":"After Image","floor":27,"key":"SMITH"},{"data":"Infinite Blades","floor":32,"key":"SMITH"},{"floor":45,"key":"REST"},{"floor":47,"key":"RECALL"},{"floor":49,"key":"REST"}],"neow_cost":"NONE","seed_source_timestamp":1379207493215178,"circlet_count":0,"master_deck":["AscendersBane","Defend_G+1","Defend_G+1","Defend_G+1","Defend_G+1","Defend_G+1","Strike_G+1","Strike_G+1","Strike_G+1","Strike_G+1","Strike_G+1","Survivor","Neutralize+1","Dagger Spray+1","Quick Slash","Noxious Fumes","Adrenaline+1","Cloak And Dagger","Well Laid Plans+1","Backstab","Bane","After Image+1","Injury","Infinite Blades+1","Escape Plan","Dash+1","Cloak And Dagger","Endless Agony","PiercingWail+1","Footwork","Backflip+1","Malaise","Dodge and Roll+1","Backstab","Cloak And Dagger","Catalyst","Concentrate+1","Dagger Spray","Cloak And Dagger+1","Cloak And Dagger+1","Caltrops+1"],"special_seed":0,"relics":["Ring of the Snake","Shuriken","Gremlin Horn","Darkstone Periapt","Smiling Mask","Calling Bell","Orichalcum","Paper Crane","Bird Faced Urn","Letter Opener","Bag of Marbles","PreservedInsect","Vajra","Runic Pyramid","OrangePellets","Red Mask","Matryoshka","Mango","War Paint","Snake Skull","Boot","Question Card"],"potions_floor_usage":[10,10,16,25,28,31,48,48],"damage_taken":[{"damage":4.0,"enemies":"2 Louse","floor":1.0,"turns":3.0},{"damage":3.0,"enemies":"Cultist","floor":4.0,"turns":6.0},{"damage":0.0,"enemies":"Small Slimes","floor":5.0,"turns":3.0},{"damage":17.0,"enemies":"Gremlin Nob","floor":7.0,"turns":4.0},{"damage":1.0,"enemies":"Exordium Thugs","floor":8.0,"turns":4.0},{"damage":6,"enemies":"Lagavulin","floor":10,"turns":4},{"damage":21,"enemies":"3 Sentries","floor":12,"turns":6},{"damage":0,"enemies":"Blue Slaver","floor":13,"turns":2},{"damage":0,"enemies":"Looter","floor":14,"turns":3},{"damage":11,"enemies":"Hexaghost","floor":16,"turns":9},{"damage":36,"enemies":"Spheric Guardian","floor":18,"turns":6},{"damage":14,"enemies":"3 Byrds","floor":21,"turns":5},{"damage":19,"enemies":"Shelled Parasite and Fungi","floor":24,"turns":6},{"damage":2,"enemies":"Gremlin Leader","floor":25,"turns":6},{"damage":10,"enemies":"Book of Stabbing","floor":28,"turns":7},{"damage":7,"enemies":"Snecko","floor":29,"turns":5},{"damage":24,"enemies":"Slavers","floor":30,"turns":5},{"damage":14,"enemies":"Cultist and Chosen","floor":31,"turns":4},{"damage":21,"enemies":"Automaton","floor":33,"turns":11},{"damage":18,"enemies":"3 Darklings","floor":35,"turns":5},{"damage":16,"enemies":"Nemesis","floor":40,"turns":7},{"damage":0,"enemies":"3 Shapes","floor":41,"turns":4},{"damage":0,"enemies":"Reptomancer","floor":42,"turns":4},{"damage":71,"enemies":"Giant Head","floor":44,"turns":12},{"damage":0,"enemies":"3 Darklings","floor":46,"turns":5},{"damage":37,"enemies":"Transient","floor":48,"turns":6},{"damage":89,"enemies":"Awakened One","floor":50,"turns":21}],"seed_played":"6210708061910224134","potions_obtained":[{"floor":3.0,"key":"FearPotion"},{"floor":3.0,"key":"Energy Potion"},{"floor":4.0,"key":"PowerPotion"},{"floor":5.0,"key":"EssenceOfSteel"},{"floor":7.0,"key":"Strength Potion"},{"floor":12,"key":"AttackPotion"},{"floor":13,"key":"EssenceOfSteel"},{"floor":16,"key":"Swift Potion"},{"floor":21,"key":"Block Potion"},{"floor":30,"key":"Swift Potion"},{"floor":31,"key":"Swift Potion"},{"floor":33,"key":"Dexterity Potion"},{"floor":35,"key":"EssenceOfSteel"},{"floor":44,"key":"Fire Potion"},{"floor":46,"key":"PowerPotion"}],"is_trial":false,"path_per_floor":["M","?","?","M","M","R","E","M","T","E","R","E","M","M","R","B",null,"M","$","?","M","?","R","M","E","T","R","E","M","E","M","R","B",null,"M","$","?","T","?","E","M","E","T","E","R","M","R","M","R","B"],"character_chosen":"THE_SILENT","items_purchased":["Escape Plan","OrangePellets","Backstab","Cloak And Dagger"],"campfire_rested":4,"item_purchase_floors":[19,36,36,36],"current_hp_per_floor":[61,39,39,36,36,36,19,18,18,12,33,12,12,12,12,1,72,42,42,42,34,34,61,50,56,56,56,54,53,37,33,33,22,73,63,63,63,63,63,71,77,87,87,26,56,66,66,41,71,0],"gold":162,"neow_bonus":"TEN_PERCENT_HP_BONUS","is_prod":false,"is_daily":false,"chose_seed":false,"campfire_upgraded":4,"win_rate":0,"timestamp":1560504478,"path_taken":["M","?","?","M","M","R","E","?","T","E","R","E","M","M","R","BOSS","M","$","?","?","?","R","M","E","T","R","E","M","E","M","R","BOSS","M","$","?","?","?","E","?","E","T","E","R","M","R","M","R","BOSS"],"build_version":"2019-01-23","purchased_purges":2,"victory":false,"max_hp_per_floor":[72,72,72,72,72,72,72,72,72,72,72,72,72,72,72,72,90,90,90,90,90,90,90,90,90,90,90,90,90,90,90,90,90,90,90,87,87,87,87,101,101,101,101,101,101,101,101,101,101,101],"card_choices":[{"not_picked":["Slice","Prepared"],"picked":"Dagger Spray","floor":1.0},{"not_picked":["Flechettes","Underhanded Strike"],"picked":"Quick Slash","floor":4.0},{"not_picked":["Sucker Punch","Dodge and Roll"],"picked":"Noxious Fumes","floor":5.0},{"not_picked":["Noxious Fumes","Predator"],"picked":"Adrenaline","floor":7.0},{"not_picked":["Acrobatics","Blade Dance"],"picked":"Cloak And Dagger","floor":8.0},{"not_picked":["Deflect","Escape Plan"],"picked":"Well Laid Plans","floor":10},{"not_picked":["Grand Finale","Underhanded Strike"],"picked":"Backstab","floor":12},{"not_picked":["All Out Attack","Poisoned Stab"],"picked":"Bane","floor":13},{"not_picked":["Calculated Gamble","Dagger Spray","Blade Dance"],"picked":"SKIP","floor":14},{"not_picked":["Bullet Time","Tools of the Trade"],"picked":"After Image","floor":16},{"not_picked":["Choke","Expertise+1"],"picked":"Infinite Blades","floor":18},{"not_picked":["Dagger Throw","Outmaneuver"],"picked":"Dash+1","floor":21},{"not_picked":["Escape Plan","Outmaneuver"],"picked":"Cloak And Dagger","floor":24},{"not_picked":["Tactician","Sucker Punch"],"picked":"Endless Agony","floor":25},{"not_picked":["Blade Dance","Reflex","Sucker Punch"],"picked":"SKIP","floor":28},{"not_picked":["Predator","Envenom"],"picked":"PiercingWail","floor":29},{"not_picked":["Choke","Dash"],"picked":"Footwork","floor":30},{"not_picked":["Endless Agony","Masterful Stab+1"],"picked":"Backflip+1","floor":31},{"not_picked":["Doppelganger","Glass Knife"],"picked":"Malaise","floor":33},{"not_picked":["Heel Hook","Terror"],"picked":"Dodge and Roll+1","floor":35},{"not_picked":["Eviscerate","Dagger Spray+1"],"picked":"Catalyst","floor":40},{"not_picked":["Predator","Underhanded Strike"],"picked":"Concentrate+1","floor":41},{"not_picked":["Deadly Poison+1","Poisoned Stab"],"picked":"Dagger Spray","floor":42},{"not_picked":["Doppelganger","Prepared"],"picked":"Cloak And Dagger+1","floor":44},{"not_picked":["Sucker Punch+1","Quick Slash+1","Flying Knee"],"picked":"Cloak And Dagger+1","floor":46},{"not_picked":["Outmaneuver","Choke","Flying Knee"],"picked":"Caltrops+1","floor":48}],"player_experience":1786174,"relics_obtained":[{"floor":7.0,"key":"Shuriken"},{"floor":9.0,"key":"Gremlin Horn"},{"floor":10,"key":"Darkstone Periapt"},{"floor":12,"key":"Smiling Mask"},{"floor":17,"key":"Orichalcum"},{"floor":17,"key":"Paper Crane"},{"floor":17,"key":"Bird Faced Urn"},{"floor":25,"key":"Letter Opener"},{"floor":26,"key":"Bag of Marbles"},{"floor":28,"key":"PreservedInsect"},{"floor":30,"key":"Vajra"},{"floor":40,"key":"Mango"},{"floor":42,"key":"War Paint"},{"floor":43,"key":"Snake Skull"},{"floor":43,"key":"Boot"},{"floor":44,"key":"Question Card"}],"event_choices":[{"damage_healed":0.0,"max_hp_gain":0.0,"max_hp_loss":0.0,"gold_gain":0.0,"event_name":"Shining Light","player_choice":"Entered Light","floor":2.0,"gold_loss":0.0,"damage_taken":22.0,"cards_upgraded":["Neutralize","Strike_G"]},{"damage_healed":0.0,"max_hp_gain":0.0,"max_hp_loss":0.0,"gold_gain":0.0,"event_name":"The Woman in Blue","player_choice":"Bought 2 Potions","floor":3.0,"gold_loss":0.0,"damage_taken":0.0},{"damage_healed":0,"gold_gain":0,"player_choice":"Bet on Murderer","damage_taken":0,"max_hp_gain":0,"max_hp_loss":0,"event_name":"The Joust","floor":20,"gold_loss":50},{"damage_healed":0,"gold_gain":0,"player_choice":"Simplicity","damage_taken":0,"max_hp_gain":0,"max_hp_loss":0,"event_name":"Back to Basics","floor":22,"gold_loss":0,"cards_upgraded":["Defend_G","Defend_G","Defend_G","Defend_G","Defend_G","Strike_G","Strike_G","Strike_G","Strike_G"]},{"damage_healed":0,"gold_gain":0,"player_choice":"Paid","damage_taken":0,"relics_obtained":["Red Mask"],"max_hp_gain":0,"max_hp_loss":0,"event_name":"Tomb of Lord Red Mask","floor":37,"gold_loss":48},{"damage_healed":0,"gold_gain":0,"player_choice":"Gave Potion","damage_taken":0,"relics_obtained":["Matryoshka"],"max_hp_gain":0,"max_hp_loss":0,"event_name":"WeMeetAgain","floor":39,"gold_loss":0}],"is_beta":false,"boss_relics":[{"not_picked":["HoveringKite","Velvet Choker"],"picked":"Calling Bell"},{"not_picked":["Black Star","Coffee Dripper"],"picked":"Runic Pyramid"}],"items_purged_floors":[19,36],"is_endless":false,"potions_floor_spawned":[4,5,7,8,12,13,16,18,21,30,31,33,35,44,46],"killed_by":"Awakened One","ascension_level":20}