{"gold_per_floor":[112,112,37,37,62,100,100,121,121,165,165,181,214,229,229,328,328,353,373,373,17,17,17,61,79,126,126,141,160,210,243,243,333,333,348,1,14,39,39,82,82,125,125,125,150,171,11,77,77,77,77,77,77,35,68,68],"floor_reached":56,"playtime":26064,"items_purged":["Strike_B","Writhe","Parasite"],"score":1980,"play_id":"62a7266f-e7aa-431e-bc4e-3ee927b93f7d","local_time":"20190607215526","is_ascension_mode":true,"campfire_choices":[{"data":"Sunder","floor":7.0,"key":"SMITH"},{"floor":11.0,"key":"REST"},{"floor":15.0,"key":"REST"},{"data":"Zap","floor":23.0,"key":"SMITH"},{"data":"Creative AI","floor":27.0,"key":"SMITH"},{"data":"Fission","floor":32.0,"key":"SMITH"},{"data":"Fusion","floor":41.0,"key":"SMITH"},{"floor":44,"key":"RECALL"},{"data":"Seek","floor":49,"key":"SMITH"},{"data":"Buffer","floor":53,"key":"SMITH"}],"neow_cost":"NONE","seed_source_timestamp":0,"circlet_count":0,"master_deck":["AscendersBane","Defend_B","Defend_B+1","Defend_B","Defend_B","Zap+1","Dualcast","Sunder+1","Capacitor","Biased Cognition","Self Repair","Rainbow","Barrage","Leap","Hologram+1","Compile Driver","Melter","Electrodynamics","Ball Lightning","White Noise+1","Self Repair","Force Field","Defragment","Core Surge","Creative AI+1","Cold Snap+1","Coolheaded","Fission+1","Glacier+1","Buffer+1","Darkness+1","Fusion+1","Capacitor","Coolheaded+1","Hologram+1","Seek+1","Defragment","Conserve Battery+1","Core Surge"],"special_seed":0,"relics":["Cracked Core","NeowsBlessing","Golden Idol","Prayer Wheel","Darkstone Periapt","Du-Vu Doll","Vajra","Calling Bell","War Paint","Question Card","Bird Faced Urn","Membership Card","Blood Vial","Sundial","Potion Belt","Smiling Mask","Nuclear Battery","DataDisk","Singing Bowl","Symbiotic Virus","Ancient Tea Set","Mummified Hand","StoneCalendar","Boot"],"potions_floor_usage":[55,56,56],"damage_taken":[{"damage":0.0,"enemies":"2 Louse","floor":1.0,"turns":1.0},{"damage":0.0,"enemies":"Jaw Worm","floor":5.0,"turns":1.0},{"damage":0.0,"enemies":"Gremlin Nob","floor":6.0,"turns":1.0},{"damage":1.0,"enemies":"Cultist","floor":8.0,"turns":3.0},{"damage":41.0,"enemies":"Lagavulin","floor":10.0,"turns":8.0},{"damage":12.0,"enemies":"Lots of Slimes","floor":12.0,"turns":2.0},{"damage":30.0,"enemies":"Gremlin Nob","floor":13.0,"turns":4.0},{"damage":12.0,"enemies":"2 Fungi Beasts","floor":14.0,"turns":3.0},{"damage":23.0,"enemies":"The Guardian","floor":16.0,"turns":9.0},{"damage":18.0,"enemies":"3 Byrds","floor":18.0,"turns":3.0},{"damage":27.0,"enemies":"Chosen","floor":19.0,"turns":5.0},{"damage":23.0,"enemies":"Book of Stabbing","floor":24.0,"turns":3.0},{"damage":17.0,"enemies":"Snecko","floor":25.0,"turns":5.0},{"damage":21.0,"enemies":"Centurion and Healer","floor":28.0,"turns":6.0},{"damage":15.0,"enemies":"Snake Plant","floor":29.0,"turns":4.0},{"damage":35.0,"enemies":"Gremlin Leader","floor":31.0,"turns":6.0},{"damage":11.0,"enemies":"Champ","floor":33.0,"turns":11.0},{"damage":1.0,"enemies":"3 Shapes","floor":35.0,"turns":4.0},{"damage":4.0,"enemies":"Orb Walker","floor":37.0,"turns":4.0},{"damage":7.0,"enemies":"Maw","floor":38.0,"turns":7.0},{"damage":6.0,"enemies":"Giant Head","floor":40.0,"turns":9.0},{"damage":45.0,"enemies":"Nemesis","floor":42.0,"turns":9.0},{"damage":15,"enemies":"Writhing Mass","floor":45,"turns":7},{"damage":0,"enemies":"Sphere and 2 Shapes","floor":46,"turns":6},{"damage":0,"enemies":"2 Orb Walkers","floor":48,"turns":4},{"damage":15,"enemies":"Time Eater","floor":50,"turns":12},{"damage":34,"enemies":"Donu and Deca","floor":51,"turns":6},{"damage":93,"enemies":"Shield and Spear","floor":55,"turns":7},{"damage":46,"enemies":"The Heart","floor":56,"turns":2}],"seed_played":"-3827892371298054164","potions_obtained":[{"floor":6.0,"key":"LiquidBronze"},{"floor":8.0,"key":"SneckoOil"},{"floor":10.0,"key":"Explosive Potion"},{"floor":14.0,"key":"Energy Potion"},{"floor":18.0,"key":"Fire Potion"},{"floor":19.0,"key":"SkillPotion"},{"floor":25.0,"key":"Explosive Potion"},{"floor":33.0,"key":"Explosive Potion"},{"floor":37.0,"key":"PowerPotion"},{"floor":42.0,"key":"FearPotion"},{"floor":48,"key":"SteroidPotion"},{"floor":55,"key":"Poison Potion"}],"is_trial":false,"path_per_floor":["M","?","$","?","M","E","R","M","T","E","R","M","E","M","R","B",null,"M","M","?","$","?","R","E","M","T","R","M","M","?","E","R","B",null,"M","$","M","M","?","E","R","E","T","R","M","M","$","?","R","B","B",null,"R","$","E","B"],"character_chosen":"DEFECT","items_purchased":["Membership Card","Blood Vial","DataDisk","SteroidPotion","Singing Bowl","Fusion","Mummified Hand","PowerPotion","Core Surge"],"campfire_rested":2,"item_purchase_floors":[21,21,36,36,36,36,47,47,54],"current_hp_per_floor":[64,64,64,64,64,64,64,63,63,29,48,36,13,8,27,11,69,66,56,56,56,56,56,45,62,62,62,66,77,77,69,69,82,82,82,79,83,83,83,83,83,72,72,72,85,89,89,89,89,89,89,89,89,89,32,0],"gold":68,"neow_bonus":"THREE_ENEMY_KILL","is_prod":false,"is_daily":false,"chose_seed":false,"campfire_upgraded":7,"win_rate":0,"timestamp":1559962526,"path_taken":["M","?","$","?","?","E","R","M","T","E","R","?","E","M","R","BOSS","M","M","?","$","?","R","E","M","T","R","M","?","?","E","R","BOSS","M","$","M","M","?","E","R","E","T","R","M","M","?","?","R","BOSS","BOSS","R","$","E","BOSS"],"build_version":"2019-01-23","purchased_purges":3,"victory":false,"max_hp_per_floor":[71,64,64,64,64,64,64,64,64,64,64,64,64,64,64,64,82,82,82,82,82,82,82,82,82,82,82,82,82,82,82,82,82,82,82,79,83,83,83,83,83,83,83,83,85,89,89,89,89,89,89,89,89,89,91,91],"card_choices":[{"not_picked":["Steam","Streamline","Beam Cell"],"picked":"SKIP","floor":1.0},{"not_picked":["Go for the Eyes","Heatsinks"],"picked":"Sunder","floor":5.0},{"not_picked":["Reinforced Body","Steam"],"picked":"Capacitor","floor":6.0},{"not_picked":["Coolheaded","Static Discharge"],"picked":"Biased Cognition","floor":8.0},{"not_picked":["Reinforced Body","Force Field"],"picked":"Self Repair","floor":8.0},{"not_picked":["Steam","Compile Driver"],"picked":"Rainbow","floor":10.0},{"not_picked":["Redo","Lockon"],"picked":"Barrage","floor":12.0},{"not_picked":["Self Repair","Stack"],"picked":"Leap","floor":12.0},{"not_picked":["Creative AI","Fusion"],"picked":"Hologram","floor":13.0},{"not_picked":["Undo","Go for the Eyes"],"picked":"Compile Driver","floor":14.0},{"not_picked":["Beam Cell","Sweeping Beam"],"picked":"Melter","floor":14.0},{"not_picked":["Creative AI","All For One"],"picked":"Electrodynamics","floor":16.0},{"not_picked":["Turbo","Leap","Barrage"],"picked":"Ball Lightning","floor":18.0},{"not_picked":["Beam Cell","Machine Learning","Go for the Eyes"],"picked":"White Noise+1","floor":18.0},{"not_picked":["Consume","Aggregate","White Noise+1"],"picked":"Self Repair","floor":19.0},{"not_picked":["Beam Cell","Barrage","Streamline"],"picked":"Force Field","floor":19.0},{"not_picked":["Loop","Scrape","Sweeping Beam"],"picked":"Core Surge","floor":24.0},{"not_picked":["Storm","Lockon","Streamline+1"],"picked":"Creative AI","floor":25.0},{"not_picked":["Barrage","Rebound","Leap","Reinforced Body"],"picked":"SKIP","floor":25.0},{"not_picked":["Go for the Eyes","Sweeping Beam+1","Leap"],"picked":"Cold Snap+1","floor":28.0},{"not_picked":["Chill","Beam Cell","Steam"],"picked":"Coolheaded","floor":28.0},{"not_picked":["Rebound","Conserve Battery","Fusion"],"picked":"Fission","floor":29.0},{"not_picked":["Barrage","Cold Snap+1","Stack"],"picked":"Glacier+1","floor":29.0},{"not_picked":["Leap","Steam","Meteor Strike","Turbo"],"picked":"SKIP","floor":31.0},{"not_picked":["All For One","Machine Learning","Electrodynamics"],"picked":"Buffer","floor":33.0},{"not_picked":["Stack+1","Streamline","Turbo+1"],"picked":"Darkness+1","floor":35.0},{"not_picked":["Cold Snap","Stack","Gash+1","Reinforced Body"],"picked":"SKIP","floor":35.0},{"not_picked":["Barrage+1","Leap","Rebound+1","Force Field"],"picked":"Singing Bowl","floor":37.0},{"not_picked":["Cold Snap+1","Stack","Auto Shields","Multi-Cast"],"picked":"Singing Bowl","floor":37.0},{"not_picked":["Hologram","Steam+1","Tempest+1"],"picked":"Capacitor","floor":38.0},{"not_picked":["Streamline","Rebound","Defragment"],"picked":"Coolheaded+1","floor":38.0},{"not_picked":["Steam Power","Sunder","Leap+1"],"picked":"Hologram+1","floor":40.0},{"not_picked":["Hologram","Steam","Fusion"],"picked":"Seek","floor":42.0},{"not_picked":["Compile Driver","Hologram","Genetic Algorithm"],"picked":"Defragment","floor":45},{"not_picked":["Consume","Streamline","Rip and Tear","Tempest"],"picked":"Singing Bowl","floor":45},{"not_picked":["Gash","Redo","Self Repair","Genetic Algorithm"],"picked":"Singing Bowl","floor":46},{"not_picked":["Blizzard","Scrape","Hologram","Beam Cell+1"],"picked":"Singing Bowl","floor":46},{"not_picked":["Tempest","Fusion","Rebound+1"],"picked":"Conserve Battery+1","floor":48},{"not_picked":["Electrodynamics","Self Repair","Reprogram","Leap"],"picked":"Singing Bowl","floor":55}],"player_experience":1688480,"relics_obtained":[{"floor":6.0,"key":"Prayer Wheel"},{"floor":9.0,"key":"Darkstone Periapt"},{"floor":10.0,"key":"Du-Vu Doll"},{"floor":13.0,"key":"Vajra"},{"floor":17.0,"key":"War Paint"},{"floor":17.0,"key":"Question Card"},{"floor":17.0,"key":"Bird Faced Urn"},{"floor":24.0,"key":"Sundial"},{"floor":26.0,"key":"Potion Belt"},{"floor":31.0,"key":"Smiling Mask"},{"floor":40.0,"key":"Ancient Tea Set"},{"floor":48,"key":"StoneCalendar"},{"floor":55,"key":"Boot"}],"event_choices":[{"damage_healed":0.0,"max_hp_gain":0.0,"max_hp_loss":7.0,"gold_gain":0.0,"event_name":"Golden Idol","player_choice":"Lose Max HP","floor":2.0,"gold_loss":0.0,"damage_taken":0.0,"relics_obtained":["Golden Idol"]},{"cards_removed":["Strike_B"],"damage_healed":0.0,"max_hp_gain":0.0,"max_hp_loss":0.0,"gold_gain":0.0,"event_name":"Bonfire Elementals","player_choice":"Offered Basic","floor":4.0,"gold_loss":0.0,"damage_taken":0.0},{"damage_healed":0.0,"max_hp_gain":0.0,"max_hp_loss":0.0,"gold_gain":0.0,"cards_transformed":["Strike_B","Strike_B"],"event_name":"Drug Dealer","player_choice":"Became Test Subject","floor":20.0,"gold_loss":0.0,"damage_taken":0.0,"cards_obtained":["Defragment","FTL"]},{"cards_removed":["Shame"],"damage_healed":0.0,"max_hp_gain":0.0,"max_hp_loss":0.0,"gold_gain":0.0,"event_name":"Wheel of Change","player_choice":"Card Removal","floor":22.0,"gold_loss":0.0,"damage_taken":0.0},{"damage_healed":0.0,"max_hp_gain":0.0,"max_hp_loss":0.0,"gold_gain":50.0,"event_name":"Nest","player_choice":"Stole From Cult","floor":30.0,"gold_loss":0.0,"damage_taken":0.0},{"cards_removed":["FTL"],"damage_healed":0.0,"max_hp_gain":0.0,"max_hp_loss":0.0,"gold_gain":0.0,"event_name":"WeMeetAgain","player_choice":"Gave Card","floor":39.0,"gold_loss":0.0,"damage_taken":0.0,"relics_obtained":["Symbiotic Virus"]},{"damage_healed":0,"gold_gain":0,"player_choice":"Fight","damage_taken":0,"max_hp_gain":0,"max_hp_loss":0,"event_name":"Mysterious Sphere","floor":48,"gold_loss":0}],"is_beta":false,"boss_relics":[{"not_picked":["Tiny House","Runic Pyramid"],"picked":"Calling Bell"},{"not_picked":["Pandora\u0027s Box","Empty Cage"],"picked":"Nuclear Battery"}],"items_purged_floors":[3,21,36],"is_endless":false,"potions_floor_spawned":[6,8,10,14,18,19,25,33,37,42,48,55],"killed_by":"The Heart","ascension_level":20}