{"gold_per_floor":[114,264,264,278,2,2,27,37,37,37,57,83,102,132,132,205,205,221,237,251,263,276,106,106,123,123,136,163,163,198,217,217,296,296,313,328,328,328,328,328,342,374,442,468,743,743,72,87,87,87],"floor_reached":50,"playtime":3231,"items_purged":["Doubt","Strike_B","Regret"],"score":1253,"play_id":"35a5e75f-2310-4a5d-b02e-c37c6436e079","local_time":"20190627034143","is_ascension_mode":true,"campfire_choices":[{"data":"Zap","floor":6,"key":"SMITH"},{"data":"Sunder","floor":15,"key":"SMITH"},{"data":"Fission","floor":24,"key":"SMITH"},{"floor":29,"key":"REST"},{"data":"Blizzard","floor":32,"key":"SMITH"},{"floor":40,"key":"RECALL"},{"floor":49,"key":"REST"}],"neow_cost":"NONE","seed_source_timestamp":230721923578174,"circlet_count":0,"master_deck":["AscendersBane","Strike_B","Strike_B","Defend_B","Defend_B","Defend_B","Defend_B","Zap+1","Dualcast","Coolheaded","Self Repair","Seek","Ball Lightning","Self Repair","Sunder+1","Consume","Seek","Fission+1","Steam","Genetic Algorithm","Coolheaded","Leap+1","Coolheaded","Doom and Gloom","Conserve Battery","Chill","Conserve Battery","Chill","Blizzard+1","Buffer","Coolheaded","Coolheaded","Dark Shackles","Dark Shackles","Parasite","Beam Cell+1","Capacitor+1","Rainbow+1","Hologram+1","Multi-Cast+1","Chrysalis+1","Fusion+1"],"relics":["Cracked Core","NeowsBlessing","Anchor","Pear","The Courier","Happy Flower","Bag of Preparation","Runic Pyramid","Mercury Hourglass","Orichalcum","StoneCalendar","Philosopher\u0027s Stone","Juzu Bracelet","Toxic Egg 2","Bag of Marbles","Oddly Smooth Stone"],"potions_floor_usage":[14,16,22,28,33,44],"damage_taken":[{"damage":0,"enemies":"Cultist","floor":1,"turns":1},{"damage":0,"enemies":"Jaw Worm","floor":4,"turns":1},{"damage":0,"enemies":"Gremlin Nob","floor":7,"turns":1},{"damage":1,"enemies":"2 Louse","floor":8,"turns":3},{"damage":18,"enemies":"Gremlin Gang","floor":11,"turns":4},{"damage":0,"enemies":"Blue Slaver","floor":13,"turns":4},{"damage":7,"enemies":"3 Sentries","floor":14,"turns":7},{"damage":21,"enemies":"Slime Boss","floor":16,"turns":6},{"damage":14,"enemies":"2 Thieves","floor":18,"turns":4},{"damage":6,"enemies":"Spheric Guardian","floor":19,"turns":6},{"damage":36,"enemies":"Chosen and Byrds","floor":20,"turns":7},{"damage":20,"enemies":"Snake Plant","floor":21,"turns":6},{"damage":27,"enemies":"3 Cultists","floor":22,"turns":8},{"damage":23,"enemies":"Chosen and Byrds","floor":25,"turns":7},{"damage":5,"enemies":"Snake Plant","floor":27,"turns":4},{"damage":23,"enemies":"Book of Stabbing","floor":28,"turns":6},{"damage":2,"enemies":"Slavers","floor":30,"turns":6},{"damage":1,"enemies":"Centurion and Healer","floor":31,"turns":7},{"damage":17,"enemies":"Collector","floor":33,"turns":11},{"damage":1,"enemies":"3 Darklings","floor":35,"turns":6},{"damage":0,"enemies":"Orb Walker","floor":36,"turns":4},{"damage":0,"enemies":"Writhing Mass","floor":41,"turns":6},{"damage":36,"enemies":"Nemesis","floor":42,"turns":11},{"damage":38,"enemies":"Giant Head","floor":44,"turns":11},{"damage":21,"enemies":"Jaw Worm Horde","floor":48,"turns":6},{"damage":89,"enemies":"Time Eater","floor":50,"turns":14}],"seed_played":"-282946109599755915","potions_obtained":[{"floor":7,"key":"Fire Potion"},{"floor":11,"key":"EssenceOfSteel"},{"floor":16,"key":"FocusPotion"},{"floor":19,"key":"Energy Potion"},{"floor":20,"key":"Dexterity Potion"},{"floor":28,"key":"Weak Potion"},{"floor":33,"key":"FocusPotion"},{"floor":42,"key":"Strength Potion"},{"floor":44,"key":"FairyPotion"}],"is_trial":false,"path_per_floor":["M","?","?","M","$","R","E","M","T","?","M","T","M","E","R","B",null,"M","M","M","M","M","$","R","M","T","M","E","R","E","M","R","B",null,"M","M","?","?","?","R","M","E","T","E","?","?","$","M","R","B"],"character_chosen":"DEFECT","items_purchased":["Self Repair","Seek","Doom and Gloom","Conserve Battery","Hologram+1","Bag of Marbles","Oddly Smooth Stone","Multi-Cast+1","Chrysalis+1"],"campfire_rested":2,"item_purchase_floors":[5,5,23,23,47,47,47,47,47],"current_hp_per_floor":[64,64,64,64,64,64,74,80,80,80,76,76,81,81,81,67,78,78,79,57,51,38,38,38,29,29,38,29,53,65,78,78,75,80,81,81,71,71,71,71,81,59,59,35,35,35,35,28,51,0],"gold":87,"neow_bonus":"THREE_ENEMY_KILL","is_prod":false,"is_daily":false,"chose_seed":false,"campfire_upgraded":4,"win_rate":0,"timestamp":1561624903,"path_taken":["M","?","?","?","$","R","E","M","T","?","?","?","M","E","R","BOSS","M","?","?","M","M","$","R","M","T","M","E","R","E","M","R","BOSS","M","M","?","?","?","R","M","E","T","E","?","?","$","M","R","BOSS"],"build_version":"2019-06-24","purchased_purges":3,"victory":false,"max_hp_per_floor":[71,71,71,71,71,71,81,81,81,81,81,81,81,81,81,81,81,81,81,81,81,81,81,81,81,81,81,81,81,81,81,81,81,81,81,81,81,81,81,81,81,81,81,81,81,77,77,77,77,77],"card_choices":[{"not_picked":["Hologram","Conserve Battery"],"picked":"Gash","floor":1},{"not_picked":["Gash","Leap"],"picked":"Coolheaded","floor":4},{"not_picked":["Force Field","Beam Cell"],"picked":"Ball Lightning","floor":7},{"not_picked":["Rebound","Leap"],"picked":"Self Repair","floor":8},{"not_picked":["Go for the Eyes","Rebound"],"picked":"Consume","floor":11},{"not_picked":["Self Repair","Leap"],"picked":"Seek","floor":13},{"not_picked":["Turbo","Sweeping Beam"],"picked":"Defragment","floor":14},{"not_picked":["Multi-Cast","Reboot"],"picked":"Fission","floor":16},{"not_picked":["Leap","Hello World"],"picked":"Steam","floor":18},{"not_picked":["Barrage","Rebound"],"picked":"Genetic Algorithm","floor":19},{"not_picked":["Go for the Eyes","Reinforced Body"],"picked":"Coolheaded","floor":20},{"not_picked":["Meteor Strike","Stack","Leap+1"],"picked":"SKIP","floor":21},{"not_picked":["Meteor Strike","Stack"],"picked":"Leap+1","floor":21},{"not_picked":["Scrape","Ball Lightning"],"picked":"Coolheaded","floor":22},{"not_picked":["Cold Snap","Reprogram","Gash"],"picked":"SKIP","floor":25},{"not_picked":["Defragment","Leap"],"picked":"Chill","floor":27},{"not_picked":["Sweeping Beam+1","Compile Driver"],"picked":"Conserve Battery","floor":28},{"not_picked":["Melter","Reboot"],"picked":"Chill","floor":30},{"not_picked":["Defragment","Redo"],"picked":"Blizzard","floor":31},{"not_picked":["Thunder Strike","Seek"],"picked":"Buffer","floor":33},{"not_picked":["White Noise","Ball Lightning+1"],"picked":"Coolheaded","floor":35},{"not_picked":["Steam","Cold Snap"],"picked":"Coolheaded","floor":36},{"not_picked":["Dramatic Entrance","Forethought"],"picked":"Dark Shackles","floor":37},{"not_picked":["Purity","PanicButton"],"picked":"Dark Shackles","floor":37},{"not_picked":["Sunder+1","Stack"],"picked":"Beam Cell+1","floor":41},{"not_picked":["Consume","Static Discharge+1"],"picked":"Capacitor+1","floor":42},{"not_picked":["Undo+1","Hello World"],"picked":"Rainbow","floor":44},{"not_picked":["Ball Lightning","Gash"],"picked":"Fusion+1","floor":48}],"player_experience":1576757,"relics_obtained":[{"floor":7,"key":"Pear"},{"floor":9,"key":"The Courier"},{"floor":12,"key":"Happy Flower"},{"floor":14,"key":"Bag of Preparation"},{"floor":26,"key":"Mercury Hourglass"},{"floor":28,"key":"Orichalcum"},{"floor":30,"key":"StoneCalendar"},{"floor":42,"key":"Juzu Bracelet"},{"floor":44,"key":"Toxic Egg 2"}],"event_choices":[{"damage_healed":0,"gold_gain":150,"player_choice":"AGREE","damage_taken":0,"max_hp_gain":0,"max_hp_loss":0,"event_name":"Liars Game","floor":2,"gold_loss":0,"cards_obtained":["Doubt"]},{"cards_removed":["Gash"],"damage_healed":0,"gold_gain":0,"player_choice":"Gave Card","damage_taken":0,"relics_obtained":["Anchor"],"max_hp_gain":0,"max_hp_loss":0,"event_name":"WeMeetAgain","floor":3,"gold_loss":0},{"damage_healed":0,"gold_gain":0,"cards_transformed":["Strike_B"],"player_choice":"Transformed","damage_taken":0,"max_hp_gain":0,"max_hp_loss":0,"event_name":"Transmorgrifier","floor":10,"gold_loss":0,"cards_obtained":["Sunder"]},{"damage_healed":0,"gold_gain":0,"player_choice":"Memory 3","damage_taken":10,"max_hp_gain":0,"max_hp_loss":0,"event_name":"SensoryStone","floor":37,"gold_loss":0},{"damage_healed":0,"gold_gain":0,"player_choice":"Ignored","damage_taken":0,"max_hp_gain":0,"max_hp_loss":0,"event_name":"Tomb of Lord Red Mask","floor":38,"gold_loss":0},{"cards_removed":["Defragment"],"damage_healed":0,"gold_gain":0,"player_choice":"Removed Power","damage_taken":0,"max_hp_gain":0,"max_hp_loss":0,"event_name":"Falling","floor":39,"gold_loss":0},{"damage_healed":0,"gold_gain":275,"player_choice":"Desecrate","damage_taken":0,"max_hp_gain":0,"max_hp_loss":0,"event_name":"Golden Shrine","floor":45,"gold_loss":0,"cards_obtained":["Regret"]},{"damage_healed":0,"gold_gain":0,"player_choice":"Max HP","damage_taken":0,"max_hp_gain":0,"max_hp_loss":4,"event_name":"Winding Halls","floor":46,"gold_loss":0}],"is_beta":true,"boss_relics":[{"not_picked":["Astrolabe","Velvet Choker"],"picked":"Runic Pyramid"},{"not_picked":["Runic Dome","Nuclear Battery"],"picked":"Philosopher\u0027s Stone"}],"items_purged_floors":[5,23,47],"is_endless":false,"potions_floor_spawned":[7,11,13,16,19,20,28,33,42,44,48],"killed_by":"Time Eater","ascension_level":19}