{"gold_per_floor":[119,134,134,150,164,164,193,207,207,207,224,224,256,256,256,329,329,329,329,254,254,254,254,254,254,254,4,4,4,4,4,4,4,4,4,4,4,4,4,4,4,4,4,4,4,4,4,4,4,4],"floor_reached":51,"playtime":3536,"items_purged":[],"score":1266,"play_id":"ce868bcc-818f-43eb-a1e1-08164db36be7","local_time":"20190712195402","is_ascension_mode":true,"campfire_choices":[{"data":"Sucker Punch","floor":6.0,"key":"SMITH"},{"data":"Deadly Poison","floor":15.0,"key":"SMITH"},{"data":"Malaise","floor":23.0,"key":"SMITH"},{"data":"Dodge and Roll","floor":25.0,"key":"SMITH"},{"floor":32.0,"key":"REST"},{"data":"Malaise","floor":40.0,"key":"SMITH"},{"data":"A Thousand Cuts","floor":41.0,"key":"SMITH"},{"data":"Dodge and Roll","floor":45.0,"key":"SMITH"},{"data":"Dodge and Roll","floor":47.0,"key":"SMITH"},{"data":"Catalyst","floor":49,"key":"SMITH"}],"neow_cost":"NONE","seed_source_timestamp":40498408878921,"circlet_count":0,"master_deck":["AscendersBane","Strike_G","Strike_G","Defend_G","Defend_G","Defend_G","Defend_G","Defend_G","Survivor","Neutralize","Adrenaline","Backflip","Poisoned Stab","Sucker Punch+1","Poisoned Stab","Malaise+1","Footwork","Deadly Poison+1","Dodge and Roll+1","After Image","Backflip","Dagger Spray","Dodge and Roll+1","RitualDagger","Dodge and Roll+1","A Thousand Cuts+1","Cloak And Dagger","Malaise+1","Sucker Punch+1","Cloak And Dagger+1","PiercingWail","Bandage Up","Catalyst+1"],"special_seed":0,"relics":["Ring of the Snake","Vajra","Meat on the Bone","StoneCalendar","WingedGreaves","Ectoplasm","Ornamental Fan","Juzu Bracelet","PreservedInsect","Bag of Marbles","Bottled Flame","Velvet Choker","Bird Faced Urn","Anchor","Paper Crane","Centennial Puzzle"],"potions_floor_usage":[50],"damage_taken":[{"damage":4.0,"enemies":"Small Slimes","floor":1.0,"turns":4.0},{"damage":0.0,"enemies":"Jaw Worm","floor":2.0,"turns":5.0},{"damage":0.0,"enemies":"2 Louse","floor":4.0,"turns":2.0},{"damage":2.0,"enemies":"Large Slime","floor":5.0,"turns":7.0},{"damage":2.0,"enemies":"Lagavulin","floor":7.0,"turns":5.0},{"damage":12.0,"enemies":"Gremlin Gang","floor":8.0,"turns":5.0},{"damage":17.0,"enemies":"Exordium Wildlife","floor":11.0,"turns":6.0},{"damage":11.0,"enemies":"3 Sentries","floor":13.0,"turns":7.0},{"damage":0.0,"enemies":"3 Louse","floor":14.0,"turns":1.0},{"damage":22.0,"enemies":"Slime Boss","floor":16.0,"turns":7.0},{"damage":4.0,"enemies":"Shell Parasite","floor":18.0,"turns":6.0},{"damage":0.0,"enemies":"Chosen","floor":21.0,"turns":5.0},{"damage":23.0,"enemies":"Gremlin Leader","floor":24.0,"turns":8.0},{"damage":6.0,"enemies":"Slavers","floor":29.0,"turns":7.0},{"damage":16.0,"enemies":"Snake Plant","floor":31.0,"turns":5.0},{"damage":45.0,"enemies":"Automaton","floor":33.0,"turns":14.0},{"damage":7.0,"enemies":"3 Darklings","floor":35.0,"turns":7.0},{"damage":0.0,"enemies":"Mind Bloom Boss Battle","floor":36.0,"turns":7.0},{"damage":28.0,"enemies":"3 Shapes","floor":39.0,"turns":4.0},{"damage":15.0,"enemies":"Spire Growth","floor":42.0,"turns":7.0},{"damage":5,"enemies":"Reptomancer","floor":48,"turns":7},{"damage":16,"enemies":"Donu and Deca","floor":50,"turns":13}],"seed_played":"-4483327204613305322","potions_obtained":[{"floor":1.0,"key":"Explosive Potion"},{"floor":5.0,"key":"Block Potion"},{"floor":7.0,"key":"Block Potion"},{"floor":11.0,"key":"SmokeBomb"},{"floor":13.0,"key":"SpeedPotion"},{"floor":18.0,"key":"Ancient Potion"},{"floor":24.0,"key":"FearPotion"},{"floor":31.0,"key":"SpeedPotion"},{"floor":33.0,"key":"Dexterity Potion"},{"floor":35.0,"key":"PowerPotion"},{"floor":42.0,"key":"Fruit Juice"},{"floor":48,"key":"PowerPotion"}],"is_trial":false,"path_per_floor":["M","M","?","M","M","R","E","M","T","?","M","?","E","M","R","B",null,"M","?","?","M","T","R","E","R","T","$","?","E","?","M","R","B",null,"M","?","?","$","M","R","R","M","T","T","R","?","R","E","R","B",null],"character_chosen":"THE_SILENT","items_purchased":["Dodge and Roll","Bag of Marbles","Fire Potion"],"campfire_rested":1,"item_purchase_floors":[27,27,27],"current_hp_per_floor":[55,55,50,50,48,48,46,34,34,27,22,22,23,35,35,25,56,52,34,34,46,46,46,35,35,35,35,29,35,35,31,52,19,58,51,51,51,51,39,39,39,49,49,49,49,49,49,54,54,50],"gold":4,"neow_bonus":"ONE_RANDOM_RARE_CARD","is_prod":false,"is_daily":false,"chose_seed":false,"campfire_upgraded":9,"win_rate":0,"timestamp":1562979242,"path_taken":["M","M","?","M","M","R","E","M","T","?","M","?","E","M","R","BOSS","M","?","?","M","?","R","E","R","T","$","?","E","?","M","R","BOSS","M","?","?","$","M","R","R","M","T","?","R","?","R","E","R","BOSS"],"build_version":"2019-07-05","purchased_purges":0,"victory":true,"max_hp_per_floor":[66,66,66,66,66,66,66,66,66,66,66,66,66,66,66,66,66,66,71,71,71,71,71,71,71,71,71,71,71,71,71,71,71,71,71,71,71,71,71,71,71,76,76,76,76,76,76,76,76,76],"card_choices":[{"not_picked":["Terror","Outmaneuver"],"picked":"Backflip","floor":1.0},{"not_picked":["Outmaneuver","Deflect"],"picked":"Poisoned Stab","floor":2.0},{"not_picked":["Dodge and Roll","Acrobatics"],"picked":"Sucker Punch","floor":4.0},{"not_picked":["Terror","Sucker Punch"],"picked":"Poisoned Stab","floor":5.0},{"not_picked":["Endless Agony","Backflip"],"picked":"Malaise","floor":7.0},{"not_picked":["Noxious Fumes","PiercingWail"],"picked":"Footwork","floor":8.0},{"not_picked":["Choke","Slice"],"picked":"Deadly Poison","floor":11.0},{"not_picked":["Deflect","Flying Knee"],"picked":"Dodge and Roll","floor":13.0},{"not_picked":["Doppelganger","A Thousand Cuts"],"picked":"After Image","floor":16.0},{"not_picked":["Masterful Stab","Bane"],"picked":"Backflip","floor":18.0},{"not_picked":["Blade Dance","Dash","Bane"],"picked":"SKIP","floor":21.0},{"not_picked":["Choke+1","Underhanded Strike"],"picked":"Dagger Spray","floor":24.0},{"not_picked":["Flying Knee","Quick Slash"],"picked":"Dodge and Roll","floor":29.0},{"not_picked":["Outmaneuver","Choke+1"],"picked":"Cloak And Dagger","floor":31.0},{"not_picked":["Night Terror","A Thousand Cuts"],"picked":"Malaise","floor":33.0},{"not_picked":["Acrobatics","Poisoned Stab"],"picked":"Sucker Punch+1","floor":35.0},{"not_picked":["Flying Knee","Dash"],"picked":"Cloak And Dagger+1","floor":36.0},{"not_picked":["All Out Attack","Cloak And Dagger+1"],"picked":"PiercingWail","floor":39.0},{"not_picked":["Outmaneuver","Dodge and Roll","Sucker Punch+1"],"picked":"SKIP","floor":42.0},{"not_picked":["The Bomb","Dramatic Entrance"],"picked":"Bandage Up","floor":46.0},{"not_picked":["Cloak And Dagger+1","Infinite Blades"],"picked":"Catalyst","floor":48}],"player_experience":179255,"relics_obtained":[{"floor":7.0,"key":"Meat on the Bone"},{"floor":9.0,"key":"StoneCalendar"},{"floor":13.0,"key":"WingedGreaves"},{"floor":22.0,"key":"Ornamental Fan"},{"floor":24.0,"key":"Juzu Bracelet"},{"floor":26.0,"key":"PreservedInsect"},{"floor":29.0,"key":"Bottled Flame"},{"floor":36.0,"key":"Bird Faced Urn"},{"floor":43.0,"key":"Anchor"},{"floor":44.0,"key":"Paper Crane"},{"floor":48,"key":"Centennial Puzzle"}],"event_choices":[{"damage_healed":0.0,"max_hp_gain":0.0,"max_hp_loss":0.0,"gold_gain":0.0,"event_name":"Scrap Ooze","player_choice":"Success","floor":3.0,"gold_loss":0.0,"damage_taken":5.0,"relics_obtained":["Vajra"]},{"cards_removed":["Strike_G"],"damage_healed":0.0,"max_hp_gain":0.0,"max_hp_loss":0.0,"gold_gain":0.0,"event_name":"Golden Wing","player_choice":"Card Removal","floor":10.0,"gold_loss":0.0,"damage_taken":7.0},{"damage_healed":0.0,"max_hp_gain":0.0,"max_hp_loss":0.0,"gold_gain":0.0,"event_name":"Liars Game","player_choice":"Ignored","floor":12.0,"gold_loss":0.0,"damage_taken":0.0},{"damage_healed":0.0,"max_hp_gain":5.0,"max_hp_loss":0.0,"gold_gain":0.0,"event_name":"Forgotten Altar","player_choice":"Shed Blood","floor":19.0,"gold_loss":0.0,"damage_taken":23.0},{"cards_removed":["Strike_G"],"damage_healed":0.0,"max_hp_gain":0.0,"max_hp_loss":0.0,"gold_gain":0.0,"event_name":"Beggar","player_choice":"Gave Gold","floor":20.0,"gold_loss":75.0,"damage_taken":0.0},{"damage_healed":0.0,"max_hp_gain":0.0,"max_hp_loss":0.0,"gold_gain":0.0,"event_name":"Nest","player_choice":"Joined the Cult","floor":28.0,"gold_loss":0.0,"damage_taken":6.0,"cards_obtained":["RitualDagger"]},{"damage_healed":0.0,"max_hp_gain":0.0,"max_hp_loss":0.0,"gold_gain":0.0,"cards_transformed":["Strike_G"],"event_name":"Transmorgrifier","player_choice":"Transformed","floor":30.0,"gold_loss":0.0,"damage_taken":0.0,"cards_obtained":["A Thousand Cuts"]},{"damage_healed":0.0,"max_hp_gain":0.0,"max_hp_loss":0.0,"gold_gain":0.0,"event_name":"MindBloom","player_choice":"Fight","floor":36.0,"gold_loss":0.0,"damage_taken":0.0},{"damage_healed":0.0,"max_hp_gain":0.0,"max_hp_loss":0.0,"gold_gain":0.0,"event_name":"Tomb of Lord Red Mask","player_choice":"Ignored","floor":37.0,"gold_loss":0.0,"damage_taken":0.0},{"damage_healed":0.0,"max_hp_gain":0.0,"max_hp_loss":0.0,"gold_gain":0.0,"event_name":"SensoryStone","player_choice":"Memory 1","floor":46.0,"gold_loss":0.0,"damage_taken":0.0}],"is_beta":false,"boss_relics":[{"not_picked":["Orrery","Runic Dome"],"picked":"Ectoplasm"},{"not_picked":["Black Star","Ring of the Serpent"],"picked":"Velvet Choker"}],"items_purged_floors":[],"is_endless":false,"potions_floor_spawned":[1,5,7,11,13,18,24,31,33,35,42,48],"ascension_level":17}