{"gold_per_floor":[218,45,58,58,133,133,151,151,151,151,164,195,219,260,260,260],"floor_reached":16,"playtime":621,"items_purged":["Strike_G"],"score":220,"play_id":"0c53b15b-351d-4b42-9cda-a9a1ae4a5b02","local_time":"20190620003900","is_ascension_mode":true,"campfire_choices":[{"data":"Deadly Poison","floor":6,"key":"SMITH"},{"data":"Poisoned Stab","floor":8,"key":"SMITH"},{"floor":15,"key":"REST"}],"neow_cost":"NONE","seed_source_timestamp":1886194900707872,"circlet_count":0,"master_deck":["AscendersBane","Defend_G","Defend_G","Defend_G","Defend_G","Defend_G","Strike_G","Strike_G","Strike_G","Strike_G","Survivor","Neutralize","PiercingWail","Footwork","Deadly Poison+1","Poisoned Stab+1","Catalyst","Infinite Blades","Wraith Form v2","Adrenaline"],"relics":["Ring of the Snake","The Specimen","Golden Idol","Anchor","Lantern"],"potions_floor_usage":[12,14,16],"damage_taken":[{"damage":0,"enemies":"Jaw Worm","floor":1,"turns":7},{"damage":0,"enemies":"2 Louse","floor":3,"turns":4},{"damage":2,"enemies":"Small Slimes","floor":7,"turns":4},{"damage":0,"enemies":"2 Fungi Beasts","floor":11,"turns":4},{"damage":10,"enemies":"Lagavulin","floor":12,"turns":5},{"damage":18,"enemies":"Large Slime","floor":13,"turns":6},{"damage":8,"enemies":"Gremlin Nob","floor":14,"turns":5},{"damage":32,"enemies":"Slime Boss","floor":16,"turns":8}],"seed_played":"-6923129101793426946","potions_obtained":[{"floor":1,"key":"Dexterity Potion"},{"floor":7,"key":"Energy Potion"},{"floor":13,"key":"FearPotion"},{"floor":14,"key":"Ancient Potion"}],"is_trial":false,"path_per_floor":["M","$","M","?","?","R","M","R","T","?","M","E","M","E","R","B"],"character_chosen":"THE_SILENT","items_purchased":["Footwork","Deadly Poison"],"campfire_rested":1,"item_purchase_floors":[2,2],"current_hp_per_floor":[59,59,59,59,48,48,46,46,46,46,46,36,18,10,28,0],"gold":260,"neow_bonus":"HUNDRED_GOLD","is_prod":false,"is_daily":false,"chose_seed":false,"campfire_upgraded":2,"win_rate":0,"timestamp":1561009140,"path_taken":["M","$","M","?","?","R","M","R","T","?","M","E","M","E","R","BOSS"],"build_version":"2019-01-23","purchased_purges":1,"victory":false,"max_hp_per_floor":[66,66,66,66,66,66,66,66,66,60,60,60,60,60,60,60],"card_choices":[{"not_picked":["Concentrate","Quick Slash"],"picked":"PiercingWail","floor":1},{"not_picked":["Bane","Distraction","Eviscerate"],"picked":"SKIP","floor":3},{"not_picked":["Flechettes","Tactician"],"picked":"Poisoned Stab","floor":7},{"not_picked":["Quick Slash","Sucker Punch"],"picked":"Catalyst","floor":11},{"not_picked":["Bane","Calculated Gamble"],"picked":"Infinite Blades","floor":12},{"not_picked":["Leg Sweep","Setup"],"picked":"Wraith Form v2","floor":13},{"not_picked":["Finisher","Backstab"],"picked":"Adrenaline","floor":14}],"player_experience":1816496,"relics_obtained":[{"floor":9,"key":"The Specimen"},{"floor":12,"key":"Anchor"},{"floor":14,"key":"Lantern"}],"event_choices":[{"damage_healed":0,"gold_gain":0,"player_choice":"Leave","damage_taken":0,"max_hp_gain":0,"max_hp_loss":0,"event_name":"The Cleric","floor":4,"gold_loss":0},{"damage_healed":0,"gold_gain":75,"player_choice":"Gather Gold","damage_taken":11,"max_hp_gain":0,"max_hp_loss":0,"event_name":"World of Goop","floor":5,"gold_loss":0},{"damage_healed":0,"gold_gain":0,"player_choice":"Lose Max HP","damage_taken":0,"relics_obtained":["Golden Idol"],"max_hp_gain":0,"max_hp_loss":6,"event_name":"Golden Idol","floor":10,"gold_loss":0}],"is_beta":false,"boss_relics":[],"items_purged_floors":[2],"is_endless":false,"potions_floor_spawned":[1,7,13,14],"killed_by":"Slime Boss","ascension_level":20}