{"gold_per_floor":[17,31,42,55,55,55,84,84,84,98,98,98,23,36,36,160,160,184,184,198,216,39,39,55,55,79,114,114,138,157,175,175,300,300,320,335,335,350,366,366,409,409,409,62,85,85,108,123,123,123],"floor_reached":51,"playtime":5908,"items_purged":["Injury","Writhe"],"score":705,"play_id":"ac42e675-8005-42b1-b5d1-b6a0a5c2020c","local_time":"20190624073201","is_ascension_mode":false,"campfire_choices":[{"data":"Loop","floor":6.0,"key":"SMITH"},{"data":"Defragment","floor":8.0,"key":"SMITH"},{"data":"Streamline","floor":15.0,"key":"SMITH"},{"data":"Creative AI","floor":23.0,"key":"SMITH"},{"data":"Static Discharge","floor":25.0,"key":"SMITH"},{"floor":28.0,"key":"REST"},{"floor":32.0,"key":"REST"},{"floor":40.0,"key":"REST"},{"floor":42.0,"key":"REST"},{"floor":46,"key":"REST"},{"floor":49,"key":"REST"}],"neow_cost":"NO_GOLD","seed_source_timestamp":886490919437959,"circlet_count":0,"master_deck":["Strike_B+1","Strike_B+1","Strike_B+1","Defend_B+1","Defend_B+1","Defend_B+1","Zap","Dualcast","Rip and Tear+1","Defragment+1","Conserve Battery","Loop+1","Glacier","Streamline+1","Creative AI+1","Sunder","Melter","Sweeping Beam+1","Amplify","Rebound","Static Discharge+1","Machine Learning+1","Amplify","Rebound","FTL+1","Doom and Gloom","Defragment+1","Beam Cell+1","Hologram+1"],"special_seed":0,"relics":["Cracked Core","Vajra","Oddly Smooth Stone","Pen Nib","Golden Idol","Velvet Choker","Bronze Scales","Frozen Egg 2","Busted Crown","Blood Vial","Bottled Tornado","Whetstone"],"potions_floor_usage":[45,47,50,50],"damage_taken":[{"damage":1.0,"enemies":"Cultist","floor":1.0,"turns":4.0},{"damage":2.0,"enemies":"Small Slimes","floor":2.0,"turns":3.0},{"damage":6.0,"enemies":"Jaw Worm","floor":3.0,"turns":3.0},{"damage":1.0,"enemies":"Exordium Thugs","floor":4.0,"turns":4.0},{"damage":19.0,"enemies":"3 Sentries","floor":7.0,"turns":5.0},{"damage":0.0,"enemies":"Large Slime","floor":10.0,"turns":4.0},{"damage":0.0,"enemies":"3 Louse","floor":14.0,"turns":2.0},{"damage":0.0,"enemies":"Slime Boss","floor":16.0,"turns":10.0},{"damage":2.0,"enemies":"Shell Parasite","floor":18.0,"turns":5.0},{"damage":6.0,"enemies":"Spheric Guardian","floor":20.0,"turns":4.0},{"damage":11.0,"enemies":"Snake Plant","floor":21.0,"turns":3.0},{"damage":0.0,"enemies":"Centurion and Healer","floor":24.0,"turns":5.0},{"damage":24.0,"enemies":"Slavers","floor":27.0,"turns":6.0},{"damage":8.0,"enemies":"Snecko","floor":29.0,"turns":3.0},{"damage":18.0,"enemies":"3 Cultists","floor":30.0,"turns":3.0},{"damage":0.0,"enemies":"Sentry and Sphere","floor":31.0,"turns":3.0},{"damage":22.0,"enemies":"Champ","floor":33.0,"turns":9.0},{"damage":12.0,"enemies":"3 Shapes","floor":35.0,"turns":4.0},{"damage":25.0,"enemies":"3 Darklings","floor":36.0,"turns":3.0},{"damage":16.0,"enemies":"Sphere and 2 Shapes","floor":38.0,"turns":5.0},{"damage":15.0,"enemies":"Maw","floor":39.0,"turns":7.0},{"damage":53.0,"enemies":"Giant Head","floor":41.0,"turns":7.0},{"damage":8,"enemies":"Jaw Worm Horde","floor":45,"turns":4},{"damage":9,"enemies":"4 Shapes","floor":47,"turns":6},{"damage":10,"enemies":"Maw","floor":48,"turns":5},{"damage":49,"enemies":"Donu and Deca","floor":50,"turns":6}],"seed_played":"1207969140951472388","potions_obtained":[{"floor":1.0,"key":"Energy Potion"},{"floor":2.0,"key":"Fruit Juice"},{"floor":10.0,"key":"EssenceOfSteel"},{"floor":14.0,"key":"Strength Potion"},{"floor":24.0,"key":"Swift Potion"},{"floor":29.0,"key":"Fire Potion"},{"floor":30.0,"key":"SpeedPotion"},{"floor":33.0,"key":"AttackPotion"},{"floor":36.0,"key":"FairyPotion"},{"floor":47,"key":"Fruit Juice"},{"floor":48,"key":"GamblersBrew"}],"is_trial":false,"path_per_floor":["M","M","M","M","$","R","E","R","T","M","T","?","$","M","R","B",null,"M","?","M","M","$","R","M","R","T","E","R","M","M","M","R","B",null,"M","M","?","M","M","R","E","R","T","$","M","R","M","M","R","B",null],"character_chosen":"DEFECT","items_purchased":["Amplify","Rebound","Whetstone","Energy Potion","Weak Potion"],"campfire_rested":6,"item_purchase_floors":[22,22,44,44,44],"current_hp_per_floor":[74,77,71,70,70,70,51,51,51,51,51,51,51,51,51,51,80,78,78,72,61,61,61,61,61,61,37,61,53,35,35,59,37,80,68,43,63,47,32,56,3,27,27,27,21,45,43,35,60,13],"gold":123,"neow_bonus":"REMOVE_TWO","is_prod":false,"is_daily":false,"chose_seed":false,"campfire_upgraded":5,"win_rate":0,"timestamp":1561375921,"path_taken":["M","M","M","M","$","R","E","R","T","M","?","?","$","M","R","BOSS","M","?","M","M","$","R","M","R","T","E","R","M","M","M","R","BOSS","M","M","?","M","M","R","E","R","T","$","M","R","M","M","R","BOSS"],"build_version":"2019-01-23","purchased_purges":2,"victory":true,"max_hp_per_floor":[75,80,80,80,80,80,80,80,80,80,80,80,80,80,80,80,80,80,80,80,80,80,80,80,80,80,80,80,80,80,80,80,80,80,80,80,80,80,80,80,80,80,80,80,80,80,85,85,85,85],"card_choices":[{"not_picked":["Stack","Go for the Eyes"],"picked":"Rip and Tear","floor":1.0},{"not_picked":["Barrage","Recycle"],"picked":"Defragment","floor":2.0},{"not_picked":["Scrape","Seek"],"picked":"Conserve Battery","floor":3.0},{"not_picked":["Turbo","Compile Driver"],"picked":"Loop","floor":4.0},{"not_picked":["Auto Shields","Blizzard"],"picked":"Glacier","floor":7.0},{"not_picked":["Scrape","Redo","Undo"],"picked":"SKIP","floor":10.0},{"not_picked":["Redo","Hologram"],"picked":"Streamline","floor":14.0},{"not_picked":["Echo Form","Thunder Strike"],"picked":"Creative AI","floor":16.0},{"not_picked":["Ball Lightning","Cold Snap"],"picked":"Sunder","floor":18.0},{"not_picked":["Cold Snap","Compile Driver"],"picked":"Melter","floor":20.0},{"not_picked":["Reboot","Ball Lightning"],"picked":"Sweeping Beam+1","floor":21.0},{"not_picked":["Gash","Conserve Battery"],"picked":"Static Discharge","floor":24.0},{"not_picked":["Barrage","Genetic Algorithm+1","Hologram"],"picked":"SKIP","floor":27.0},{"not_picked":["Turbo","Auto Shields","Hyperbeam"],"picked":"SKIP","floor":29.0},{"not_picked":["Stack","Turbo","Streamline"],"picked":"SKIP","floor":30.0},{"not_picked":["Sweeping Beam","Hello World+1"],"picked":"Machine Learning+1","floor":31.0},{"not_picked":["Thunder Strike","All For One"],"picked":"Amplify","floor":33.0},{"not_picked":["Genetic Algorithm+1"],"picked":"SKIP","floor":35.0},{"not_picked":[],"picked":"Rebound","floor":36.0},{"not_picked":[],"picked":"FTL","floor":38.0},{"not_picked":[],"picked":"Doom and Gloom","floor":39.0},{"not_picked":[],"picked":"Defragment+1","floor":41.0},{"not_picked":["Rip and Tear"],"picked":"SKIP","floor":45},{"not_picked":[],"picked":"Beam Cell+1","floor":47},{"not_picked":[],"picked":"Hologram+1","floor":48}],"player_experience":222832,"relics_obtained":[{"floor":7.0,"key":"Vajra"},{"floor":9.0,"key":"Oddly Smooth Stone"},{"floor":11.0,"key":"Pen Nib"},{"floor":26.0,"key":"Bronze Scales"},{"floor":27.0,"key":"Frozen Egg 2"},{"floor":41.0,"key":"Blood Vial"},{"floor":43.0,"key":"Bottled Tornado"}],"event_choices":[{"damage_healed":0.0,"max_hp_gain":0.0,"max_hp_loss":0.0,"gold_gain":0.0,"event_name":"Golden Idol","player_choice":"Take Wound","floor":12.0,"gold_loss":0.0,"damage_taken":0.0,"relics_obtained":["Golden Idol"],"cards_obtained":["Injury"]},{"damage_healed":0.0,"max_hp_gain":0.0,"max_hp_loss":0.0,"gold_gain":0.0,"event_name":"Back to Basics","player_choice":"Simplicity","floor":19.0,"gold_loss":0.0,"damage_taken":0.0,"cards_upgraded":["Strike_B","Strike_B","Strike_B","Defend_B","Defend_B","Defend_B"]},{"damage_healed":20.0,"max_hp_gain":0.0,"max_hp_loss":0.0,"gold_gain":0.0,"event_name":"Winding Halls","player_choice":"Writhe","floor":37.0,"gold_loss":0.0,"damage_taken":0.0,"cards_obtained":["Writhe"]}],"is_beta":false,"boss_relics":[{"not_picked":["Eternal Feather","Empty Cage"],"picked":"Velvet Choker"},{"not_picked":["Inserter","Coffee Dripper"],"picked":"Busted Crown"}],"items_purged_floors":[13,44],"is_endless":false,"potions_floor_spawned":[1,2,10,14,24,29,30,33,36,47,48],"ascension_level":0}