{"gold_per_floor":[111,121,132,149,149,182,7,7,34,51,80,80,29,46,46,122,122,142,158,0,19,19,19,35,35,35,35,53,73,73,87,87,161,161,172,187,187,14,32,32,43,54,101,101],"floor_reached":44,"playtime":2057,"items_purged":["Strike_R"],"score":809,"play_id":"97b03f66-fa49-4bbf-a7fb-d1602e4afaf1","local_time":"20190713102919","is_ascension_mode":true,"campfire_choices":[{"data":"Blind","floor":8.0,"key":"SMITH"},{"data":"Immolate","floor":12.0,"key":"SMITH"},{"data":"True Grit","floor":15.0,"key":"SMITH"},{"floor":23.0,"key":"REST"},{"data":"J.A.X.","floor":25.0,"key":"SMITH"},{"data":"True Grit","floor":27.0,"key":"SMITH"},{"floor":32.0,"key":"REST"},{"floor":40.0,"key":"REST"}],"neow_cost":"NONE","seed_source_timestamp":695447229955,"circlet_count":0,"master_deck":["AscendersBane","Strike_R","Defend_R","Defend_R","Defend_R","Defend_R","Bash+1","Ghostly Armor","Cleave","Sword Boomerang","Disarm","Blind+1","Immolate+1","True Grit+1","True Grit+1","Pommel Strike","Reaper","Headbutt+1","J.A.X.+1","Sword Boomerang","Impervious","Intimidate","Combust+1","PanicButton","Immolate","Shockwave","Shrug It Off","Parasite","True Grit","Limit Break","Shrug It Off","Clumsy"],"special_seed":0,"relics":["Burning Blood","Art of War","Lantern","Omamori","Cursed Key","The Courier","Red Skull","Empty Cage","Potion Belt"],"potions_floor_usage":[44],"damage_taken":[{"damage":20.0,"enemies":"Small Slimes","floor":1.0,"turns":5.0},{"damage":7.0,"enemies":"Cultist","floor":2.0,"turns":4.0},{"damage":4.0,"enemies":"Jaw Worm","floor":3.0,"turns":5.0},{"damage":9.0,"enemies":"Looter","floor":4.0,"turns":3.0},{"damage":8.0,"enemies":"Gremlin Nob","floor":6.0,"turns":3.0},{"damage":10.0,"enemies":"Large Slime","floor":10.0,"turns":7.0},{"damage":19.0,"enemies":"3 Sentries","floor":11.0,"turns":6.0},{"damage":3.0,"enemies":"3 Louse","floor":14.0,"turns":3.0},{"damage":17.0,"enemies":"Slime Boss","floor":16.0,"turns":9.0},{"damage":2.0,"enemies":"Chosen","floor":18.0,"turns":4.0},{"damage":39.0,"enemies":"Spheric Guardian","floor":19.0,"turns":6.0},{"damage":22.0,"enemies":"Snecko","floor":21.0,"turns":7.0},{"damage":10.0,"enemies":"Snake Plant","floor":24.0,"turns":5.0},{"damage":6.0,"enemies":"Centurion and Healer","floor":28.0,"turns":7.0},{"damage":3.0,"enemies":"Cultist and Chosen","floor":29.0,"turns":4.0},{"damage":17.0,"enemies":"Sentry and Sphere","floor":31.0,"turns":4.0},{"damage":66.0,"enemies":"Champ","floor":33.0,"turns":9.0},{"damage":5.0,"enemies":"3 Shapes","floor":35.0,"turns":4.0},{"damage":23.0,"enemies":"Orb Walker","floor":36.0,"turns":5.0},{"damage":41.0,"enemies":"Writhing Mass","floor":39.0,"turns":9.0},{"damage":32.0,"enemies":"Spire Growth","floor":41.0,"turns":6.0},{"damage":17.0,"enemies":"Sphere and 2 Shapes","floor":42.0,"turns":6.0},{"damage":54,"enemies":"Transient","floor":44,"turns":6}],"seed_played":"-2357053293655657589","potions_obtained":[{"floor":1.0,"key":"Fire Potion"},{"floor":2.0,"key":"SkillPotion"},{"floor":4.0,"key":"Energy Potion"},{"floor":10.0,"key":"EssenceOfSteel"},{"floor":14.0,"key":"Poison Potion"},{"floor":18.0,"key":"Poison Potion"},{"floor":24.0,"key":"Swift Potion"},{"floor":31.0,"key":"AttackPotion"},{"floor":33.0,"key":"Swift Potion"},{"floor":35.0,"key":"PowerPotion"},{"floor":36.0,"key":"Strength Potion"},{"floor":41.0,"key":"EssenceOfSteel"}],"is_trial":false,"path_per_floor":["M","M","M","M","?","E","$","R","T","M","E","R","$","M","R","B",null,"M","M","?","M","?","R","M","R","T","R","M","M","T","M","R","B",null,"M","M","?","$","M","R","M","M","T","M"],"character_chosen":"IRONCLAD","items_purchased":["Blind","True Grit","Immolate","Shockwave","Shrug It Off"],"campfire_rested":3,"item_purchase_floors":[7,13,38,38,38],"current_hp_per_floor":[54,53,55,52,52,50,50,50,50,46,33,33,33,36,36,25,63,71,38,38,26,26,48,44,44,44,44,54,57,57,51,73,20,61,69,59,59,59,29,51,38,37,37,0],"gold":101,"neow_bonus":"UPGRADE_CARD","is_prod":false,"is_daily":false,"chose_seed":false,"campfire_upgraded":5,"win_rate":0,"timestamp":1563031759,"path_taken":["M","M","M","M","?","E","?","R","T","M","E","R","$","M","R","BOSS","M","M","?","M","?","R","M","R","T","R","M","M","?","M","R","BOSS","M","M","?","$","M","R","M","M","T","M"],"build_version":"2019-07-05","purchased_purges":1,"victory":false,"max_hp_per_floor":[75,75,75,75,75,75,75,75,75,75,75,75,75,75,75,75,75,75,75,75,75,75,75,75,75,75,75,75,75,75,75,75,75,75,75,75,75,75,75,75,75,75,75,75],"card_choices":[{"not_picked":["Sever Soul","Flex"],"picked":"Ghostly Armor","floor":1.0},{"not_picked":["Rampage","Twin Strike"],"picked":"Cleave","floor":2.0},{"not_picked":["Flex","Thunderclap"],"picked":"Sword Boomerang","floor":3.0},{"not_picked":["Havoc","Cleave","Perfected Strike"],"picked":"SKIP","floor":4.0},{"not_picked":["True Grit","Dual Wield"],"picked":"Disarm","floor":6.0},{"not_picked":["Armaments","Rage"],"picked":"Immolate","floor":10.0},{"not_picked":["Fire Breathing","Searing Blow"],"picked":"True Grit","floor":11.0},{"not_picked":["Clothesline","Seeing Red"],"picked":"Pommel Strike","floor":14.0},{"not_picked":["Dark Embrace","Barricade"],"picked":"Reaper","floor":16.0},{"not_picked":["Havoc","Flex","Body Slam"],"picked":"SKIP","floor":18.0},{"not_picked":["Power Through","Pommel Strike"],"picked":"Headbutt+1","floor":19.0},{"not_picked":["Dark Embrace","Anger","Perfected Strike"],"picked":"SKIP","floor":21.0},{"not_picked":["Headbutt","Pommel Strike","Fire Breathing+1"],"picked":"SKIP","floor":24.0},{"not_picked":["Corruption","Heavy Blade","Twin Strike+1"],"picked":"SKIP","floor":28.0},{"not_picked":["Bludgeon","Seeing Red"],"picked":"Sword Boomerang","floor":29.0},{"not_picked":["Pommel Strike","Body Slam","Whirlwind"],"picked":"SKIP","floor":31.0},{"not_picked":["Dark Embrace","Bludgeon"],"picked":"Impervious","floor":33.0},{"not_picked":["Anger","Iron Wave+1"],"picked":"Intimidate","floor":35.0},{"not_picked":["Fire Breathing","Body Slam"],"picked":"Combust+1","floor":36.0},{"not_picked":["Purity","Blind"],"picked":"PanicButton","floor":37.0},{"not_picked":["Armaments","Body Slam"],"picked":"True Grit","floor":39.0},{"not_picked":["Sword Boomerang","Spot Weakness"],"picked":"Limit Break","floor":41.0},{"not_picked":["Cleave","Whirlwind+1"],"picked":"Shrug It Off","floor":42.0}],"player_experience":192753,"relics_obtained":[{"floor":6.0,"key":"Art of War"},{"floor":9.0,"key":"Lantern"},{"floor":11.0,"key":"Omamori"},{"floor":26.0,"key":"The Courier"},{"floor":30.0,"key":"Red Skull"},{"floor":43.0,"key":"Potion Belt"}],"event_choices":[{"cards_removed":["Strike_R"],"damage_healed":0.0,"max_hp_gain":0.0,"max_hp_loss":0.0,"gold_gain":0.0,"event_name":"Purifier","player_choice":"Purged","floor":5.0,"gold_loss":0.0,"damage_taken":0.0},{"damage_healed":0.0,"max_hp_gain":0.0,"max_hp_loss":0.0,"gold_gain":0.0,"event_name":"Masked Bandits","player_choice":"Paid Fearfully","floor":20.0,"gold_loss":158.0,"damage_taken":0.0},{"damage_healed":0.0,"max_hp_gain":0.0,"max_hp_loss":0.0,"gold_gain":0.0,"event_name":"Drug Dealer","player_choice":"Obtain J.A.X.","floor":22.0,"gold_loss":0.0,"damage_taken":0.0,"cards_obtained":["J.A.X."]},{"damage_healed":0.0,"max_hp_gain":0.0,"max_hp_loss":0.0,"gold_gain":0.0,"event_name":"SensoryStone","player_choice":"Memory 1","floor":37.0,"gold_loss":0.0,"damage_taken":0.0}],"is_beta":false,"boss_relics":[{"not_picked":["Fusion Hammer","Philosopher\u0027s Stone"],"picked":"Cursed Key"},{"not_picked":["Runic Dome","Runic Cube"],"picked":"Empty Cage"}],"items_purged_floors":[7],"is_endless":false,"potions_floor_spawned":[1,2,4,10,14,18,24,31,33,35,36,41],"killed_by":"Transient","ascension_level":18}