{"gold_per_floor":[13,113,62,73,88,88,107,119,119,119,33,53,82,137,137,232,232,243,256,269,302,317,317,317,346,391,409,421,421,421,12,12,110,110,123,143,123,123,134,134,356,356,435,435,464,14,60,73,73,73],"floor_reached":51,"playtime":7199,"items_purged":[],"score":1013,"play_id":"fc770325-863e-4c2c-93b4-7420c14dac3a","local_time":"20190703172208","is_ascension_mode":true,"campfire_choices":[{"data":"Perfected Strike","floor":6.0,"key":"SMITH"},{"data":"Body Slam","floor":10.0,"key":"SMITH"},{"data":"Metallicize","floor":15.0,"key":"SMITH"},{"floor":23.0,"key":"REST"},{"floor":32.0,"key":"REST"},{"floor":40,"key":"REST"},{"floor":44,"key":"REST"},{"floor":49,"key":"REST"}],"neow_cost":"NO_GOLD","seed_source_timestamp":1698151719005345,"circlet_count":0,"master_deck":["Strike_R","Strike_R","Strike_R","Strike_R","Strike_R","Defend_R","Defend_R+1","Defend_R","Defend_R","Bash","Perfected Strike+1","Pommel Strike","Intimidate","Battle Trance","Body Slam+1","Headbutt","Metallicize+1","Shrug It Off+1","Infernal Blade","Double Tap","Spot Weakness","Fiend Fire+1","Headbutt","Metallicize","Intimidate","Dual Wield","Battle Trance","Iron Wave+1","Burning Pact+1","Bludgeon+1","Spot Weakness","Pommel Strike+1","Wild Strike+1","Apotheosis","Havoc+1","Feel No Pain+1"],"special_seed":0,"relics":["Burning Blood","Peace Pipe","Matryoshka","WingedGreaves","Fusion Hammer","Red Mask","Enchiridion","Boot","Bag of Preparation","Pen Nib","Bottled Lightning","Bronze Scales","Runic Dome","War Paint","Gremlin Horn","Letter Opener","Regal Pillow","Toy Ornithopter","Whetstone"],"potions_floor_usage":[39,45,50,50,50],"damage_taken":[{"damage":8.0,"enemies":"2 Louse","floor":1.0,"turns":3.0},{"damage":1.0,"enemies":"Cultist","floor":4.0,"turns":3.0},{"damage":0.0,"enemies":"Small Slimes","floor":5.0,"turns":2.0},{"damage":0.0,"enemies":"Exordium Wildlife","floor":7.0,"turns":3.0},{"damage":0.0,"enemies":"Large Slime","floor":8.0,"turns":2.0},{"damage":9.0,"enemies":"2 Fungi Beasts","floor":12.0,"turns":2.0},{"damage":9.0,"enemies":"Lagavulin","floor":13.0,"turns":7.0},{"damage":18.0,"enemies":"Gremlin Nob","floor":14.0,"turns":3.0},{"damage":11.0,"enemies":"Slime Boss","floor":16.0,"turns":5.0},{"damage":8.0,"enemies":"2 Thieves","floor":18.0,"turns":3.0},{"damage":6.0,"enemies":"Spheric Guardian","floor":19.0,"turns":3.0},{"damage":23.0,"enemies":"3 Cultists","floor":20.0,"turns":6.0},{"damage":12.0,"enemies":"Masked Bandits","floor":21.0,"turns":3.0},{"damage":4.0,"enemies":"Snecko","floor":22.0,"turns":4.0},{"damage":15.0,"enemies":"Slavers","floor":25.0,"turns":8.0},{"damage":10.0,"enemies":"Centurion and Healer","floor":27.0,"turns":3.0},{"damage":0.0,"enemies":"3 Cultists","floor":28.0,"turns":5.0},{"damage":47.0,"enemies":"Collector","floor":33.0,"turns":7.0},{"damage":31.0,"enemies":"3 Darklings","floor":35.0,"turns":5.0},{"damage":25,"enemies":"3 Shapes","floor":36,"turns":9},{"damage":15,"enemies":"Maw","floor":39,"turns":5},{"damage":38,"enemies":"Giant Head","floor":45,"turns":7},{"damage":0,"enemies":"Sphere and 2 Shapes","floor":48,"turns":3},{"damage":63,"enemies":"Time Eater","floor":50,"turns":7}],"seed_played":"-7061966185384521709","potions_obtained":[{"floor":1.0,"key":"PowerPotion"},{"floor":4.0,"key":"EssenceOfSteel"},{"floor":8.0,"key":"Poison Potion"},{"floor":12.0,"key":"Ancient Potion"},{"floor":19.0,"key":"Weak Potion"},{"floor":20.0,"key":"Swift Potion"},{"floor":22.0,"key":"SkillPotion"},{"floor":27.0,"key":"SteroidPotion"},{"floor":35.0,"key":"SteroidPotion"},{"floor":36,"key":"AttackPotion"},{"floor":37,"key":"Explosive Potion"}],"is_trial":false,"path_per_floor":["M","?","$","M","M","R","M","M","T","R","$","M","E","?","R","B",null,"M","M","M","?","M","R","?","E","T","M","M","$","?","$","R","B",null,"M","M","?","$","M","R","?","?","T","R","E","$","T","M","R","B",null],"character_chosen":"IRONCLAD","items_purchased":["Pommel Strike","Metallicize","Shrug It Off","Bottled Lightning","Bronze Scales","Regal Pillow","PowerPotion","Toy Ornithopter","SkillPotion"],"campfire_rested":5,"item_purchase_floors":[3,11,11,31,31,46,46,46,46],"current_hp_per_floor":[86,86,86,91,96,96,96,96,96,96,96,93,90,78,78,73,90,88,88,71,65,67,95,79,70,70,66,72,72,72,72,96,55,86,61,42,42,42,33,61,61,61,61,89,57,57,57,63,96,54],"gold":73,"neow_bonus":"TWENTY_PERCENT_HP_BONUS","is_prod":false,"is_daily":false,"chose_seed":false,"campfire_upgraded":3,"win_rate":0,"timestamp":1562188928,"path_taken":["M","?","?","M","M","R","M","M","T","R","$","M","E","?","R","BOSS","M","M","M","?","M","R","?","E","T","M","M","$","?","$","R","BOSS","M","?","?","$","?","R","?","?","T","R","E","$","?","M","R","BOSS"],"build_version":"2019-07-01","purchased_purges":0,"victory":true,"max_hp_per_floor":[96,96,96,96,96,96,96,96,96,96,96,96,96,96,96,96,96,96,96,96,96,96,96,96,96,96,96,96,96,96,96,96,96,96,96,96,96,96,96,96,96,96,96,96,96,96,96,96,96,96],"card_choices":[{"not_picked":["Heavy Blade","Dropkick"],"picked":"Perfected Strike","floor":1.0},{"not_picked":["Carnage","Blood for Blood"],"picked":"Intimidate","floor":4.0},{"not_picked":["Whirlwind","Feel No Pain"],"picked":"Battle Trance","floor":5.0},{"not_picked":["Searing Blow","Wild Strike"],"picked":"Body Slam","floor":7.0},{"not_picked":["Twin Strike","Thunderclap"],"picked":"Headbutt","floor":8.0},{"not_picked":["Corruption","Cleave"],"picked":"Infernal Blade","floor":12.0},{"not_picked":["Burning Pact","Havoc"],"picked":"Double Tap","floor":13.0},{"not_picked":["Power Through","Intimidate"],"picked":"Spot Weakness","floor":14.0},{"not_picked":["Exhume","Limit Break"],"picked":"Fiend Fire","floor":16.0},{"not_picked":["Wild Strike","Sword Boomerang","Anger"],"picked":"SKIP","floor":18.0},{"not_picked":["Rampage","Iron Wave"],"picked":"Headbutt","floor":19.0},{"not_picked":["Perfected Strike+1","Wild Strike+1"],"picked":"Metallicize","floor":20.0},{"not_picked":["Flex+1","Cleave"],"picked":"Intimidate","floor":21.0},{"not_picked":["Thunderclap","Battle Trance"],"picked":"Dual Wield","floor":22.0},{"not_picked":["Evolve","Pommel Strike"],"picked":"Battle Trance","floor":25.0},{"not_picked":["Cleave","True Grit"],"picked":"Iron Wave+1","floor":27.0},{"not_picked":["Thunderclap","True Grit"],"picked":"Burning Pact+1","floor":28.0},{"not_picked":["Barricade","Fiend Fire"],"picked":"Bludgeon","floor":33.0},{"not_picked":["Iron Wave","Flex"],"picked":"Spot Weakness","floor":35.0},{"not_picked":["Anger+1","Warcry"],"picked":"Pommel Strike","floor":36},{"not_picked":["Rampage","Anger"],"picked":"Wild Strike+1","floor":39},{"not_picked":["Madness","Violence"],"picked":"Apotheosis","floor":42},{"not_picked":["Fire Breathing","Sword Boomerang"],"picked":"Havoc+1","floor":45},{"not_picked":["Sword Boomerang","Power Through+1"],"picked":"Feel No Pain+1","floor":48}],"player_experience":359747,"relics_obtained":[{"floor":9.0,"key":"Peace Pipe"},{"floor":13.0,"key":"Matryoshka"},{"floor":21.0,"key":"Red Mask"},{"floor":24.0,"key":"Enchiridion"},{"floor":25.0,"key":"Boot"},{"floor":26.0,"key":"Bag of Preparation"},{"floor":26.0,"key":"Pen Nib"},{"floor":43,"key":"War Paint"},{"floor":43,"key":"Gremlin Horn"},{"floor":45,"key":"Letter Opener"},{"floor":47,"key":"Whetstone"}],"event_choices":[{"damage_healed":0.0,"max_hp_gain":0.0,"max_hp_loss":0.0,"gold_gain":100.0,"event_name":"Wheel of Change","player_choice":"Gold","floor":2.0,"gold_loss":0.0,"damage_taken":0.0},{"damage_healed":0.0,"max_hp_gain":0.0,"max_hp_loss":0.0,"gold_gain":0.0,"event_name":"Dead Adventurer","player_choice":"Searched \u00272\u0027 times","floor":14.0,"gold_loss":0.0,"damage_taken":0.0,"relics_obtained":["WingedGreaves"]},{"damage_healed":0.0,"max_hp_gain":0.0,"max_hp_loss":0.0,"gold_gain":0.0,"event_name":"Masked Bandits","player_choice":"Fought Bandits","floor":21.0,"gold_loss":0.0,"damage_taken":0.0},{"damage_healed":0.0,"max_hp_gain":0.0,"max_hp_loss":0.0,"gold_gain":0.0,"event_name":"Cursed Tome","player_choice":"Obtained Book","floor":24.0,"gold_loss":0.0,"damage_taken":16.0},{"damage_healed":0.0,"max_hp_gain":0.0,"max_hp_loss":0.0,"gold_gain":0.0,"event_name":"Upgrade Shrine","player_choice":"Upgraded","floor":30.0,"gold_loss":0.0,"damage_taken":0.0,"cards_upgraded":["Fiend Fire"]},{"damage_healed":0,"gold_gain":0,"player_choice":"Bought 1 Potion","damage_taken":0,"max_hp_gain":0,"max_hp_loss":0,"event_name":"The Woman in Blue","floor":37,"gold_loss":0},{"damage_healed":0,"gold_gain":222,"player_choice":"Wore Mask","damage_taken":0,"max_hp_gain":0,"max_hp_loss":0,"event_name":"Tomb of Lord Red Mask","floor":41,"gold_loss":0},{"damage_healed":0,"gold_gain":0,"player_choice":"Memory 1","damage_taken":0,"max_hp_gain":0,"max_hp_loss":0,"event_name":"SensoryStone","floor":42,"gold_loss":0}],"is_beta":false,"boss_relics":[{"not_picked":["Snecko Eye","Pandora\u0027s Box"],"picked":"Fusion Hammer"},{"not_picked":["Runic Cube","Black Star"],"picked":"Runic Dome"}],"items_purged_floors":[],"is_endless":false,"potions_floor_spawned":[1,4,8,12,19,20,22,27,28,35,36],"ascension_level":9}