{"gold_per_floor":[15,15,15,33,57,57,101,124,124,155,155,155,194,159,159,159],"floor_reached":16,"playtime":466,"items_purged":[],"score":216,"play_id":"dc0a5cb8-b9db-4aac-958a-3c82599356c3","local_time":"20190630231202","is_ascension_mode":true,"campfire_choices":[{"data":"Zap","floor":6,"key":"SMITH"},{"floor":11,"key":"REST"},{"data":"Beam Cell","floor":15,"key":"SMITH"}],"neow_cost":"NO_GOLD","seed_source_timestamp":562907882214771,"circlet_count":0,"master_deck":["AscendersBane","Strike_B","Defend_B","Defend_B","Defend_B","Defend_B","Zap+1","Dualcast","Ball Lightning","Ball Lightning","Reinforced Body","Auto Shields","Coolheaded","Beam Cell+1"],"relics":["Cracked Core","Golden Idol","Ornamental Fan","Gremlin Horn","Odd Mushroom","Orichalcum"],"potions_floor_usage":[16],"damage_taken":[{"damage":4,"enemies":"Small Slimes","floor":1,"turns":4},{"damage":2,"enemies":"Jaw Worm","floor":4,"turns":2},{"damage":1,"enemies":"Cultist","floor":5,"turns":3},{"damage":37,"enemies":"Gremlin Nob","floor":7,"turns":4},{"damage":4,"enemies":"3 Louse","floor":8,"turns":4},{"damage":2,"enemies":"The Mushroom Lair","floor":10,"turns":4},{"damage":19,"enemies":"3 Sentries","floor":13,"turns":8},{"damage":26,"enemies":"Slime Boss","floor":16,"turns":5}],"seed_played":"4707060109036319879","potions_obtained":[{"floor":10,"key":"AttackPotion"}],"is_trial":false,"path_per_floor":["M","?","$","M","M","R","E","M","T","?","R","?","E","?","R","B"],"character_chosen":"DEFECT","items_purchased":[],"campfire_rested":1,"item_purchase_floors":[],"current_hp_per_floor":[60,60,60,58,57,57,20,16,16,14,33,26,7,23,23,0],"gold":159,"neow_bonus":"REMOVE_TWO","is_prod":false,"is_daily":false,"chose_seed":false,"campfire_upgraded":2,"win_rate":0,"timestamp":1561954322,"path_taken":["M","?","?","M","?","R","E","M","T","?","R","?","E","?","R","BOSS"],"build_version":"2019-06-29","purchased_purges":0,"victory":false,"max_hp_per_floor":[71,64,64,64,64,64,64,64,64,64,64,64,64,64,64,64],"card_choices":[{"not_picked":["Beam Cell","Conserve Battery"],"picked":"Ball Lightning","floor":1},{"not_picked":["Conserve Battery","Force Field"],"picked":"Ball Lightning","floor":4},{"not_picked":["Hologram","Cold Snap"],"picked":"Reinforced Body","floor":5},{"not_picked":["Reprogram","Redo"],"picked":"Auto Shields","floor":7},{"not_picked":["Force Field","Fusion","Chaos"],"picked":"SKIP","floor":8},{"not_picked":["Darkness","Conserve Battery"],"picked":"Coolheaded","floor":10},{"not_picked":["Stack","Steam Power"],"picked":"Beam Cell","floor":13}],"player_experience":1618891,"relics_obtained":[{"floor":7,"key":"Ornamental Fan"},{"floor":9,"key":"Gremlin Horn"},{"floor":10,"key":"Odd Mushroom"},{"floor":13,"key":"Orichalcum"}],"event_choices":[{"damage_healed":0,"gold_gain":0,"player_choice":"Lose Max HP","damage_taken":0,"relics_obtained":["Golden Idol"],"max_hp_gain":0,"max_hp_loss":7,"event_name":"Golden Idol","floor":2,"gold_loss":0},{"damage_healed":0,"gold_gain":0,"player_choice":"Fought Mushrooms","damage_taken":0,"max_hp_gain":0,"max_hp_loss":0,"event_name":"Mushrooms","floor":10,"gold_loss":0},{"cards_removed":["Strike_B"],"damage_healed":0,"gold_gain":0,"player_choice":"Card Removal","damage_taken":7,"max_hp_gain":0,"max_hp_loss":0,"event_name":"Golden Wing","floor":12,"gold_loss":0},{"damage_healed":16,"gold_gain":0,"player_choice":"Healed","damage_taken":0,"max_hp_gain":0,"max_hp_loss":0,"event_name":"The Cleric","floor":14,"gold_loss":35}],"is_beta":true,"boss_relics":[],"items_purged_floors":[],"is_endless":false,"potions_floor_spawned":[10],"killed_by":"Slime Boss","ascension_level":20}