{"gold_per_floor":[118,133,133,6,6,6,31,47,124,124,142,175,195,95,95,200,200,220,69,88,88,105,105,130,130,130,155,155,170,16,16,16,120,120,134,144,154,154],"floor_reached":38,"playtime":5131,"items_purged":["Defend_R","Strike_R"],"score":494,"play_id":"a29e3cb0-bacd-4785-b30b-5aa40e4a5607","local_time":"20190626194558","is_ascension_mode":true,"campfire_choices":[{"data":"Armaments","floor":6,"key":"SMITH"},{"data":"Combust","floor":10,"key":"SMITH"},{"data":"Juggernaut","floor":15,"key":"SMITH"},{"floor":23,"key":"REST"},{"floor":25,"key":"REST"},{"floor":32,"key":"REST"}],"neow_cost":"NONE","seed_source_timestamp":1104456382645171,"circlet_count":0,"master_deck":["Bash","Berserk+1","Shrug It Off","Iron Wave","Armaments+1","Twin Strike","Combust+1","Juggernaut+1","Iron Wave","Juggernaut","Warcry","Bloodletting","Barricade","Limit Break","Offering","Ghostly Armor","Immolate","Armaments","Rupture","Headbutt","Iron Wave","Sentinel+1","Body Slam+1","Armaments+1","J.A.X.+1","Brutality","Shrug It Off+1","Rampage+1","Disarm+1"],"relics":["Burning Blood","Oddly Smooth Stone","Singing Bowl","Strawberry","Pandora\u0027s Box","Bag of Preparation","Peace Pipe","Toxic Egg 2","Blue Candle","Regal Pillow","Cursed Key"],"potions_floor_usage":[7,12,12,16,18,22,24,27,36,38,38],"damage_taken":[{"damage":4,"enemies":"Cultist","floor":1,"turns":3},{"damage":10,"enemies":"Small Slimes","floor":2,"turns":5},{"damage":12,"enemies":"3 Sentries","floor":7,"turns":8},{"damage":7,"enemies":"Jaw Worm","floor":8,"turns":3},{"damage":4,"enemies":"Exordium Wildlife","floor":11,"turns":4},{"damage":2,"enemies":"Gremlin Nob","floor":12,"turns":3},{"damage":6,"enemies":"Large Slime","floor":13,"turns":5},{"damage":41,"enemies":"Slime Boss","floor":16,"turns":9},{"damage":20,"enemies":"3 Byrds","floor":18,"turns":3},{"damage":20,"enemies":"Spheric Guardian","floor":20,"turns":4},{"damage":19,"enemies":"Cultist and Chosen","floor":22,"turns":4},{"damage":41,"enemies":"Slavers","floor":24,"turns":5},{"damage":24,"enemies":"Book of Stabbing","floor":27,"turns":4},{"damage":22,"enemies":"Snecko","floor":29,"turns":4},{"damage":27,"enemies":"Champ","floor":33,"turns":8},{"damage":14,"enemies":"Orb Walker","floor":35,"turns":3},{"damage":27,"enemies":"3 Darklings","floor":36,"turns":3},{"damage":38,"enemies":"Maw","floor":37,"turns":6},{"damage":43,"enemies":"Transient","floor":38,"turns":4}],"seed_played":"4667954463767202050","potions_obtained":[{"floor":5,"key":"FearPotion"},{"floor":5,"key":"SteroidPotion"},{"floor":5,"key":"Regen Potion"},{"floor":8,"key":"LiquidBronze"},{"floor":11,"key":"AttackPotion"},{"floor":12,"key":"SkillPotion"},{"floor":13,"key":"EssenceOfSteel"},{"floor":22,"key":"Fire Potion"},{"floor":24,"key":"AttackPotion"},{"floor":33,"key":"SneckoOil"},{"floor":35,"key":"Explosive Potion"},{"floor":37,"key":"Swift Potion"}],"is_trial":false,"path_per_floor":["M","M","?","$","?","R","E","M","T","R","M","E","M","$","R","B",null,"M","$","M","?","M","R","E","R","T","E","T","M","$","?","R","B",null,"M","M","M","M"],"character_chosen":"IRONCLAD","items_purchased":["Armaments","Rupture","Headbutt","Iron Wave","Regal Pillow"],"campfire_rested":3,"item_purchase_floors":[4,19,19,19,30],"current_hp_per_floor":[80,76,76,76,76,76,70,69,69,69,71,82,84,84,84,49,89,75,75,63,63,64,91,56,83,83,67,67,51,51,51,93,72,93,85,64,32,0],"gold":154,"neow_bonus":"ONE_RANDOM_RARE_CARD","is_prod":false,"is_daily":false,"chose_seed":false,"campfire_upgraded":3,"win_rate":0,"timestamp":1561592758,"path_taken":["M","M","?","?","?","R","E","?","T","R","M","E","M","$","R","BOSS","M","$","M","?","M","R","E","R","T","E","?","M","$","?","R","BOSS","M","M","M","M"],"build_version":"2019-01-23","purchased_purges":2,"victory":false,"max_hp_per_floor":[80,80,80,80,80,80,80,80,80,80,80,87,89,89,89,89,89,89,89,91,91,91,91,91,91,91,93,93,93,93,93,93,93,93,93,93,93,93],"card_choices":[{"not_picked":["Thunderclap","Sword Boomerang"],"picked":"Shrug It Off","floor":1},{"not_picked":["Twin Strike","Clothesline"],"picked":"Iron Wave","floor":2},{"not_picked":["Blood for Blood","Wild Strike"],"picked":"Twin Strike","floor":7},{"not_picked":["Flex","Twin Strike"],"picked":"Combust","floor":8},{"not_picked":["Body Slam","Sentinel"],"picked":"Juggernaut","floor":11},{"not_picked":["Twin Strike","Whirlwind"],"picked":"Iron Wave","floor":12},{"not_picked":["Thunderclap","Disarm","Clash"],"picked":"Singing Bowl","floor":13},{"not_picked":["Offering","Immolate"],"picked":"Juggernaut","floor":16},{"not_picked":["Thunderclap","Havoc"],"picked":"Armaments","floor":18},{"not_picked":["Infernal Blade","Shockwave","Clash"],"picked":"Singing Bowl","floor":20},{"not_picked":["Infernal Blade","True Grit+1"],"picked":"Sentinel+1","floor":22},{"not_picked":["Corruption","Demon Form"],"picked":"Body Slam+1","floor":24},{"not_picked":["Inflame","Feel No Pain","Seeing Red"],"picked":"Singing Bowl","floor":27},{"not_picked":["Twin Strike","Disarm+1"],"picked":"Armaments+1","floor":29},{"not_picked":["Feed","Offering+1"],"picked":"Brutality","floor":33},{"not_picked":["Clash+1","Armaments+1"],"picked":"Shrug It Off+1","floor":35},{"not_picked":["Clash","True Grit+1"],"picked":"Rampage+1","floor":36},{"not_picked":["Searing Blow","Second Wind+1"],"picked":"Disarm+1","floor":37}],"player_experience":260445,"relics_obtained":[{"floor":7,"key":"Oddly Smooth Stone"},{"floor":9,"key":"Singing Bowl"},{"floor":12,"key":"Strawberry"},{"floor":24,"key":"Bag of Preparation"},{"floor":26,"key":"Peace Pipe"},{"floor":27,"key":"Toxic Egg 2"},{"floor":28,"key":"Blue Candle"}],"event_choices":[{"damage_healed":0,"gold_gain":0,"player_choice":"Upgraded","damage_taken":0,"max_hp_gain":0,"max_hp_loss":0,"event_name":"Upgrade Shrine","floor":3,"gold_loss":0,"cards_upgraded":["Berserk"]},{"damage_healed":0,"gold_gain":0,"player_choice":"Got Potions","damage_taken":0,"max_hp_gain":0,"max_hp_loss":0,"event_name":"Lab","floor":5,"gold_loss":0},{"damage_healed":0,"gold_gain":0,"player_choice":"Ignored","damage_taken":0,"max_hp_gain":0,"max_hp_loss":0,"event_name":"Beggar","floor":21,"gold_loss":0},{"damage_healed":0,"gold_gain":0,"player_choice":"Obtain J.A.X.","damage_taken":0,"max_hp_gain":0,"max_hp_loss":0,"event_name":"Drug Dealer","floor":31,"gold_loss":0,"cards_obtained":["J.A.X."]}],"is_beta":false,"boss_relics":[{"not_picked":["Black Blood","Runic Cube"],"picked":"Pandora\u0027s Box"},{"not_picked":["Coffee Dripper","Empty Cage"],"picked":"Cursed Key"}],"items_purged_floors":[4,14],"is_endless":false,"potions_floor_spawned":[8,11,12,13,22,24,33,35,37],"killed_by":"Transient","ascension_level":2}