{"gold_per_floor":[17,31,43,43,63,63,95,115,115,115,142,161,176,208,208,208],"floor_reached":16,"playtime":710,"items_purged":[],"score":248,"play_id":"8971b2f7-8148-49d2-977a-54d0fa11680d","local_time":"20190618230121","is_ascension_mode":true,"campfire_choices":[{"data":"Carnage","floor":6,"key":"SMITH"},{"data":"Armaments","floor":10,"key":"SMITH"},{"data":"Offering","floor":15,"key":"SMITH"}],"neow_cost":"NO_GOLD","seed_source_timestamp":1793847122819573,"circlet_count":0,"master_deck":["AscendersBane","Strike_R","Strike_R","Strike_R","Strike_R","Defend_R","Defend_R","Defend_R","Defend_R","Bash","Carnage+1","Armaments+1","Anger","Offering+1","Metallicize","Shrug It Off","Flame Barrier","Twin Strike"],"relics":["Burning Blood","Bird Faced Urn","Dead Branch","Regal Pillow","Ancient Tea Set","Shuriken"],"potions_floor_usage":[16],"damage_taken":[{"damage":14,"enemies":"Jaw Worm","floor":1,"turns":5},{"damage":0,"enemies":"Cultist","floor":2,"turns":4},{"damage":6,"enemies":"2 Louse","floor":3,"turns":3},{"damage":15,"enemies":"Exordium Wildlife","floor":5,"turns":5},{"damage":11,"enemies":"Gremlin Nob","floor":7,"turns":3},{"damage":8,"enemies":"Red Slaver","floor":8,"turns":3},{"damage":16,"enemies":"3 Sentries","floor":11,"turns":6},{"damage":8,"enemies":"Gremlin Gang","floor":12,"turns":4},{"damage":14,"enemies":"Exordium Wildlife","floor":13,"turns":5},{"damage":13,"enemies":"Lagavulin","floor":14,"turns":7},{"damage":37,"enemies":"Slime Boss","floor":16,"turns":8}],"seed_played":"-8988777095822933305","potions_obtained":[{"floor":1,"key":"Weak Potion"},{"floor":2,"key":"LiquidBronze"},{"floor":14,"key":"EssenceOfSteel"}],"is_trial":false,"path_per_floor":["M","M","M","?","M","R","E","M","T","R","E","M","M","E","R","B"],"character_chosen":"IRONCLAD","items_purchased":[],"campfire_rested":0,"item_purchase_floors":[],"current_hp_per_floor":[60,66,66,66,57,57,54,54,54,54,46,46,40,35,35,0],"gold":208,"neow_bonus":"ONE_RARE_RELIC","is_prod":false,"is_daily":false,"chose_seed":false,"campfire_upgraded":3,"win_rate":0,"timestamp":1560916881,"path_taken":["M","M","M","?","?","R","E","M","T","R","E","M","M","E","R","BOSS"],"build_version":"2019-01-23","purchased_purges":0,"victory":false,"max_hp_per_floor":[75,75,75,75,75,75,75,75,75,75,75,75,75,75,75,75],"card_choices":[{"not_picked":["Thunderclap","Havoc"],"picked":"Carnage","floor":1},{"not_picked":["Twin Strike","Second Wind"],"picked":"Armaments","floor":2},{"not_picked":["Clothesline","Dropkick"],"picked":"Anger","floor":3},{"not_picked":["Clash","Thunderclap"],"picked":"Metallicize","floor":5},{"not_picked":["Fire Breathing","Clothesline","Carnage"],"picked":"SKIP","floor":7},{"not_picked":["Iron Wave","Armaments"],"picked":"Shrug It Off","floor":8},{"not_picked":["Infernal Blade","Flex"],"picked":"Flame Barrier","floor":11},{"not_picked":["Wild Strike","Power Through","Sever Soul"],"picked":"SKIP","floor":12},{"not_picked":["Body Slam","Fire Breathing"],"picked":"Twin Strike","floor":13},{"not_picked":["Iron Wave","Dropkick","Anger"],"picked":"SKIP","floor":14}],"player_experience":1796324,"relics_obtained":[{"floor":7,"key":"Dead Branch"},{"floor":9,"key":"Regal Pillow"},{"floor":11,"key":"Ancient Tea Set"},{"floor":14,"key":"Shuriken"}],"event_choices":[{"damage_healed":0,"gold_gain":0,"cards_transformed":["Strike_R"],"player_choice":"Transformed","damage_taken":0,"max_hp_gain":0,"max_hp_loss":0,"event_name":"Transmorgrifier","floor":4,"gold_loss":0,"cards_obtained":["Offering"]}],"is_beta":false,"boss_relics":[],"items_purged_floors":[],"is_endless":false,"potions_floor_spawned":[1,2,8,11,14],"killed_by":"Slime Boss","ascension_level":20}