{"gold_per_floor":[114,114,39,39,55,90,90,12,12,30,30,0,0,43,43,133,133,157,82,82,82,155,219,5,5],"floor_reached":25,"playtime":812,"items_purged":["Strike_R"],"score":500,"play_id":"9831007f-3402-4515-bfaf-624d4a71d58a","local_time":"20190601030332","is_ascension_mode":true,"campfire_choices":[{"data":"Shockwave","floor":7,"key":"SMITH"},{"data":"Combust","floor":13,"key":"SMITH"},{"data":"Anger","floor":15,"key":"SMITH"}],"neow_cost":"NONE","seed_source_timestamp":253075737391271,"circlet_count":0,"master_deck":["AscendersBane","Strike_R","Strike_R","Strike_R","Defend_R","Defend_R","Defend_R","Defend_R","Bash","Clothesline","Anger+1","Shockwave+1","Combust+1","Feel No Pain","Armaments","Metallicize","Juggernaut","Spot Weakness","Pommel Strike","Shockwave+1","Feel No Pain"],"relics":["Burning Blood","NeowsBlessing","Golden Idol","Bird Faced Urn","Orichalcum","Ancient Tea Set","Mark of Pain","SsserpentHead","Tiny Chest","Membership Card"],"potions_floor_usage":[16,23,25],"damage_taken":[{"damage":0,"enemies":"Cultist","floor":1,"turns":1},{"damage":0,"enemies":"2 Louse","floor":5,"turns":1},{"damage":0,"enemies":"Gremlin Nob","floor":6,"turns":1},{"damage":7,"enemies":"Jaw Worm","floor":10,"turns":3},{"damage":25,"enemies":"Lagavulin","floor":14,"turns":7},{"damage":23,"enemies":"Hexaghost","floor":16,"turns":9},{"damage":24,"enemies":"Spheric Guardian","floor":18,"turns":4},{"damage":11,"enemies":"Chosen","floor":22,"turns":5},{"damage":56,"enemies":"Slavers","floor":23,"turns":6},{"damage":20,"enemies":"3 Cultists","floor":25,"turns":4}],"seed_played":"-7551290476955070074","potions_obtained":[{"floor":5,"key":"Strength Potion"},{"floor":6,"key":"EssenceOfSteel"},{"floor":14,"key":"Poison Potion"},{"floor":23,"key":"GamblersBrew"}],"is_trial":false,"path_per_floor":["M","?","$","?","M","E","R","$","T","M","$","$","R","E","R","B",null,"M","?","?","?","M","E","$","M"],"character_chosen":"IRONCLAD","items_purchased":["Combust","Armaments","Membership Card","Feel No Pain"],"campfire_rested":0,"item_purchase_floors":[8,12,24,24],"current_hp_per_floor":[74,68,68,68,68,68,68,68,68,67,67,67,67,51,51,40,61,51,51,51,51,54,12,12,0],"gold":5,"neow_bonus":"THREE_ENEMY_KILL","is_prod":false,"is_daily":false,"chose_seed":false,"campfire_upgraded":3,"win_rate":0,"timestamp":1559376212,"path_taken":["M","?","$","?","M","E","R","?","T","?","?","$","R","E","R","BOSS","M","?","?","?","?","E","?","M"],"build_version":"2019-01-23","purchased_purges":1,"victory":false,"max_hp_per_floor":[75,68,68,68,68,68,68,68,68,68,68,68,68,68,68,68,68,68,68,68,68,68,68,68,68],"card_choices":[{"not_picked":["Clash","Armaments"],"picked":"Clothesline","floor":1},{"not_picked":["Burning Pact","Rupture"],"picked":"Anger","floor":5},{"not_picked":["Armaments","Body Slam"],"picked":"Shockwave","floor":6},{"not_picked":["True Grit","Clash"],"picked":"Feel No Pain","floor":10},{"not_picked":["Sword Boomerang","Ghostly Armor"],"picked":"Metallicize","floor":14},{"not_picked":["Berserk","Limit Break"],"picked":"Juggernaut","floor":16},{"not_picked":["Wild Strike","Seeing Red"],"picked":"Spot Weakness","floor":18},{"not_picked":["Armaments","Twin Strike+1"],"picked":"Pommel Strike","floor":22},{"not_picked":["Armaments","Pommel Strike"],"picked":"Shockwave+1","floor":23}],"player_experience":1644672,"relics_obtained":[{"floor":6,"key":"Bird Faced Urn"},{"floor":9,"key":"Orichalcum"},{"floor":14,"key":"Ancient Tea Set"},{"floor":23,"key":"Tiny Chest"}],"event_choices":[{"damage_healed":0,"gold_gain":0,"player_choice":"Lose Max HP","damage_taken":0,"relics_obtained":["Golden Idol"],"max_hp_gain":0,"max_hp_loss":7,"event_name":"Golden Idol","floor":2,"gold_loss":0},{"damage_healed":0,"gold_gain":0,"player_choice":"Leave","damage_taken":0,"max_hp_gain":0,"max_hp_loss":0,"event_name":"The Cleric","floor":4,"gold_loss":0},{"cards_removed":["Strike_R"],"damage_healed":0,"gold_gain":0,"player_choice":"Gave Gold","damage_taken":0,"max_hp_gain":0,"max_hp_loss":0,"event_name":"Beggar","floor":19,"gold_loss":75},{"damage_healed":0,"gold_gain":0,"player_choice":"Trade","damage_taken":0,"relics_obtained":["SsserpentHead"],"max_hp_gain":0,"max_hp_loss":0,"event_name":"FaceTrader","floor":21,"gold_loss":0}],"is_beta":false,"boss_relics":[{"not_picked":["Busted Crown","Eternal Feather"],"picked":"Mark of Pain"}],"items_purged_floors":[3],"is_endless":false,"potions_floor_spawned":[5,6,14,23],"killed_by":"3 Cultists","ascension_level":20}