{"gold_per_floor":[19,19,34,53,71,71,102,102,128,128,153,153,1,40,40,139,139,162,162,187,200,223,223,241,272,272,272],"floor_reached":27,"playtime":1169,"items_purged":["Strike_R"],"score":490,"play_id":"9fdbd388-8be6-4cd4-a3a5-ebfdef770b73","local_time":"20190630191732","is_ascension_mode":true,"campfire_choices":[{"data":"Uppercut","floor":6,"key":"SMITH"},{"data":"Inflame","floor":8,"key":"SMITH"},{"data":"Discovery","floor":10,"key":"SMITH"},{"data":"Sword Boomerang","floor":12,"key":"SMITH"},{"data":"Combust","floor":15,"key":"SMITH"},{"data":"Rage","floor":23,"key":"SMITH"}],"neow_cost":"NO_GOLD","seed_source_timestamp":548134432474969,"circlet_count":0,"master_deck":["AscendersBane","Strike_R","Strike_R","Strike_R","Strike_R","Defend_R","Defend_R","Defend_R","Defend_R","Bash","Discovery+1","Thinking Ahead","Inflame+1","Sword Boomerang+1","Uppercut+1","Shrug It Off","Combust+1","Shrug It Off","Reaper","Burning Pact","Rage+1","Flame Barrier+1","Barricade","Disarm"],"relics":["Burning Blood","Golden Idol","Blood Vial","Bronze Scales","Omamori","Coffee Dripper","Self Forming Clay","Bird Faced Urn","Du-Vu Doll"],"potions_floor_usage":[7,16,18,21,25,27],"damage_taken":[{"damage":4,"enemies":"Small Slimes","floor":1,"turns":3},{"damage":6,"enemies":"Jaw Worm","floor":3,"turns":5},{"damage":1,"enemies":"Cultist","floor":4,"turns":3},{"damage":10,"enemies":"Red Slaver","floor":5,"turns":3},{"damage":17,"enemies":"Gremlin Nob","floor":7,"turns":4},{"damage":3,"enemies":"Large Slime","floor":11,"turns":6},{"damage":26,"enemies":"3 Sentries","floor":14,"turns":5},{"damage":16,"enemies":"Hexaghost","floor":16,"turns":10},{"damage":36,"enemies":"2 Thieves","floor":18,"turns":4},{"damage":2,"enemies":"3 Byrds","floor":20,"turns":2},{"damage":37,"enemies":"3 Cultists","floor":21,"turns":5},{"damage":27,"enemies":"Snake Plant","floor":22,"turns":5},{"damage":19,"enemies":"Snecko","floor":24,"turns":6},{"damage":38,"enemies":"Slavers","floor":25,"turns":5},{"damage":24,"enemies":"Shelled Parasite and Fungi","floor":27,"turns":3}],"seed_played":"4650113032623256960","potions_obtained":[{"floor":3,"key":"SpeedPotion"},{"floor":5,"key":"Block Potion"},{"floor":11,"key":"SteroidPotion"},{"floor":14,"key":"LiquidBronze"},{"floor":16,"key":"Regen Potion"},{"floor":21,"key":"Dexterity Potion"},{"floor":25,"key":"Ancient Potion"}],"is_trial":false,"path_per_floor":["M","?","M","M","M","R","E","R","T","R","M","R","$","E","R","B",null,"M","?","M","M","M","R","M","E","T","M"],"character_chosen":"IRONCLAD","items_purchased":["Combust"],"campfire_rested":0,"item_purchase_floors":[13],"current_hp_per_floor":[70,68,68,68,64,64,53,53,53,53,58,58,58,40,40,32,59,31,31,43,42,29,29,23,17,17,0],"gold":272,"neow_bonus":"RANDOM_COLORLESS_2","is_prod":false,"is_daily":false,"chose_seed":false,"campfire_upgraded":6,"win_rate":0,"timestamp":1561940252,"path_taken":["M","?","M","M","M","R","E","R","T","R","M","R","$","E","R","BOSS","M","?","M","M","?","R","M","E","T","M"],"build_version":"2019-06-29","purchased_purges":1,"victory":false,"max_hp_per_floor":[75,68,68,68,68,68,68,68,68,68,68,68,68,68,68,68,68,68,68,68,68,68,68,68,68,68,68],"card_choices":[{"not_picked":["Anger","Cleave"],"picked":"Inflame","floor":1},{"not_picked":["Thunderclap","Wild Strike"],"picked":"Sword Boomerang","floor":3},{"not_picked":["Clothesline","Flex"],"picked":"Uppercut","floor":4},{"not_picked":["Thunderclap","Havoc","Entrench"],"picked":"SKIP","floor":5},{"not_picked":["Heavy Blade","Sentinel","Clash"],"picked":"SKIP","floor":7},{"not_picked":["Intimidate","Headbutt"],"picked":"Shrug It Off","floor":11},{"not_picked":["Pummel","Flex"],"picked":"Shrug It Off","floor":14},{"not_picked":["Impervious","Juggernaut"],"picked":"Reaper","floor":16},{"not_picked":["Pummel","Dropkick"],"picked":"Burning Pact","floor":18},{"not_picked":["Cleave","Twin Strike"],"picked":"Rage","floor":20},{"not_picked":["Fire Breathing","Battle Trance"],"picked":"Flame Barrier+1","floor":21},{"not_picked":["Rampage","Pommel Strike","Blood for Blood"],"picked":"SKIP","floor":22},{"not_picked":["Iron Wave","Warcry"],"picked":"Barricade","floor":24},{"not_picked":["Perfected Strike","True Grit+1"],"picked":"Disarm","floor":25}],"player_experience":1604370,"relics_obtained":[{"floor":7,"key":"Blood Vial"},{"floor":9,"key":"Bronze Scales"},{"floor":14,"key":"Omamori"},{"floor":19,"key":"Self Forming Clay"},{"floor":25,"key":"Bird Faced Urn"},{"floor":26,"key":"Du-Vu Doll"}],"event_choices":[{"damage_healed":0,"gold_gain":0,"player_choice":"Lose Max HP","damage_taken":0,"relics_obtained":["Golden Idol"],"max_hp_gain":0,"max_hp_loss":7,"event_name":"Golden Idol","floor":2,"gold_loss":0},{"damage_healed":0,"gold_gain":0,"player_choice":"Relic","damage_taken":0,"max_hp_gain":0,"max_hp_loss":0,"event_name":"Wheel of Change","floor":19,"gold_loss":0}],"is_beta":true,"boss_relics":[{"not_picked":["Empty Cage","Pandora\u0027s Box"],"picked":"Coffee Dripper"}],"items_purged_floors":[13],"is_endless":false,"potions_floor_spawned":[3,5,11,14,16,21,25],"killed_by":"Shelled Parasite and Fungi","ascension_level":20}