{"gold_per_floor":[116,134,145,160,54,54,84,84,111,125,105,36,0,16,16,111,111,125,125,86,0],"floor_reached":21,"playtime":1439,"items_purged":[],"score":204,"play_id":"f3895c2f-491a-4895-ad4f-d3549e80ee7e","local_time":"20190704212047","is_ascension_mode":false,"campfire_choices":[{"floor":6,"key":"REST"},{"floor":8,"key":"REST"},{"floor":15,"key":"REST"}],"neow_cost":"NONE","seed_source_timestamp":1543809345869300,"circlet_count":0,"master_deck":["Defend_B","Defend_B","Defend_B","Defend_B","Zap","Dualcast","Madness","Static Discharge","Rebound","Conserve Battery","Heatsinks","Darkness","Hello World","Redo","Aggregate","Loop","Storm","Rainbow","Hello World","Bite","Bite","Bite","Bite","Bite","Reinforced Body"],"special_seed":0,"relics":["FrozenCore","Pen Nib","Centennial Puzzle"],"potions_floor_usage":[7,10,16,16,16],"damage_taken":[{"damage":1.0,"enemies":"2 Louse","floor":1.0,"turns":2.0},{"damage":1,"enemies":"Cultist","floor":2,"turns":3},{"damage":13,"enemies":"Jaw Worm","floor":3,"turns":2},{"damage":21,"enemies":"Exordium Thugs","floor":4,"turns":3},{"damage":35,"enemies":"Gremlin Nob","floor":7,"turns":4},{"damage":3,"enemies":"Lots of Slimes","floor":10,"turns":2},{"damage":13,"enemies":"2 Fungi Beasts","floor":14,"turns":4},{"damage":19,"enemies":"Slime Boss","floor":16,"turns":4},{"damage":22,"enemies":"Chosen","floor":18,"turns":5},{"damage":62,"enemies":"2 Thieves","floor":21,"turns":3}],"seed_played":"8539686388749740454","potions_obtained":[{"floor":2,"key":"Explosive Potion"},{"floor":3,"key":"AttackPotion"},{"floor":7,"key":"Energy Potion"},{"floor":10,"key":"Dexterity Potion"},{"floor":11,"key":"LiquidBronze"},{"floor":18,"key":"Fire Potion"}],"is_trial":false,"path_per_floor":["M","M","M","M","$","R","E","R","T","M","?","$","?","M","R","B",null,"M","?","$","M"],"character_chosen":"DEFECT","items_purchased":["Darkness","Hello World","Loop","Reinforced Body"],"campfire_rested":3,"item_purchase_floors":[5,5,12,20],"current_hp_per_floor":[74,73,60,39,39,61,26,48,48,45,45,45,45,32,54,35,75,53,52,52,0],"gold":0,"neow_bonus":"RANDOM_COLORLESS","is_prod":false,"is_daily":false,"chose_seed":false,"campfire_upgraded":0,"win_rate":0.0,"timestamp":1562289647,"path_taken":["M","M","M","M","$","R","E","R","T","M","?","?","?","M","R","BOSS","M","?","?","?"],"build_version":"2019-07-01","purchased_purges":0,"victory":false,"max_hp_per_floor":[75,75,75,75,75,75,75,75,75,75,75,75,75,75,75,75,75,75,52,52,52],"card_choices":[{"not_picked":["Loop","Defragment"],"picked":"Static Discharge","floor":1.0},{"not_picked":["Compile Driver","Conserve Battery"],"picked":"Rebound","floor":2},{"not_picked":["Ball Lightning","Hologram"],"picked":"Conserve Battery","floor":3},{"not_picked":["Stack","Hologram"],"picked":"Heatsinks","floor":4},{"not_picked":["White Noise","Leap"],"picked":"Redo","floor":7},{"not_picked":["Beam Cell","Conserve Battery"],"picked":"Aggregate","floor":10},{"not_picked":["Rebound","Stack"],"picked":"Storm","floor":14},{"not_picked":["Seek","Reboot"],"picked":"Rainbow","floor":16},{"not_picked":["Stack","Scrape"],"picked":"Hello World","floor":18}],"player_experience":49487,"relics_obtained":[{"floor":7,"key":"Pen Nib"},{"floor":9,"key":"Centennial Puzzle"}],"event_choices":[{"damage_healed":0,"gold_gain":0,"player_choice":"Bought 1 Potion","damage_taken":0,"max_hp_gain":0,"max_hp_loss":0,"event_name":"The Woman in Blue","floor":11,"gold_loss":0},{"damage_healed":0,"gold_gain":0,"player_choice":"Left Gold","damage_taken":0,"max_hp_gain":0,"max_hp_loss":0,"event_name":"World of Goop","floor":13,"gold_loss":36},{"damage_healed":0,"gold_gain":0,"player_choice":"Became a vampire","damage_taken":0,"max_hp_gain":0,"max_hp_loss":23,"event_name":"Vampires","floor":19,"gold_loss":0,"cards_obtained":["Bite","Bite","Bite","Bite","Bite"]}],"is_beta":false,"boss_relics":[{"not_picked":["Fusion Hammer","White Beast Statue"],"picked":"FrozenCore"}],"items_purged_floors":[],"is_endless":false,"potions_floor_spawned":[2,3,7,10,14,18],"killed_by":"2 Thieves","ascension_level":0}