{"gold_per_floor":[117,117,192,192,211,211,245,265,288,288,108,125,151,151,151,247,247,266,266,285,299,314,314,328,328,354,354,367,378,378,394,394,491,491,505,522,482,493,512,512,512],"floor_reached":41,"playtime":1105,"items_purged":["Defend_R"],"score":457,"play_id":"080d5b26-a9c0-49b6-bc38-3cd21596529a","local_time":"20190710153142","is_ascension_mode":false,"campfire_choices":[{"data":"Wild Strike","floor":6,"key":"SMITH"},{"data":"Bash","floor":10,"key":"SMITH"},{"data":"Iron Wave","floor":15,"key":"SMITH"},{"data":"Wild Strike","floor":23,"key":"SMITH"},{"data":"Twin Strike","floor":25,"key":"SMITH"},{"floor":32,"key":"REST"},{"data":"Twin Strike","floor":40,"key":"SMITH"}],"neow_cost":"NONE","seed_source_timestamp":587594992395416,"circlet_count":0,"master_deck":["Strike_R","Strike_R","Strike_R","Strike_R","Strike_R","Defend_R","Bash+1","Wild Strike+1","Flex","Flex","Flex","Twin Strike+1","Swift Strike","Iron Wave+1","Double Tap+1","Twin Strike","Wild Strike+1","J.A.X.","Twin Strike","Finesse","Twin Strike+1","Twin Strike+1","Wild Strike+1","Parasite","Havoc+1"],"relics":["Burning Blood","Self Forming Clay","Ornamental Fan","Potion Belt","Boot","Orichalcum","Philosopher\u0027s Stone","PreservedInsect","Empty Cage"],"potions_floor_usage":[13,13,24,29,33,33,38,38,38,39],"damage_taken":[{"damage":13,"enemies":"Jaw Worm","floor":1,"turns":3},{"damage":2,"enemies":"Small Slimes","floor":5,"turns":3},{"damage":10,"enemies":"Gremlin Nob","floor":7,"turns":3},{"damage":0,"enemies":"2 Louse","floor":8,"turns":2},{"damage":8,"enemies":"Gremlin Gang","floor":12,"turns":4},{"damage":0,"enemies":"Lagavulin","floor":13,"turns":2},{"damage":35,"enemies":"The Guardian","floor":16,"turns":8},{"damage":23,"enemies":"3 Byrds","floor":18,"turns":4},{"damage":7,"enemies":"Shell Parasite","floor":20,"turns":3},{"damage":12,"enemies":"Snecko","floor":21,"turns":3},{"damage":20,"enemies":"Snake Plant","floor":22,"turns":2},{"damage":6,"enemies":"Chosen and Byrds","floor":24,"turns":3},{"damage":21,"enemies":"Centurion and Healer","floor":28,"turns":3},{"damage":8,"enemies":"Cultist and Chosen","floor":29,"turns":3},{"damage":23,"enemies":"Snake Plant","floor":31,"turns":2},{"damage":30,"enemies":"Collector","floor":33,"turns":3},{"damage":32,"enemies":"3 Shapes","floor":35,"turns":4},{"damage":41,"enemies":"3 Darklings","floor":36,"turns":7},{"damage":3,"enemies":"Jaw Worm Horde","floor":38,"turns":1},{"damage":15,"enemies":"Writhing Mass","floor":39,"turns":4},{"damage":25,"enemies":"Reptomancer","floor":41,"turns":3}],"seed_played":"6798929021986196709","potions_obtained":[{"floor":1,"key":"SteroidPotion"},{"floor":12,"key":"SteroidPotion"},{"floor":13,"key":"SteroidPotion"},{"floor":21,"key":"Block Potion"},{"floor":22,"key":"Dexterity Potion"},{"floor":28,"key":"AttackPotion"},{"floor":35,"key":"GamblersBrew"},{"floor":37,"key":"FearPotion"},{"floor":37,"key":"AttackPotion"},{"floor":37,"key":"Swift Potion"},{"floor":38,"key":"Ancient Potion"}],"is_trial":false,"path_per_floor":["M","?","?","T","M","R","E","M","T","R","$","M","E","?","R","B",null,"M","?","M","M","M","R","M","R","T","?","M","M","?","M","R","B",null,"M","M","?","M","M","R","E"],"character_chosen":"IRONCLAD","items_purchased":["Twin Strike","Swift Strike"],"campfire_rested":1,"item_purchase_floors":[11,11],"current_hp_per_floor":[73,61,50,50,54,54,50,56,56,56,56,54,60,53,53,24,80,63,63,62,56,42,42,42,42,42,42,27,25,25,8,32,8,80,54,19,19,22,13,13,0],"gold":512,"neow_bonus":"REMOVE_CARD","is_prod":false,"is_daily":false,"chose_seed":false,"campfire_upgraded":6,"win_rate":0,"timestamp":1562736702,"path_taken":["M","?","?","?","M","R","E","M","T","R","$","M","E","?","R","BOSS","M","?","?","M","M","R","M","R","T","?","M","M","?","M","R","BOSS","M","M","?","?","M","R","E"],"build_version":"2019-07-05","purchased_purges":1,"victory":false,"max_hp_per_floor":[80,80,80,80,80,80,80,80,80,80,80,80,80,80,80,80,80,80,80,80,80,80,80,80,80,80,80,80,80,80,80,80,80,80,80,80,80,80,80,80,80],"card_choices":[{"not_picked":["Reckless Charge","Anger"],"picked":"Wild Strike","floor":1},{"not_picked":["Sever Soul","Searing Blow"],"picked":"Flex","floor":5},{"not_picked":["Burning Pact","Fire Breathing"],"picked":"Flex","floor":7},{"not_picked":["Body Slam","Iron Wave"],"picked":"Flex","floor":8},{"not_picked":["Havoc","Feel No Pain"],"picked":"Clash","floor":12},{"not_picked":["Limit Break","Sword Boomerang"],"picked":"Iron Wave","floor":13},{"not_picked":["Barricade","Exhume"],"picked":"Double Tap","floor":16},{"not_picked":["Iron Wave+1","True Grit"],"picked":"Clash","floor":18},{"not_picked":["Reckless Charge+1","Infernal Blade+1"],"picked":"Twin Strike","floor":20},{"not_picked":["Blood for Blood","Bloodletting+1"],"picked":"Wild Strike","floor":21},{"not_picked":["Sword Boomerang","True Grit","Combust"],"picked":"SKIP","floor":22},{"not_picked":["Power Through","Demon Form","Sever Soul"],"picked":"SKIP","floor":24},{"not_picked":["Sword Boomerang+1","Flex","Clash+1"],"picked":"SKIP","floor":28},{"not_picked":["Clothesline+1","Thunderclap"],"picked":"Twin Strike","floor":29},{"not_picked":["Combust","Thunderclap"],"picked":"Twin Strike","floor":31},{"not_picked":["Iron Wave+1","Inflame"],"picked":"Twin Strike+1","floor":35},{"not_picked":["Reckless Charge","True Grit","Cleave+1"],"picked":"SKIP","floor":36},{"not_picked":["Feed","Warcry+1"],"picked":"Wild Strike+1","floor":38},{"not_picked":["Clash+1","Sword Boomerang+1"],"picked":"Havoc+1","floor":39}],"player_experience":19292,"relics_obtained":[{"floor":4,"key":"Ornamental Fan"},{"floor":7,"key":"Potion Belt"},{"floor":9,"key":"Boot"},{"floor":13,"key":"Orichalcum"},{"floor":26,"key":"PreservedInsect"}],"event_choices":[{"damage_healed":0,"gold_gain":0,"player_choice":"Success","damage_taken":12,"relics_obtained":["Self Forming Clay"],"max_hp_gain":0,"max_hp_loss":0,"event_name":"Scrap Ooze","floor":2,"gold_loss":0},{"damage_healed":0,"gold_gain":75,"player_choice":"Gather Gold","damage_taken":11,"max_hp_gain":0,"max_hp_loss":0,"event_name":"World of Goop","floor":3,"gold_loss":0},{"cards_removed":["Defend_R"],"damage_healed":0,"gold_gain":0,"player_choice":"Card Removal","damage_taken":7,"max_hp_gain":0,"max_hp_loss":0,"event_name":"Golden Wing","floor":14,"gold_loss":0},{"damage_healed":0,"gold_gain":0,"player_choice":"Upgraded","damage_taken":0,"max_hp_gain":0,"max_hp_loss":0,"event_name":"Upgrade Shrine","floor":19,"gold_loss":0,"cards_upgraded":["Double Tap"]},{"damage_healed":0,"gold_gain":0,"player_choice":"Obtain J.A.X.","damage_taken":0,"max_hp_gain":0,"max_hp_loss":0,"event_name":"Drug Dealer","floor":27,"gold_loss":0,"cards_obtained":["J.A.X."]},{"damage_healed":0,"gold_gain":0,"player_choice":"1 cards matched","damage_taken":0,"max_hp_gain":0,"max_hp_loss":0,"event_name":"Match and Keep!","floor":30,"gold_loss":0,"cards_obtained":["Finesse"]},{"damage_healed":0,"gold_gain":0,"player_choice":"Bought 3 Potions","damage_taken":0,"max_hp_gain":0,"max_hp_loss":0,"event_name":"The Woman in Blue","floor":37,"gold_loss":0}],"is_beta":false,"boss_relics":[{"not_picked":["Calling Bell","Ectoplasm"],"picked":"Philosopher\u0027s Stone"},{"not_picked":["Tiny House","Snecko Eye"],"picked":"Empty Cage"}],"items_purged_floors":[11],"is_endless":false,"potions_floor_spawned":[1,12,13,21,22,28,35,38],"killed_by":"Reptomancer","ascension_level":0}