{"gold_per_floor":[209,33,46,46,62,62,74,88,88,88,3,37,37,70,70,143,143,163,163],"floor_reached":19,"playtime":930,"items_purged":[],"score":479,"play_id":"3e2eea47-8f9c-4027-a230-dfca54bd3503","local_time":"20190607233308","is_ascension_mode":true,"campfire_choices":[{"data":"Quick Slash","floor":6,"key":"SMITH"},{"data":"Neutralize","floor":10,"key":"SMITH"},{"data":"Deadly Poison","floor":13,"key":"SMITH"},{"data":"A Thousand Cuts","floor":15,"key":"SMITH"}],"neow_cost":"NONE","seed_source_timestamp":845133561701314,"circlet_count":0,"master_deck":["AscendersBane","Defend_G","Defend_G","Defend_G+1","Defend_G+1","Defend_G","Strike_G","Strike_G","Strike_G","Strike_G","Strike_G","Survivor","Neutralize+1","Quick Slash+1","Adrenaline","Pain","Well Laid Plans","PiercingWail","Footwork","Deadly Poison+1","Catalyst","A Thousand Cuts+1","Bullet Time","Shame","Pain","Writhe","Backflip+1"],"relics":["Ring of the Snake","WarpedTongs","Pantograph","Strawberry","Darkstone Periapt","Calling Bell","War Paint","Toxic Egg 2","Calipers"],"potions_floor_usage":[12,18],"damage_taken":[{"damage":0,"enemies":"Small Slimes","floor":1,"turns":4},{"damage":0,"enemies":"Cultist","floor":3,"turns":4},{"damage":4,"enemies":"Jaw Worm","floor":5,"turns":4},{"damage":13,"enemies":"3 Louse","floor":7,"turns":4},{"damage":5,"enemies":"Looter","floor":8,"turns":5},{"damage":5,"enemies":"Lagavulin","floor":12,"turns":7},{"damage":29,"enemies":"3 Sentries","floor":14,"turns":9},{"damage":19,"enemies":"Hexaghost","floor":16,"turns":9},{"damage":19,"enemies":"3 Byrds","floor":18,"turns":4},{"damage":27,"enemies":"Colosseum Slavers","floor":19,"turns":7},{"damage":63,"enemies":"Colosseum Nobs","floor":19,"turns":4}],"seed_played":"205766999115423131","potions_obtained":[{"floor":3,"key":"FairyPotion"},{"floor":8,"key":"SneckoOil"},{"floor":14,"key":"LiquidBronze"}],"is_trial":false,"path_per_floor":["M","$","M","?","M","R","M","M","T","R","$","E","R","E","R","B",null,"M","?"],"character_chosen":"THE_SILENT","items_purchased":["Adrenaline","Deadly Poison","AttackPotion"],"campfire_rested":0,"item_purchase_floors":[2,11,11],"current_hp_per_floor":[59,59,59,59,55,55,42,37,37,37,37,39,39,10,10,16,77,58,0],"gold":163,"neow_bonus":"HUNDRED_GOLD","is_prod":false,"is_daily":false,"chose_seed":false,"campfire_upgraded":4,"win_rate":0,"timestamp":1559968388,"path_taken":["M","$","M","?","M","R","M","M","T","R","$","E","R","E","R","BOSS","M","?"],"build_version":"2019-01-23","purchased_purges":0,"victory":false,"max_hp_per_floor":[66,66,66,66,66,66,66,66,66,66,66,73,73,73,73,73,91,91,91],"card_choices":[{"not_picked":["Cloak And Dagger","Slice"],"picked":"Quick Slash","floor":1},{"not_picked":["Masterful Stab","Deflect","Underhanded Strike"],"picked":"SKIP","floor":3},{"not_picked":["Prepared","Escape Plan"],"picked":"Well Laid Plans","floor":5},{"not_picked":["Dash","Terror"],"picked":"PiercingWail","floor":7},{"not_picked":["Dagger Throw","Tactician"],"picked":"Footwork","floor":8},{"not_picked":["All Out Attack","Bane"],"picked":"Catalyst","floor":12},{"not_picked":["Caltrops","Underhanded Strike"],"picked":"A Thousand Cuts","floor":14},{"not_picked":["Unload","Storm of Steel"],"picked":"Bullet Time","floor":16},{"not_picked":["Slice","Flying Knee+1"],"picked":"Backflip+1","floor":18}],"player_experience":1715399,"relics_obtained":[{"floor":9,"key":"Pantograph"},{"floor":12,"key":"Strawberry"},{"floor":14,"key":"Darkstone Periapt"},{"floor":17,"key":"War Paint"},{"floor":17,"key":"Toxic Egg 2"},{"floor":17,"key":"Calipers"}],"event_choices":[{"damage_healed":0,"gold_gain":0,"player_choice":"Rummage","damage_taken":0,"relics_obtained":["WarpedTongs"],"max_hp_gain":0,"max_hp_loss":0,"event_name":"Accursed Blacksmith","floor":4,"gold_loss":0,"cards_obtained":["Pain"]},{"damage_healed":0,"gold_gain":0,"player_choice":"Fight","damage_taken":0,"max_hp_gain":0,"max_hp_loss":0,"event_name":"Colosseum","floor":19,"gold_loss":0},{"damage_healed":0,"gold_gain":0,"player_choice":"Fought Nobs","damage_taken":0,"max_hp_gain":0,"max_hp_loss":0,"event_name":"Colosseum","floor":19,"gold_loss":0}],"is_beta":false,"boss_relics":[{"not_picked":["Tiny House","Black Star"],"picked":"Calling Bell"}],"items_purged_floors":[],"is_endless":false,"potions_floor_spawned":[3,8,14,19],"killed_by":"Colosseum Nobs","ascension_level":20}