{"gold_per_floor":[116,166,179,21,35,35,63,63,142,160,171,204,222,222,222,299,299,314,292,26,301,319,319,354,354,354,354],"floor_reached":27,"playtime":1047,"items_purged":["Strike_B"],"score":446,"play_id":"fd97de8c-a695-4cc1-acc1-25f227101b87","local_time":"20190601203118","is_ascension_mode":true,"campfire_choices":[{"data":"Zap","floor":6,"key":"SMITH"},{"floor":8,"key":"REST"},{"data":"Fission","floor":15,"key":"SMITH"},{"data":"Chill","floor":23,"key":"SMITH"}],"neow_cost":"TEN_PERCENT_HP_LOSS","seed_source_timestamp":315706293308337,"circlet_count":0,"master_deck":["AscendersBane","Strike_B","Defend_B","Defend_B","Defend_B","Defend_B","Zap+1","Dualcast","Rainbow","Melter","Gash","Chill+1","Loop","Coolheaded","Genetic Algorithm","Fission+1","Self Repair","Electrodynamics","Biased Cognition","Auto Shields","Gash"],"relics":["Cracked Core","Omamori","Anchor","Gremlin Horn","Potion Belt","Busted Crown","Tiny Chest","Red Mask","Oddly Smooth Stone"],"potions_floor_usage":[12,12,18,27,27,27,27],"damage_taken":[{"damage":1,"enemies":"Cultist","floor":1,"turns":4},{"damage":1,"enemies":"Small Slimes","floor":3,"turns":3},{"damage":5,"enemies":"Jaw Worm","floor":5,"turns":3},{"damage":26,"enemies":"3 Sentries","floor":7,"turns":10},{"damage":0,"enemies":"Red Slaver","floor":10,"turns":3},{"damage":0,"enemies":"3 Louse","floor":11,"turns":3},{"damage":9,"enemies":"Gremlin Nob","floor":12,"turns":4},{"damage":0,"enemies":"2 Fungi Beasts","floor":13,"turns":4},{"damage":28,"enemies":"The Guardian","floor":16,"turns":12},{"damage":0,"enemies":"Spheric Guardian","floor":18,"turns":2},{"damage":13,"enemies":"2 Thieves","floor":19,"turns":4},{"damage":0,"enemies":"3 Cultists","floor":22,"turns":3},{"damage":0,"enemies":"Masked Bandits","floor":24,"turns":3},{"damage":70,"enemies":"Book of Stabbing","floor":27,"turns":4}],"seed_played":"-6850203645032875999","potions_obtained":[{"floor":5,"key":"Fire Potion"},{"floor":10,"key":"Energy Potion"},{"floor":11,"key":"PowerPotion"},{"floor":12,"key":"Explosive Potion"},{"floor":13,"key":"Fruit Juice"},{"floor":16,"key":"SkillPotion"},{"floor":24,"key":"Swift Potion"}],"is_trial":false,"path_per_floor":["M","?","M","$","M","R","E","R","T","M","M","E","M","?","R","B",null,"M","M","$","?","M","R","?","?","T","E"],"character_chosen":"DEFECT","items_purchased":["Omamori","Tiny Chest","Fire Potion"],"campfire_rested":1,"item_purchase_floors":[4,20,20],"current_hp_per_floor":[63,57,56,56,51,51,25,44,44,44,44,35,35,35,35,14,52,59,53,53,53,60,60,64,64,64,0],"gold":354,"neow_bonus":"TRANSFORM_TWO_CARDS","is_prod":false,"is_daily":false,"chose_seed":false,"campfire_upgraded":3,"win_rate":0,"timestamp":1559439078,"path_taken":["M","?","?","$","M","R","E","R","T","M","M","E","M","?","R","BOSS","M","?","$","?","?","R","?","?","T","E"],"build_version":"2019-01-23","purchased_purges":1,"victory":false,"max_hp_per_floor":[64,64,64,64,64,64,64,64,64,64,64,64,64,64,64,64,64,64,64,64,64,64,64,64,64,64,69],"card_choices":[{"not_picked":["Barrage","Heatsinks","Go for the Eyes"],"picked":"SKIP","floor":1},{"not_picked":["Leap","Steam"],"picked":"Gash","floor":3},{"not_picked":["Leap","Steam"],"picked":"Chill","floor":5},{"not_picked":["Ball Lightning","Streamline"],"picked":"Loop","floor":7},{"not_picked":["Sweeping Beam","Blizzard"],"picked":"Coolheaded","floor":10},{"not_picked":["Conserve Battery","Streamline"],"picked":"Genetic Algorithm","floor":11},{"not_picked":["Beam Cell","Consume"],"picked":"Fission","floor":12},{"not_picked":["Hologram","Turbo"],"picked":"Self Repair","floor":13},{"not_picked":["Multi-Cast","Amplify"],"picked":"Biased Cognition","floor":16},{"not_picked":["Redo+1"],"picked":"SKIP","floor":18},{"not_picked":[],"picked":"Auto Shields","floor":19},{"not_picked":[],"picked":"Gash","floor":22}],"player_experience":1663747,"relics_obtained":[{"floor":7,"key":"Anchor"},{"floor":9,"key":"Gremlin Horn"},{"floor":12,"key":"Potion Belt"},{"floor":24,"key":"Red Mask"},{"floor":26,"key":"Oddly Smooth Stone"}],"event_choices":[{"damage_healed":0,"gold_gain":50,"player_choice":"Touch","damage_taken":6,"max_hp_gain":0,"max_hp_loss":0,"event_name":"FaceTrader","floor":2,"gold_loss":0},{"damage_healed":0,"gold_gain":0,"player_choice":"1 cards matched","damage_taken":0,"max_hp_gain":0,"max_hp_loss":0,"event_name":"Match and Keep!","floor":14,"gold_loss":0,"cards_obtained":["Electrodynamics"]},{"damage_healed":0,"gold_gain":275,"player_choice":"Desecrate","damage_taken":0,"max_hp_gain":0,"max_hp_loss":0,"event_name":"Golden Shrine","floor":21,"gold_loss":0,"cards_obtained":["Regret"]},{"damage_healed":0,"gold_gain":0,"player_choice":"Fought Bandits","damage_taken":0,"max_hp_gain":0,"max_hp_loss":0,"event_name":"Masked Bandits","floor":24,"gold_loss":0},{"damage_healed":0,"gold_gain":0,"player_choice":"Ignored","damage_taken":0,"max_hp_gain":0,"max_hp_loss":0,"event_name":"Vampires","floor":25,"gold_loss":0}],"is_beta":false,"boss_relics":[{"not_picked":["Eternal Feather","Velvet Choker"],"picked":"Busted Crown"}],"items_purged_floors":[20],"is_endless":false,"potions_floor_spawned":[5,10,11,12,13,16,24],"killed_by":"Book of Stabbing","ascension_level":20}