{"gold_per_floor":[115,11,11,11,11,36,36,47,47,47,78,78,104,116,116,193,193,213,128,35,53,53,80,93,126,126,126],"floor_reached":27,"playtime":855,"items_purged":["Strike_R","Strike_R"],"score":634,"play_id":"5717676b-092a-40ca-889a-aaf2a5206cb5","local_time":"20190607231727","is_ascension_mode":true,"campfire_choices":[{"data":"Anger","floor":7,"key":"SMITH"},{"data":"Twin Strike","floor":12,"key":"SMITH"},{"data":"True Grit","floor":15,"key":"SMITH"}],"neow_cost":"NONE","seed_source_timestamp":844267743050801,"circlet_count":0,"master_deck":["AscendersBane","Strike_R","Strike_R","Strike_R","Defend_R","Defend_R","Defend_R","Defend_R","Bash+1","Headbutt","Shrug It Off","Anger+1","Twin Strike+1","Pain","Exhume","Thunderclap","True Grit+1","Immolate","Rupture","Necronomicurse","Fiend Fire","Burning Pact"],"relics":["Burning Blood","NeowsBlessing","Gambling Chip","Smiling Mask","Shuriken","WarpedTongs","Lantern","Runic Cube","Art of War","Necronomicon","Potion Belt","Juzu Bracelet","FossilizedHelix"],"potions_floor_usage":[16,25],"damage_taken":[{"damage":0,"enemies":"2 Louse","floor":1,"turns":1},{"damage":0,"enemies":"Lagavulin","floor":6,"turns":1},{"damage":0,"enemies":"Jaw Worm","floor":8,"turns":1},{"damage":33,"enemies":"Gremlin Nob","floor":11,"turns":4},{"damage":24,"enemies":"Lagavulin","floor":13,"turns":4},{"damage":0,"enemies":"Small Slimes","floor":14,"turns":1},{"damage":21,"enemies":"Slime Boss","floor":16,"turns":6},{"damage":4,"enemies":"Chosen","floor":18,"turns":3},{"damage":17,"enemies":"Spheric Guardian","floor":21,"turns":4},{"damage":0,"enemies":"Slavers","floor":23,"turns":1},{"damage":2,"enemies":"Centurion and Healer","floor":24,"turns":3},{"damage":37,"enemies":"Book of Stabbing","floor":25,"turns":4},{"damage":18,"enemies":"Shelled Parasite and Fungi","floor":27,"turns":2}],"seed_played":"3841714799673561911","potions_obtained":[{"floor":6,"key":"LiquidBronze"},{"floor":11,"key":"BloodPotion"},{"floor":13,"key":"SkillPotion"},{"floor":14,"key":"AttackPotion"},{"floor":18,"key":"Dexterity Potion"},{"floor":25,"key":"Strength Potion"}],"is_trial":false,"path_per_floor":["M","$","?","?","$","E","R","M","T","?","E","R","E","M","R","B",null,"M","?","$","M","?","E","M","E","T","M"],"character_chosen":"IRONCLAD","items_purchased":["Shrug It Off","Rupture"],"campfire_rested":0,"item_purchase_floors":[2,20],"current_hp_per_floor":[74,74,74,63,63,69,69,75,75,75,48,48,30,36,36,21,62,64,64,64,53,32,38,42,11,11,0],"gold":126,"neow_bonus":"THREE_ENEMY_KILL","is_prod":false,"is_daily":false,"chose_seed":false,"campfire_upgraded":3,"win_rate":0,"timestamp":1559967447,"path_taken":["M","$","?","?","?","E","R","M","T","?","E","R","E","M","R","BOSS","M","?","$","M","?","E","M","E","T","M"],"build_version":"2019-01-23","purchased_purges":2,"victory":false,"max_hp_per_floor":[75,75,75,75,75,75,75,75,75,75,75,75,75,75,75,75,75,75,75,75,75,75,75,75,75,75,75],"card_choices":[{"not_picked":["Twin Strike","Perfected Strike"],"picked":"Headbutt","floor":1},{"not_picked":["Bludgeon","Clash"],"picked":"Anger","floor":6},{"not_picked":["Fire Breathing","Body Slam"],"picked":"Twin Strike","floor":8},{"not_picked":["True Grit","Searing Blow"],"picked":"Exhume","floor":11},{"not_picked":["Wild Strike","Anger"],"picked":"Thunderclap","floor":13},{"not_picked":["Wild Strike","Armaments"],"picked":"True Grit","floor":14},{"not_picked":["Double Tap","Reaper"],"picked":"Immolate","floor":16},{"not_picked":["Carnage","Clash","Anger"],"picked":"SKIP","floor":18},{"not_picked":["Havoc","Twin Strike","Thunderclap"],"picked":"SKIP","floor":21},{"not_picked":["Reckless Charge","Blood for Blood"],"picked":"Fiend Fire","floor":23},{"not_picked":["Body Slam","Havoc","Flex"],"picked":"SKIP","floor":24},{"not_picked":["Shockwave","Entrench"],"picked":"Burning Pact","floor":25}],"player_experience":1714544,"relics_obtained":[{"floor":6,"key":"Smiling Mask"},{"floor":9,"key":"Shuriken"},{"floor":11,"key":"Lantern"},{"floor":22,"key":"Necronomicon"},{"floor":23,"key":"Potion Belt"},{"floor":25,"key":"Juzu Bracelet"},{"floor":26,"key":"FossilizedHelix"}],"event_choices":[{"damage_healed":0,"gold_gain":0,"player_choice":"Grow","damage_taken":0,"max_hp_gain":0,"max_hp_loss":0,"event_name":"Living Wall","floor":3,"gold_loss":0,"cards_upgraded":["Bash"]},{"damage_healed":0,"gold_gain":0,"player_choice":"Success","damage_taken":11,"relics_obtained":["Gambling Chip"],"max_hp_gain":0,"max_hp_loss":0,"event_name":"Scrap Ooze","floor":4,"gold_loss":0},{"damage_healed":0,"gold_gain":0,"player_choice":"Rummage","damage_taken":0,"relics_obtained":["WarpedTongs"],"max_hp_gain":0,"max_hp_loss":0,"event_name":"Accursed Blacksmith","floor":10,"gold_loss":0,"cards_obtained":["Pain"]},{"damage_healed":0,"gold_gain":0,"player_choice":"Obtained Relic","damage_taken":0,"relics_obtained":["Art of War"],"max_hp_gain":0,"max_hp_loss":0,"event_name":"Addict","floor":19,"gold_loss":85},{"damage_healed":0,"gold_gain":0,"player_choice":"Obtained Book","damage_taken":21,"max_hp_gain":0,"max_hp_loss":0,"event_name":"Cursed Tome","floor":22,"gold_loss":0}],"is_beta":false,"boss_relics":[{"not_picked":["Tiny House","Ectoplasm"],"picked":"Runic Cube"}],"items_purged_floors":[2,20],"is_endless":false,"potions_floor_spawned":[6,11,13,14,18,25],"killed_by":"Shelled Parasite and Fungi","ascension_level":20}