{"gold_per_floor":[17,17,33,43,6,6,36,55,55,67,67,67],"floor_reached":12,"playtime":691,"items_purged":[],"score":80,"play_id":"16ffdc69-8502-4f80-bb7b-638f9fdd65d6","local_time":"20190707091901","is_ascension_mode":false,"campfire_choices":[{"data":"White Noise","floor":6,"key":"SMITH"},{"data":"Barrage","floor":11,"key":"SMITH"}],"neow_cost":"NO_GOLD","seed_source_timestamp":662105978597263,"circlet_count":0,"master_deck":["Strike_B","Strike_B","Strike_B","Strike_B","Defend_B","Defend_B","Defend_B","Defend_B","Zap","Dualcast","Coolheaded","Skim","Barrage+1","White Noise+1","Hologram","Force Field","Leap"],"relics":["Cracked Core","Mercury Hourglass","Letter Opener"],"potions_floor_usage":[],"damage_taken":[{"damage":6,"enemies":"Cultist","floor":1,"turns":3},{"damage":5,"enemies":"2 Louse","floor":3,"turns":4},{"damage":1,"enemies":"Small Slimes","floor":4,"turns":3},{"damage":40,"enemies":"Gremlin Nob","floor":7,"turns":5},{"damage":5,"enemies":"Looter","floor":8,"turns":4},{"damage":17,"enemies":"Large Slime","floor":10,"turns":5},{"damage":8,"enemies":"Lagavulin","floor":12,"turns":2}],"seed_played":"3809605786140010108","potions_obtained":[{"floor":1,"key":"EntropicBrew"},{"floor":4,"key":"Swift Potion"}],"is_trial":false,"path_per_floor":["M","?","M","M","$","R","E","M","T","M","R","E"],"character_chosen":"DEFECT","items_purchased":["White Noise"],"campfire_rested":0,"item_purchase_floors":[5],"current_hp_per_floor":[83,75,70,69,69,69,29,24,24,7,7,0],"gold":67,"neow_bonus":"TWENTY_PERCENT_HP_BONUS","is_prod":false,"is_daily":false,"chose_seed":false,"campfire_upgraded":2,"win_rate":0,"timestamp":1562458741,"path_taken":["M","?","M","?","?","R","E","M","T","M","R","E"],"build_version":"2019-07-05","purchased_purges":0,"victory":false,"max_hp_per_floor":[89,89,89,89,89,89,89,89,89,89,89,89],"card_choices":[{"not_picked":["Skim","Sweeping Beam"],"picked":"Coolheaded","floor":1},{"not_picked":["Gash","Tempest"],"picked":"Skim","floor":3},{"not_picked":["FTL","Ball Lightning"],"picked":"Barrage","floor":4},{"not_picked":["Beam Cell","Double Energy"],"picked":"Hologram","floor":7},{"not_picked":["Streamline","Cold Snap"],"picked":"Force Field","floor":8},{"not_picked":["Double Energy","Tempest"],"picked":"Leap","floor":10}],"player_experience":83561,"relics_obtained":[{"floor":7,"key":"Mercury Hourglass"},{"floor":9,"key":"Letter Opener"}],"event_choices":[{"damage_healed":0,"gold_gain":0,"player_choice":"Damaged","damage_taken":8,"max_hp_gain":0,"max_hp_loss":0,"event_name":"Wheel of Change","floor":2,"gold_loss":0}],"is_beta":false,"boss_relics":[],"items_purged_floors":[],"is_endless":false,"potions_floor_spawned":[1,4],"killed_by":"Lagavulin","ascension_level":0}