{"gold_per_floor":[117,127,139,150,150,150,183,183,183,183,221,221,245,245,245,368,368,383,383,0,15,15,53,53,72,98,121,121,142,177,195,195,195],"floor_reached":33,"playtime":1620,"items_purged":["Injury"],"score":297,"play_id":"c177e9e8-70ee-43dc-9e00-f0f4336457a0","local_time":"20190705125805","is_ascension_mode":false,"campfire_choices":[{"data":"Armaments","floor":6,"key":"SMITH"},{"data":"Pommel Strike","floor":8,"key":"SMITH"},{"data":"Burning Pact","floor":15,"key":"SMITH"},{"floor":24,"key":"DIG"},{"floor":28,"key":"DIG"},{"floor":32,"key":"DIG"}],"neow_cost":"CURSE","seed_source_timestamp":145848286644726,"circlet_count":0,"master_deck":["Strike_R","Strike_R","Strike_R","Strike_R+1","Defend_R","Defend_R","Defend_R","Bash+1","Infernal Blade","Rampage","Armaments+1","Evolve","Sever Soul","Pommel Strike+1","Second Wind","Burning Pact+1","Immolate","Rage","Flex+1","Bloodletting+1","Power Through","Seeing Red+1"],"relics":["Black Blood","Oddly Smooth Stone","Nunchaku","Bottled Lightning","Golden Idol","Bronze Scales","Bag of Preparation","Enchiridion","Shovel","Red Skull","Letter Opener","Dream Catcher","FossilizedHelix","Question Card","Whetstone"],"potions_floor_usage":[11,16,23,23,30,33],"damage_taken":[{"damage":1,"enemies":"Cultist","floor":1,"turns":3},{"damage":1,"enemies":"Jaw Worm","floor":2,"turns":3},{"damage":0,"enemies":"2 Louse","floor":3,"turns":2},{"damage":12,"enemies":"Exordium Wildlife","floor":4,"turns":4},{"damage":18,"enemies":"3 Sentries","floor":7,"turns":6},{"damage":24,"enemies":"Lagavulin","floor":11,"turns":5},{"damage":7,"enemies":"Blue Slaver","floor":13,"turns":3},{"damage":43,"enemies":"Slime Boss","floor":16,"turns":11},{"damage":30,"enemies":"Spheric Guardian","floor":18,"turns":4},{"damage":8,"enemies":"3 Byrds","floor":21,"turns":2},{"damage":15,"enemies":"Book of Stabbing","floor":23,"turns":5},{"damage":13,"enemies":"Snake Plant","floor":25,"turns":3},{"damage":8,"enemies":"Centurion and Healer","floor":27,"turns":4},{"damage":0,"enemies":"3 Cultists","floor":29,"turns":3},{"damage":28,"enemies":"Slavers","floor":30,"turns":2},{"damage":17,"enemies":"Snake Plant","floor":31,"turns":3},{"damage":47,"enemies":"Champ","floor":33,"turns":6}],"seed_played":"-4624392502348384376","potions_obtained":[{"floor":3,"key":"PowerPotion"},{"floor":4,"key":"Ancient Potion"},{"floor":7,"key":"Strength Potion"},{"floor":13,"key":"BloodPotion"},{"floor":16,"key":"SteroidPotion"},{"floor":18,"key":"SteroidPotion"},{"floor":21,"key":"SteroidPotion"},{"floor":23,"key":"GamblersBrew"},{"floor":31,"key":"AttackPotion"}],"is_trial":false,"path_per_floor":["M","M","M","M","?","R","E","R","T","?","E","T","M","?","R","B",null,"M","?","$","M","?","E","R","M","T","M","R","M","E","M","R","B"],"character_chosen":"IRONCLAD","items_purchased":["Shovel"],"campfire_rested":0,"item_purchase_floors":[20],"current_hp_per_floor":[80,80,80,74,67,67,55,55,55,55,37,37,36,29,29,12,80,60,44,44,46,46,41,41,38,38,40,40,50,32,25,25,0],"gold":195,"neow_bonus":"TRANSFORM_TWO_CARDS","is_prod":false,"is_daily":false,"chose_seed":false,"campfire_upgraded":3,"win_rate":0,"timestamp":1562295485,"path_taken":["M","M","?","M","?","R","E","R","T","?","E","?","M","?","R","BOSS","M","?","$","M","?","E","R","M","T","M","R","M","E","M","R","BOSS"],"build_version":"2019-07-01","purchased_purges":1,"victory":false,"max_hp_per_floor":[80,80,80,80,80,80,80,80,80,80,80,80,80,80,80,80,80,80,80,80,80,80,80,80,80,80,80,80,80,80,80,80,80],"card_choices":[{"not_picked":["Clothesline","Feel No Pain"],"picked":"Armaments","floor":1},{"not_picked":["True Grit","Clash"],"picked":"Evolve","floor":2},{"not_picked":["Sword Boomerang","Cleave"],"picked":"Sever Soul","floor":3},{"not_picked":["Shrug It Off","Corruption"],"picked":"Pommel Strike","floor":4},{"not_picked":["Body Slam","Iron Wave","Sword Boomerang"],"picked":"SKIP","floor":7},{"not_picked":["Flame Barrier","Heavy Blade"],"picked":"Second Wind","floor":11},{"not_picked":["Armaments","Juggernaut"],"picked":"Burning Pact","floor":13},{"not_picked":["Berserk","Feed"],"picked":"Immolate","floor":16},{"not_picked":["Cleave","Perfected Strike+1"],"picked":"Rage","floor":18},{"not_picked":["Cleave","Pummel"],"picked":"Flex+1","floor":21},{"not_picked":["Searing Blow","Feel No Pain","Flex"],"picked":"SKIP","floor":23},{"not_picked":["Reaper","Burning Pact","Flex"],"picked":"SKIP","floor":25},{"not_picked":["Warcry","Pummel"],"picked":"Bloodletting+1","floor":27},{"not_picked":["Sword Boomerang","Corruption"],"picked":"Power Through","floor":29},{"not_picked":["Blood for Blood","Disarm+1"],"picked":"Seeing Red+1","floor":30},{"not_picked":["Body Slam","Iron Wave+1","Pommel Strike","Sword Boomerang"],"picked":"SKIP","floor":31}],"player_experience":12308,"relics_obtained":[{"floor":7,"key":"Nunchaku"},{"floor":9,"key":"Bottled Lightning"},{"floor":11,"key":"Bronze Scales"},{"floor":12,"key":"Bag of Preparation"},{"floor":19,"key":"Enchiridion"},{"floor":23,"key":"Red Skull"},{"floor":24,"key":"Letter Opener"},{"floor":26,"key":"Dream Catcher"},{"floor":28,"key":"FossilizedHelix"},{"floor":30,"key":"Question Card"},{"floor":32,"key":"Whetstone"}],"event_choices":[{"damage_healed":0,"gold_gain":0,"player_choice":"Success","damage_taken":7,"relics_obtained":["Oddly Smooth Stone"],"max_hp_gain":0,"max_hp_loss":0,"event_name":"Scrap Ooze","floor":5,"gold_loss":0},{"damage_healed":0,"gold_gain":0,"player_choice":"Take Wound","damage_taken":0,"relics_obtained":["Golden Idol"],"max_hp_gain":0,"max_hp_loss":0,"event_name":"Golden Idol","floor":10,"gold_loss":0,"cards_obtained":["Injury"]},{"cards_removed":["Shame"],"damage_healed":0,"gold_gain":0,"player_choice":"Card Removal","damage_taken":7,"max_hp_gain":0,"max_hp_loss":0,"event_name":"Golden Wing","floor":14,"gold_loss":0},{"damage_healed":0,"gold_gain":0,"player_choice":"Obtained Book","damage_taken":16,"max_hp_gain":0,"max_hp_loss":0,"event_name":"Cursed Tome","floor":19,"gold_loss":0},{"damage_healed":0,"gold_gain":0,"player_choice":"Ignored","damage_taken":0,"max_hp_gain":0,"max_hp_loss":0,"event_name":"Vampires","floor":22,"gold_loss":0}],"is_beta":false,"boss_relics":[{"not_picked":["Velvet Choker","Tiny House"],"picked":"Black Blood"}],"items_purged_floors":[20],"is_endless":false,"potions_floor_spawned":[3,4,7,13,16,18,21,23,31],"killed_by":"Champ","ascension_level":0}