{"gold_per_floor":[117,129,149,161,186,68,68,68,68,79,90,106,106,124,124,226,226,245,256,286,286,286,301,301,311,311,330,330,102,102,102,102,102],"floor_reached":33,"playtime":3916,"items_purged":[],"score":350,"play_id":"23d663fb-2e35-436c-9c79-9edf23d3075f","local_time":"20190713092654","is_ascension_mode":true,"campfire_choices":[{"data":"Leg Sweep","floor":7.0,"key":"SMITH"},{"data":"Discovery","floor":8.0,"key":"SMITH"},{"data":"Dodge and Roll","floor":13.0,"key":"SMITH"},{"floor":15.0,"key":"REST"},{"floor":28.0,"key":"REST"},{"data":"Noxious Fumes","floor":30,"key":"SMITH"},{"floor":32,"key":"REST"}],"neow_cost":"PERCENT_DAMAGE","seed_source_timestamp":270110961565392,"circlet_count":0,"master_deck":["Strike_G","Strike_G","Strike_G","Strike_G","Strike_G","Defend_G","Defend_G","Defend_G","Defend_G","Defend_G","Survivor","Neutralize","Escape Plan","Leg Sweep+1","Dodge and Roll+1","Backstab","Discovery+1","Cloak And Dagger","Dagger Throw","Dodge and Roll","Flying Knee","Dagger Spray","Malaise","Poisoned Stab+1","Backstab","Deflect","Writhe","RitualDagger","Backstab+1","Die Die Die","Purity","Blur","Neutralize","Cloak And Dagger","A Thousand Cuts","Noxious Fumes+1","Cloak And Dagger+1"],"special_seed":0,"relics":["Ring of the Snake","WingedGreaves","Vajra","Letter Opener","Red Mask","Juzu Bracelet","Toxic Egg 2","Regal Pillow"],"potions_floor_usage":[33,33,33],"damage_taken":[{"damage":2.0,"enemies":"Cultist","floor":1.0,"turns":4.0},{"damage":2.0,"enemies":"Jaw Worm","floor":2.0,"turns":6.0},{"damage":1.0,"enemies":"Small Slimes","floor":3.0,"turns":5.0},{"damage":5.0,"enemies":"3 Louse","floor":4.0,"turns":8.0},{"damage":0.0,"enemies":"Looter","floor":10.0,"turns":3.0},{"damage":2.0,"enemies":"Red Slaver","floor":11.0,"turns":2.0},{"damage":3.0,"enemies":"Blue Slaver","floor":12.0,"turns":3.0},{"damage":0.0,"enemies":"Exordium Wildlife","floor":14.0,"turns":2.0},{"damage":23.0,"enemies":"Hexaghost","floor":16.0,"turns":13.0},{"damage":9.0,"enemies":"Spheric Guardian","floor":18.0,"turns":5.0},{"damage":0.0,"enemies":"3 Byrds","floor":19.0,"turns":5.0},{"damage":8.0,"enemies":"Masked Bandits","floor":20.0,"turns":4.0},{"damage":16.0,"enemies":"Centurion and Healer","floor":23.0,"turns":5.0},{"damage":0.0,"enemies":"Cultist and Chosen","floor":25.0,"turns":4.0},{"damage":8.0,"enemies":"Chosen and Byrds","floor":27.0,"turns":5.0},{"damage":78,"enemies":"Collector","floor":33,"turns":11}],"seed_played":"-2194677038631414483","potions_obtained":[{"floor":1.0,"key":"SpeedPotion"},{"floor":3.0,"key":"EntropicBrew"},{"floor":12.0,"key":"SpeedPotion"},{"floor":14.0,"key":"Energy Potion"},{"floor":16.0,"key":"GhostInAJar"},{"floor":19.0,"key":"Poison Potion"},{"floor":23.0,"key":"GamblersBrew"},{"floor":25.0,"key":"Explosive Potion"},{"floor":27.0,"key":"EssenceOfSteel"},{"floor":31,"key":"PowerPotion"}],"is_trial":false,"path_per_floor":["M","M","M","M","T","$","R","R","T","M","M","M","R","M","R","B",null,"M","M","?","?","?","M","?","M","T","M","R","$","R","?","R","B"],"character_chosen":"THE_SILENT","items_purchased":["Discovery","Cloak And Dagger","Noxious Fumes","Regal Pillow","Cloak And Dagger+1"],"campfire_rested":3,"item_purchase_floors":[6,6,29,29,29],"current_hp_per_floor":[43,41,40,35,35,35,35,35,35,35,33,30,30,30,51,28,60,51,51,43,43,37,21,21,21,21,13,34,34,34,34,70,0],"gold":102,"neow_bonus":"ONE_RARE_RELIC","is_prod":false,"is_daily":false,"chose_seed":false,"campfire_upgraded":4,"win_rate":0,"timestamp":1563024414,"path_taken":["M","?","M","M","?","?","R","R","T","?","M","M","R","M","R","BOSS","M","M","?","?","?","M","?","M","T","M","R","$","R","?","R","BOSS"],"build_version":"2019-07-05","purchased_purges":0,"victory":false,"max_hp_per_floor":[70,70,70,70,70,70,70,70,70,70,70,70,70,70,70,70,70,70,70,70,70,70,70,70,70,70,70,70,70,70,70,70,70],"card_choices":[{"not_picked":["Deadly Poison","Bane"],"picked":"Escape Plan","floor":1.0},{"not_picked":["Slice","Dagger Throw"],"picked":"Leg Sweep","floor":2.0},{"not_picked":["Sucker Punch","Poisoned Stab"],"picked":"Dodge and Roll","floor":3.0},{"not_picked":["Poisoned Stab","Blade Dance"],"picked":"Backstab","floor":4.0},{"not_picked":["Calculated Gamble","Infinite Blades"],"picked":"Dagger Throw","floor":10.0},{"not_picked":["Accuracy","Bane"],"picked":"Dodge and Roll","floor":11.0},{"not_picked":["Caltrops","Sucker Punch"],"picked":"Flying Knee","floor":12.0},{"not_picked":["Unload","Slice"],"picked":"Dagger Spray","floor":14.0},{"not_picked":["Glass Knife","Bullet Time"],"picked":"Malaise","floor":16.0},{"not_picked":["Acrobatics","Outmaneuver"],"picked":"Poisoned Stab+1","floor":18.0},{"not_picked":["Choke","Deadly Poison"],"picked":"Backstab","floor":19.0},{"not_picked":["Calculated Gamble","Flechettes"],"picked":"Deflect","floor":20.0},{"not_picked":["Setup","Deflect+1"],"picked":"Backstab+1","floor":23.0},{"not_picked":["Blade Dance","Sucker Punch"],"picked":"Cloak And Dagger","floor":25.0},{"not_picked":["Prepared+1","Blade Dance+1"],"picked":"A Thousand Cuts","floor":27.0}],"player_experience":524893,"relics_obtained":[{"floor":5.0,"key":"Vajra"},{"floor":9.0,"key":"Letter Opener"},{"floor":20.0,"key":"Red Mask"},{"floor":26.0,"key":"Toxic Egg 2"}],"event_choices":[{"damage_healed":0.0,"max_hp_gain":0.0,"max_hp_loss":0.0,"gold_gain":0.0,"event_name":"Masked Bandits","player_choice":"Fought Bandits","floor":20.0,"gold_loss":0.0,"damage_taken":0.0},{"damage_healed":0.0,"max_hp_gain":0.0,"max_hp_loss":0.0,"gold_gain":0.0,"event_name":"The Mausoleum","player_choice":"Opened","floor":21.0,"gold_loss":0.0,"damage_taken":0.0,"relics_obtained":["Juzu Bracelet"],"cards_obtained":["Writhe"]},{"damage_healed":0.0,"max_hp_gain":0.0,"max_hp_loss":0.0,"gold_gain":0.0,"event_name":"Nest","player_choice":"Joined the Cult","floor":22.0,"gold_loss":0.0,"damage_taken":6.0,"cards_obtained":["RitualDagger"]},{"damage_healed":0.0,"max_hp_gain":0.0,"max_hp_loss":0.0,"gold_gain":0.0,"event_name":"Match and Keep!","player_choice":"4 cards matched","floor":24.0,"gold_loss":0.0,"damage_taken":0.0,"cards_obtained":["Die Die Die","Purity","Blur","Neutralize"]},{"damage_healed":0,"gold_gain":0,"player_choice":"Got Potions","damage_taken":0,"max_hp_gain":0,"max_hp_loss":0,"event_name":"Lab","floor":31,"gold_loss":0}],"is_beta":false,"boss_relics":[{"not_picked":["Busted Crown","Coffee Dripper","Runic Dome"]}],"items_purged_floors":[],"is_endless":false,"potions_floor_spawned":[1,3,12,14,16,19,23,25,27],"killed_by":"Collector","ascension_level":7}