{"gold_per_floor":[10,25,25,25,25,25,43,84,84,84,84,105,141,141],"floor_reached":14,"playtime":413,"items_purged":[],"score":196,"play_id":"7d9c632f-2feb-4baf-b244-7379607063fb","local_time":"20190630194516","is_ascension_mode":true,"campfire_choices":[{"data":"Bash","floor":6,"key":"SMITH"},{"data":"Hemokinesis","floor":10,"key":"SMITH"}],"neow_cost":"NO_GOLD","seed_source_timestamp":550554527712420,"circlet_count":0,"master_deck":["AscendersBane","Strike_R","Strike_R","Strike_R","Defend_R","Defend_R","Defend_R","Defend_R","Bash+1","Sword Boomerang","Shrug It Off","Hemokinesis+1","Combust","Second Wind","Exhume"],"relics":["Burning Blood","Golden Idol","Nunchaku","Incense Burner","Shuriken","Vajra"],"potions_floor_usage":[8,8,13],"damage_taken":[{"damage":8,"enemies":"Small Slimes","floor":1,"turns":7},{"damage":9,"enemies":"Jaw Worm","floor":2,"turns":6},{"damage":4,"enemies":"2 Louse","floor":7,"turns":4},{"damage":7,"enemies":"Gremlin Nob","floor":8,"turns":3},{"damage":5,"enemies":"Blue Slaver","floor":12,"turns":4},{"damage":32,"enemies":"Lagavulin","floor":13,"turns":6},{"damage":13,"enemies":"Large Slime","floor":14,"turns":1}],"seed_played":"-5352576340624609094","potions_obtained":[{"floor":1,"key":"EssenceOfSteel"},{"floor":7,"key":"PowerPotion"},{"floor":8,"key":"Regen Potion"},{"floor":13,"key":"Ancient Potion"}],"is_trial":false,"path_per_floor":["M","M","?","?","$","R","M","E","T","R","?","M","E","M"],"character_chosen":"IRONCLAD","items_purchased":[],"campfire_rested":0,"item_purchase_floors":[],"current_hp_per_floor":[66,63,63,28,28,28,30,29,29,29,22,23,12,0],"gold":141,"neow_bonus":"REMOVE_TWO","is_prod":false,"is_daily":false,"chose_seed":false,"campfire_upgraded":2,"win_rate":0,"timestamp":1561941916,"path_taken":["M","M","?","?","?","R","M","E","T","R","?","M","E","M"],"build_version":"2019-06-29","purchased_purges":0,"victory":false,"max_hp_per_floor":[75,75,75,75,75,75,75,75,75,75,75,75,75,75],"card_choices":[{"not_picked":["Seeing Red","Metallicize"],"picked":"Sword Boomerang","floor":1},{"not_picked":["Sentinel","Warcry"],"picked":"Shrug It Off","floor":2},{"not_picked":["Bloodletting","Dual Wield"],"picked":"Hemokinesis","floor":7},{"not_picked":["Reckless Charge","Flex"],"picked":"Combust","floor":8},{"not_picked":["Rampage","Havoc"],"picked":"Second Wind","floor":12},{"not_picked":["Headbutt","Body Slam"],"picked":"Exhume","floor":13}],"player_experience":1606762,"relics_obtained":[{"floor":8,"key":"Incense Burner"},{"floor":9,"key":"Shuriken"},{"floor":13,"key":"Vajra"}],"event_choices":[{"damage_healed":0,"gold_gain":0,"player_choice":"Take Wound","damage_taken":0,"relics_obtained":["Golden Idol"],"max_hp_gain":0,"max_hp_loss":0,"event_name":"Golden Idol","floor":3,"gold_loss":0,"cards_obtained":["Injury"]},{"damage_healed":0,"gold_gain":0,"player_choice":"Success","damage_taken":35,"relics_obtained":["Nunchaku"],"max_hp_gain":0,"max_hp_loss":0,"event_name":"Scrap Ooze","floor":4,"gold_loss":0},{"cards_removed":["Injury"],"damage_healed":0,"gold_gain":0,"player_choice":"Card Removal","damage_taken":7,"max_hp_gain":0,"max_hp_loss":0,"event_name":"Golden Wing","floor":11,"gold_loss":0}],"is_beta":true,"boss_relics":[],"items_purged_floors":[],"is_endless":false,"potions_floor_spawned":[1,7,8,13],"killed_by":"Large Slime","ascension_level":20}