{"gold_per_floor":[117,134,50,68,68,68,98,98,98,98,98,126,138,156,156,227,227,244,264,314,332,332,332,350,19,19,19,19,31,44,56,56,133,133,133,148,53,53],"floor_reached":38,"playtime":1795,"items_purged":["Parasite"],"score":776,"play_id":"a6148b88-ace8-4b92-82aa-1b6b3b967d28","local_time":"20190609235353","is_ascension_mode":true,"campfire_choices":[{"data":"Rainbow","floor":6,"key":"SMITH"},{"floor":10,"key":"REST"},{"floor":15,"key":"REST"},{"floor":23,"key":"REST"},{"floor":27,"key":"REST"},{"floor":32,"key":"REST"}],"neow_cost":"TEN_PERCENT_HP_LOSS","seed_source_timestamp":1018313183077356,"circlet_count":0,"master_deck":["AscendersBane","Strike_B","Strike_B","Strike_B","Defend_B","Defend_B","Defend_B","Zap+1","Dualcast","Conserve Battery","Cold Snap","Rainbow+1","Sweeping Beam","Consume","Gash","Coolheaded","Turbo","Fission","Barrage","Hologram","Skim","White Noise","Coolheaded","Chill","Coolheaded","Undo","Echo Form","Gash+1","Blind"],"relics":["Cracked Core","Ice Cream","Du-Vu Doll","Dodecahedron","Inserter","Runic Capacitor","Kunai","Sozu"],"potions_floor_usage":[16,16,18,29,29,35],"damage_taken":[{"damage":9,"enemies":"Small Slimes","floor":1,"turns":3},{"damage":2,"enemies":"Jaw Worm","floor":2,"turns":3},{"damage":4,"enemies":"2 Louse","floor":4,"turns":3},{"damage":41,"enemies":"Gremlin Nob","floor":7,"turns":5},{"damage":6,"enemies":"Lagavulin","floor":12,"turns":6},{"damage":5,"enemies":"2 Fungi Beasts","floor":13,"turns":2},{"damage":12,"enemies":"3 Louse","floor":14,"turns":3},{"damage":11,"enemies":"The Guardian","floor":16,"turns":10},{"damage":16,"enemies":"Shell Parasite","floor":18,"turns":5},{"damage":18,"enemies":"3 Byrds","floor":19,"turns":5},{"damage":16,"enemies":"Centurion and Healer","floor":21,"turns":7},{"damage":6,"enemies":"Sentry and Sphere","floor":24,"turns":6},{"damage":30,"enemies":"Shelled Parasite and Fungi","floor":29,"turns":7},{"damage":4,"enemies":"Centurion and Healer","floor":30,"turns":7},{"damage":0,"enemies":"Sentry and Sphere","floor":31,"turns":6},{"damage":6,"enemies":"Champ","floor":33,"turns":15},{"damage":14,"enemies":"3 Darklings","floor":35,"turns":5},{"damage":24,"enemies":"3 Shapes","floor":36,"turns":3},{"damage":24,"enemies":"Transient","floor":38,"turns":2}],"seed_played":"1757893403856541202","potions_obtained":[{"floor":12,"key":"Weak Potion"},{"floor":14,"key":"Poison Potion"},{"floor":16,"key":"Swift Potion"},{"floor":18,"key":"PowerPotion"},{"floor":19,"key":"Ancient Potion"},{"floor":30,"key":"SmokeBomb"},{"floor":31,"key":"LiquidBronze"}],"is_trial":false,"path_per_floor":["M","M","$","M","?","R","E","?","T","R","?","E","M","M","R","B",null,"M","M","?","M","?","R","M","$","T","R","?","M","M","M","R","B",null,"M","M","$","M"],"character_chosen":"DEFECT","items_purchased":["Rainbow","Runic Capacitor","Coolheaded","Blind"],"campfire_rested":5,"item_purchase_floors":[3,25,25,37],"current_hp_per_floor":[55,53,53,49,49,49,8,8,8,27,43,37,32,20,39,28,55,39,21,21,5,5,24,18,18,18,36,36,6,2,2,20,14,49,35,11,11,0],"gold":53,"neow_bonus":"REMOVE_TWO","is_prod":false,"is_daily":false,"chose_seed":false,"campfire_upgraded":1,"win_rate":0,"timestamp":1560142433,"path_taken":["M","M","$","M","?","R","E","?","T","R","?","E","M","M","R","BOSS","M","M","?","M","?","R","M","$","T","R","?","M","M","M","R","BOSS","M","M","$","M"],"build_version":"2019-01-23","purchased_purges":1,"victory":false,"max_hp_per_floor":[64,64,64,64,64,64,64,64,64,64,64,64,64,64,64,64,64,64,64,64,64,64,64,64,61,61,61,61,61,61,61,61,61,61,61,61,61,61],"card_choices":[{"not_picked":["Barrage","Turbo"],"picked":"Conserve Battery","floor":1},{"not_picked":["Reinforced Body","Steam"],"picked":"Cold Snap","floor":2},{"not_picked":["Leap","Rebound"],"picked":"Sweeping Beam","floor":4},{"not_picked":["Skim","Redo"],"picked":"Consume","floor":7},{"not_picked":["Heatsinks","Redo"],"picked":"Gash","floor":12},{"not_picked":["Beam Cell","Turbo"],"picked":"Coolheaded","floor":13},{"not_picked":["Force Field","Compile Driver"],"picked":"Turbo","floor":14},{"not_picked":["Amplify","Buffer"],"picked":"Fission","floor":16},{"not_picked":["Turbo+1","Reinforced Body"],"picked":"Barrage","floor":18},{"not_picked":["Rebound","Go for the Eyes"],"picked":"Hologram","floor":19},{"not_picked":["Conserve Battery","Storm+1"],"picked":"Skim","floor":21},{"not_picked":["Melter","Ball Lightning"],"picked":"White Noise","floor":24},{"not_picked":["Static Discharge","Go for the Eyes"],"picked":"Chill","floor":29},{"not_picked":["Steam Power","Cold Snap"],"picked":"Coolheaded","floor":30},{"not_picked":["Hologram","Sunder"],"picked":"Undo","floor":31},{"not_picked":["Reboot","Core Surge"],"picked":"Echo Form","floor":33},{"not_picked":["Reinforced Body","Cold Snap+1"],"picked":"Gash+1","floor":36}],"player_experience":1749542,"relics_obtained":[{"floor":7,"key":"Ice Cream"},{"floor":9,"key":"Du-Vu Doll"},{"floor":12,"key":"Dodecahedron"},{"floor":26,"key":"Kunai"}],"event_choices":[{"damage_healed":0,"gold_gain":0,"player_choice":"Grow","damage_taken":0,"max_hp_gain":0,"max_hp_loss":0,"event_name":"Living Wall","floor":5,"gold_loss":0,"cards_upgraded":["Zap"]},{"damage_healed":0,"gold_gain":0,"player_choice":"Fled","damage_taken":0,"max_hp_gain":0,"max_hp_loss":0,"event_name":"Scrap Ooze","floor":8,"gold_loss":0},{"damage_healed":16,"gold_gain":0,"player_choice":"Healed and dodged fight","damage_taken":0,"max_hp_gain":0,"max_hp_loss":0,"event_name":"Mushrooms","floor":11,"gold_loss":0,"cards_obtained":["Parasite"]},{"damage_healed":0,"gold_gain":50,"player_choice":"Stole From Cult","damage_taken":0,"max_hp_gain":0,"max_hp_loss":0,"event_name":"Nest","floor":20,"gold_loss":0},{"damage_healed":0,"gold_gain":0,"player_choice":"Ignored","damage_taken":0,"max_hp_gain":0,"max_hp_loss":0,"event_name":"The Mausoleum","floor":22,"gold_loss":0},{"damage_healed":0,"gold_gain":0,"player_choice":"Ignored","damage_taken":0,"max_hp_gain":0,"max_hp_loss":0,"event_name":"Beggar","floor":28,"gold_loss":0}],"is_beta":false,"boss_relics":[{"not_picked":["Busted Crown","Ectoplasm"],"picked":"Inserter"},{"not_picked":["Runic Dome","Tiny House"],"picked":"Sozu"}],"items_purged_floors":[25],"is_endless":false,"potions_floor_spawned":[12,14,16,18,19,24,30,31],"killed_by":"Transient","ascension_level":20}