{"gold_per_floor":[112,129,139,48,68,68,87,101,127,138,138,166,166,193,193,288,288,303,314,47,122,134,134,165,182,182,213,213,225,225,243,243,338,338,358,358,206,221,25,54,54,82,82,82,82,117,117,128,128,128],"floor_reached":51,"playtime":4678,"items_purged":["Strike_R","Strike_R"],"score":913,"play_id":"74512ce7-623a-462c-a2ac-8e661f1750d3","local_time":"20190627041329","is_ascension_mode":true,"campfire_choices":[{"data":"Inflame","floor":6,"key":"SMITH"},{"data":"Heavy Blade","floor":13,"key":"SMITH"},{"data":"Inflame","floor":15,"key":"SMITH"},{"floor":23,"key":"REST"},{"data":"Heavy Blade","floor":28,"key":"SMITH"},{"data":"Demon Form","floor":30,"key":"SMITH"},{"floor":32,"key":"REST"},{"floor":41,"key":"REST"},{"data":"Spot Weakness","floor":45,"key":"SMITH"},{"data":"Shockwave","floor":47,"key":"SMITH"},{"floor":49,"key":"REST"}],"neow_cost":"NONE","seed_source_timestamp":1135349285930067,"circlet_count":0,"master_deck":["Strike_R","Strike_R","Defend_R+1","Defend_R","Defend_R","Defend_R+1","Bash","Cleave","Heavy Blade+1","Headbutt","Headbutt","Inflame+1","Headbutt","Iron Wave","Pommel Strike","Cleave","Thunderclap","Ghostly Armor","Inflame+1","Demon Form+1","Shockwave+1","Heavy Blade+1","Inflame+1","Sword Boomerang+1","Rage+1","Flex","Inflame+1","Spot Weakness+1","Limit Break+1","Metallicize+1","Shrug It Off","Spot Weakness+1","Shrug It Off+1","Thunderclap+1","Sword Boomerang+1","Uppercut+1"],"relics":["Burning Blood","Lantern","Strawberry","Regal Pillow","Velvet Choker","DollysMirror","Anchor","Meat on the Bone","Mango","Cursed Key","War Paint","Bronze Scales","Singing Bowl","Potion Belt"],"potions_floor_usage":[5,12,18,27,33,40,40,40,50,50,50],"damage_taken":[{"damage":6,"enemies":"Cultist","floor":1,"turns":3},{"damage":7,"enemies":"Jaw Worm","floor":2,"turns":3},{"damage":0,"enemies":"2 Louse","floor":3,"turns":2},{"damage":6,"enemies":"Lots of Slimes","floor":5,"turns":3},{"damage":9,"enemies":"3 Louse","floor":7,"turns":3},{"damage":8,"enemies":"Large Slime","floor":8,"turns":4},{"damage":0,"enemies":"2 Fungi Beasts","floor":10,"turns":3},{"damage":13,"enemies":"Gremlin Nob","floor":12,"turns":4},{"damage":11,"enemies":"Lagavulin","floor":14,"turns":5},{"damage":41,"enemies":"The Guardian","floor":16,"turns":8},{"damage":10,"enemies":"3 Byrds","floor":18,"turns":2},{"damage":23,"enemies":"Shell Parasite","floor":19,"turns":3},{"damage":26,"enemies":"Snake Plant","floor":22,"turns":4},{"damage":22,"enemies":"Gremlin Leader","floor":24,"turns":4},{"damage":0,"enemies":"Sentry and Sphere","floor":25,"turns":3},{"damage":19,"enemies":"Slavers","floor":27,"turns":4},{"damage":0,"enemies":"Centurion and Healer","floor":29,"turns":3},{"damage":13,"enemies":"Snecko","floor":31,"turns":3},{"damage":32,"enemies":"Collector","floor":33,"turns":5},{"damage":21,"enemies":"Orb Walker","floor":35,"turns":4},{"damage":27,"enemies":"3 Darklings","floor":38,"turns":4},{"damage":14,"enemies":"Giant Head","floor":40,"turns":6},{"damage":3,"enemies":"Reptomancer","floor":42,"turns":5},{"damage":35,"enemies":"Nemesis","floor":46,"turns":3},{"damage":17,"enemies":"Writhing Mass","floor":48,"turns":2},{"damage":52,"enemies":"Donu and Deca","floor":50,"turns":4}],"seed_played":"2571365888714331242","potions_obtained":[{"floor":3,"key":"Strength Potion"},{"floor":7,"key":"Weak Potion"},{"floor":10,"key":"Explosive Potion"},{"floor":12,"key":"SpeedPotion"},{"floor":16,"key":"LiquidBronze"},{"floor":18,"key":"FearPotion"},{"floor":22,"key":"Regen Potion"},{"floor":38,"key":"Poison Potion"},{"floor":40,"key":"SteroidPotion"},{"floor":46,"key":"LiquidBronze"},{"floor":48,"key":"Energy Potion"}],"is_trial":false,"path_per_floor":["M","M","M","$","M","R","M","M","T","M","?","E","R","E","R","B",null,"M","M","$","?","M","R","E","M","T","E","R","M","R","M","R","B",null,"M","?","$","M","$","E","R","E","T","?","R","E","R","M","R","B",null],"character_chosen":"IRONCLAD","items_purchased":["Inflame","Headbutt","DollysMirror","Shrug It Off","War Paint","Poison Potion"],"campfire_rested":4,"item_purchase_floors":[4,4,20,37,39,39],"current_hp_per_floor":[80,79,80,80,80,80,77,75,75,80,85,85,85,80,80,45,92,88,71,71,62,42,84,68,74,74,75,75,81,81,74,106,80,106,91,91,91,70,70,77,106,106,106,106,106,77,77,66,106,60],"gold":128,"neow_bonus":"TRANSFORM_CARD","is_prod":false,"is_daily":false,"chose_seed":false,"campfire_upgraded":7,"win_rate":0,"timestamp":1561623209,"path_taken":["M","M","M","$","M","R","M","M","T","M","?","E","R","E","R","BOSS","M","M","$","?","M","R","E","M","T","E","R","?","R","M","R","BOSS","M","?","$","?","$","E","R","E","T","?","R","E","R","M","R","BOSS"],"build_version":"2019-01-23","purchased_purges":2,"victory":true,"max_hp_per_floor":[80,80,80,80,80,80,80,80,80,80,85,92,92,92,92,92,92,92,92,92,92,92,92,92,92,92,106,106,106,106,106,106,106,106,106,106,106,106,106,106,106,106,106,106,106,106,106,106,106,106],"card_choices":[{"not_picked":["Perfected Strike","Thunderclap"],"picked":"Heavy Blade","floor":1},{"not_picked":["Reckless Charge","Bloodletting"],"picked":"Headbutt","floor":2},{"not_picked":["Dropkick","Clash"],"picked":"Headbutt","floor":3},{"not_picked":["Havoc","Second Wind"],"picked":"Iron Wave","floor":5},{"not_picked":["Rupture","Entrench"],"picked":"Pommel Strike","floor":7},{"not_picked":["Sentinel","Perfected Strike"],"picked":"Cleave","floor":8},{"not_picked":["Anger","Sentinel"],"picked":"Thunderclap","floor":10},{"not_picked":["Headbutt","Body Slam"],"picked":"Ghostly Armor","floor":12},{"not_picked":["Warcry","Battle Trance"],"picked":"Inflame","floor":14},{"not_picked":["Impervious","Immolate"],"picked":"Demon Form","floor":16},{"not_picked":["Anger","Reckless Charge"],"picked":"Shockwave","floor":18},{"not_picked":["Wild Strike","Metallicize"],"picked":"Heavy Blade","floor":19},{"not_picked":["Heavy Blade","Clothesline"],"picked":"Sword Boomerang+1","floor":22},{"not_picked":["Shrug It Off","Feel No Pain+1"],"picked":"Rage+1","floor":24},{"not_picked":["Corruption+1","Intimidate"],"picked":"Flex","floor":25},{"not_picked":["Feel No Pain+1","Headbutt","Clothesline"],"picked":"SKIP","floor":27},{"not_picked":["Pommel Strike","Fire Breathing"],"picked":"Inflame+1","floor":29},{"not_picked":["Clash","Heavy Blade"],"picked":"Spot Weakness+1","floor":31},{"not_picked":["Reaper","Berserk"],"picked":"Limit Break","floor":33},{"not_picked":["True Grit+1","Pummel"],"picked":"Metallicize+1","floor":35},{"not_picked":["Wild Strike+1","Clash"],"picked":"Spot Weakness","floor":38},{"not_picked":["Heavy Blade","Sever Soul"],"picked":"Shrug It Off+1","floor":40},{"not_picked":["Perfected Strike","Clothesline"],"picked":"Thunderclap+1","floor":42},{"not_picked":["Flex","Warcry"],"picked":"Sword Boomerang+1","floor":46},{"not_picked":["Combust","Havoc+1"],"picked":"Uppercut+1","floor":48}],"player_experience":272439,"relics_obtained":[{"floor":9,"key":"Lantern"},{"floor":12,"key":"Strawberry"},{"floor":14,"key":"Regal Pillow"},{"floor":24,"key":"Anchor"},{"floor":26,"key":"Meat on the Bone"},{"floor":27,"key":"Mango"},{"floor":40,"key":"Bronze Scales"},{"floor":42,"key":"Singing Bowl"},{"floor":46,"key":"Potion Belt"}],"event_choices":[{"damage_healed":0,"gold_gain":0,"player_choice":"Donut","damage_taken":0,"max_hp_gain":5,"max_hp_loss":0,"event_name":"Big Fish","floor":11,"gold_loss":0},{"damage_healed":0,"gold_gain":75,"player_choice":"Touch","damage_taken":9,"max_hp_gain":0,"max_hp_loss":0,"event_name":"FaceTrader","floor":21,"gold_loss":0},{"damage_healed":0,"gold_gain":0,"player_choice":"Upgraded","damage_taken":0,"max_hp_gain":0,"max_hp_loss":0,"event_name":"Upgrade Shrine","floor":36,"gold_loss":0,"cards_upgraded":["Limit Break"]},{"damage_healed":0,"gold_gain":0,"player_choice":"Ignored","damage_taken":0,"max_hp_gain":0,"max_hp_loss":0,"event_name":"Mysterious Sphere","floor":44,"gold_loss":0}],"is_beta":false,"boss_relics":[{"not_picked":["Astrolabe","Snecko Eye"],"picked":"Velvet Choker"},{"not_picked":["White Beast Statue","Black Blood"],"picked":"Cursed Key"}],"items_purged_floors":[20,37],"is_endless":false,"potions_floor_spawned":[3,7,10,12,16,18,22,25,38,40,46,48],"ascension_level":2}