{"gold_per_floor":[117,192,192,192,205,205,221,221,221,231,265,283,283,294,294,367,367,379,379,391,67,82,82,107,107,107,107,32,32,43,56,56,56],"floor_reached":33,"playtime":1314,"items_purged":["Strike_G"],"score":609,"play_id":"79aa5f5b-1af9-4299-a3e7-57c01f6e79a3","local_time":"20190601163106","is_ascension_mode":true,"campfire_choices":[{"data":"Neutralize","floor":6,"key":"SMITH"},{"data":"Poisoned Stab","floor":8,"key":"SMITH"},{"data":"Envenom","floor":13,"key":"SMITH"},{"data":"Leg Sweep","floor":15,"key":"SMITH"},{"floor":23,"key":"REST"},{"data":"Catalyst","floor":25,"key":"SMITH"},{"data":"After Image","floor":27,"key":"SMITH"},{"floor":32,"key":"REST"}],"neow_cost":"CURSE","seed_source_timestamp":301027747358594,"circlet_count":0,"master_deck":["AscendersBane","Defend_G","Defend_G","Defend_G","Defend_G","Defend_G","Strike_G","Strike_G","Strike_G","Survivor","Neutralize+1","Leg Sweep+1","Poisoned Stab+1","Cloak And Dagger","All Out Attack","Envenom+1","Bouncing Flask","After Image+1","Acrobatics","PiercingWail","Catalyst+1","Dash"],"relics":["Ring of the Snake","Happy Flower","Singing Bowl","Oddly Smooth Stone","Busted Crown","Ornamental Fan","Art of War","Nloth\u0027s Gift"],"potions_floor_usage":[11,31,33,33],"damage_taken":[{"damage":1,"enemies":"Jaw Worm","floor":1,"turns":9},{"damage":0,"enemies":"Small Slimes","floor":5,"turns":5},{"damage":0,"enemies":"Cultist","floor":7,"turns":4},{"damage":2,"enemies":"3 Louse","floor":10,"turns":5},{"damage":29,"enemies":"Gremlin Nob","floor":11,"turns":5},{"damage":0,"enemies":"Looter","floor":12,"turns":3},{"damage":0,"enemies":"2 Fungi Beasts","floor":14,"turns":3},{"damage":8,"enemies":"Hexaghost","floor":16,"turns":9},{"damage":8,"enemies":"Chosen","floor":18,"turns":5},{"damage":9,"enemies":"Spheric Guardian","floor":20,"turns":5},{"damage":22,"enemies":"Snecko","floor":22,"turns":6},{"damage":22,"enemies":"Book of Stabbing","floor":24,"turns":5},{"damage":0,"enemies":"Snake Plant","floor":30,"turns":3},{"damage":18,"enemies":"Shelled Parasite and Fungi","floor":31,"turns":8},{"damage":43,"enemies":"Champ","floor":33,"turns":16}],"seed_played":"8754084222227430235","potions_obtained":[{"floor":1,"key":"SkillPotion"},{"floor":7,"key":"Swift Potion"},{"floor":16,"key":"Poison Potion"},{"floor":20,"key":"Ancient Potion"},{"floor":22,"key":"SkillPotion"},{"floor":31,"key":"EssenceOfSteel"}],"is_trial":false,"path_per_floor":["M","?","?","?","M","R","M","R","T","M","E","M","R","M","R","B",null,"M","?","M","$","M","R","E","R","T","R","?","?","M","M","R","B"],"character_chosen":"THE_SILENT","items_purchased":["Catalyst","Bag of Preparation"],"campfire_rested":2,"item_purchase_floors":[21,21],"current_hp_per_floor":[70,59,59,59,59,59,59,59,59,57,28,28,28,28,28,20,64,56,56,49,49,29,53,33,33,33,33,33,33,35,17,42,0],"gold":56,"neow_bonus":"TWENTY_PERCENT_HP_BONUS","is_prod":false,"is_daily":false,"chose_seed":false,"campfire_upgraded":6,"win_rate":0,"timestamp":1559424666,"path_taken":["M","?","?","?","M","R","?","R","T","M","E","M","R","M","R","BOSS","M","?","M","$","M","R","E","R","T","R","?","?","M","?","R","BOSS"],"build_version":"2019-01-23","purchased_purges":1,"victory":false,"max_hp_per_floor":[78,78,78,78,78,78,78,78,78,78,78,78,78,78,78,78,78,78,78,80,80,82,82,84,84,84,84,84,84,86,86,86,86],"card_choices":[{"not_picked":["Accuracy","Reflex"],"picked":"Leg Sweep","floor":1},{"not_picked":["Deflect","Outmaneuver","Backflip"],"picked":"SKIP","floor":5},{"not_picked":["Backflip","Flechettes"],"picked":"Poisoned Stab","floor":7},{"not_picked":["Outmaneuver","Finisher"],"picked":"Cloak And Dagger","floor":10},{"not_picked":["Dodge and Roll","Quick Slash"],"picked":"All Out Attack","floor":11},{"not_picked":["Cloak And Dagger","Deadly Poison"],"picked":"Envenom","floor":12},{"not_picked":["Terror","Sucker Punch"],"picked":"Bouncing Flask","floor":14},{"not_picked":["Doppelganger","A Thousand Cuts"],"picked":"After Image","floor":16},{"not_picked":[],"picked":"Acrobatics","floor":18},{"not_picked":["Terror"],"picked":"Singing Bowl","floor":20},{"not_picked":["Accuracy"],"picked":"Singing Bowl","floor":22},{"not_picked":["Setup"],"picked":"Singing Bowl","floor":24},{"not_picked":["Dagger Throw"],"picked":"Singing Bowl","floor":30},{"not_picked":[],"picked":"Dash","floor":31}],"player_experience":1649173,"relics_obtained":[{"floor":9,"key":"Singing Bowl"},{"floor":11,"key":"Oddly Smooth Stone"},{"floor":24,"key":"Ornamental Fan"},{"floor":26,"key":"Art of War"}],"event_choices":[{"damage_healed":0,"gold_gain":75,"player_choice":"Gather Gold","damage_taken":11,"max_hp_gain":0,"max_hp_loss":0,"event_name":"World of Goop","floor":2,"gold_loss":0},{"cards_removed":["Normality"],"damage_healed":0,"gold_gain":0,"player_choice":"Forget","damage_taken":0,"max_hp_gain":0,"max_hp_loss":0,"event_name":"Living Wall","floor":3,"gold_loss":0},{"damage_healed":0,"gold_gain":0,"player_choice":"Gave Potion","damage_taken":0,"relics_obtained":["Happy Flower"],"max_hp_gain":0,"max_hp_loss":0,"event_name":"WeMeetAgain","floor":4,"gold_loss":0},{"damage_healed":0,"gold_gain":0,"player_choice":"Read","damage_taken":0,"max_hp_gain":0,"max_hp_loss":0,"event_name":"The Library","floor":19,"gold_loss":0,"cards_obtained":["PiercingWail"]},{"cards_removed":["Strike_G"],"damage_healed":0,"gold_gain":0,"player_choice":"Gave Gold","damage_taken":0,"max_hp_gain":0,"max_hp_loss":0,"event_name":"Beggar","floor":28,"gold_loss":75},{"damage_healed":0,"gold_gain":0,"player_choice":"Traded Relic","damage_taken":0,"relics_obtained":["Nloth\u0027s Gift"],"max_hp_gain":0,"max_hp_loss":0,"event_name":"N\u0027loth","floor":29,"relics_lost":["Bag of Preparation"],"gold_loss":0}],"is_beta":false,"boss_relics":[{"not_picked":["HoveringKite","Ring of the Serpent"],"picked":"Busted Crown"}],"items_purged_floors":[21],"is_endless":false,"potions_floor_spawned":[1,7,16,20,22,31],"killed_by":"Champ","ascension_level":20}