{"gold_per_floor":[111,61,61,79,94,94,158,184,211,263,263,29,29,41,41,139,139,159,159,159,169,3,3,3,3,3,3,17,17,35,47,47,47],"floor_reached":33,"playtime":3050,"items_purged":[],"score":268,"play_id":"cbf41fc5-f69d-4574-89d7-b1f9eb5448b8","local_time":"20190703165905","is_ascension_mode":false,"campfire_choices":[{"data":"Anger","floor":6.0,"key":"SMITH"},{"data":"Ghostly Armor","floor":13.0,"key":"SMITH"},{"floor":15.0,"key":"REST"},{"data":"Anger","floor":23,"key":"SMITH"},{"data":"Armaments","floor":25,"key":"SMITH"},{"data":"Double Tap","floor":32,"key":"SMITH"}],"neow_cost":"NONE","seed_source_timestamp":0,"circlet_count":0,"master_deck":["Strike_R","Strike_R","Strike_R","Strike_R+1","Strike_R","Defend_R","Defend_R","Bash+1","Perfected Strike","Anger+1","Intimidate","Infernal Blade","Impatience","Perfected Strike","Anger+1","Double Tap+1","Armaments+1","Shrug It Off+1","Inflame","Bandage Up","Necronomicurse","Ghostly","Ghostly","Ghostly","Ghostly","Ghostly","Clothesline+1","Shockwave","Perfected Strike+1"],"special_seed":0,"relics":["Burning Blood","Centennial Puzzle","Dream Catcher","Strawberry","Bag of Preparation","Boot","Whetstone","Eternal Feather","Necronomicon","Ginger","Paper Frog"],"potions_floor_usage":[33],"damage_taken":[{"damage":14.0,"enemies":"2 Louse","floor":1.0,"turns":3.0},{"damage":6.0,"enemies":"Jaw Worm","floor":4.0,"turns":3.0},{"damage":3.0,"enemies":"Small Slimes","floor":5.0,"turns":2.0},{"damage":17.0,"enemies":"3 Sentries","floor":7.0,"turns":6.0},{"damage":8.0,"enemies":"Lagavulin","floor":8.0,"turns":3.0},{"damage":7.0,"enemies":"Looter","floor":14.0,"turns":3.0},{"damage":47.0,"enemies":"Hexaghost","floor":16.0,"turns":7.0},{"damage":15.0,"enemies":"Spheric Guardian","floor":18.0,"turns":4.0},{"damage":21,"enemies":"3 Byrds","floor":21,"turns":5},{"damage":13,"enemies":"Centurion and Healer","floor":28,"turns":6},{"damage":0,"enemies":"Snake Plant","floor":30,"turns":3},{"damage":6,"enemies":"Sentry and Sphere","floor":31,"turns":7},{"damage":91,"enemies":"Champ","floor":33,"turns":8}],"seed_played":"-3563652548390899895","potions_obtained":[{"floor":4.0,"key":"Energy Potion"},{"floor":5.0,"key":"Fire Potion"},{"floor":11.0,"key":"SteroidPotion"},{"floor":11.0,"key":"FairyPotion"},{"floor":11.0,"key":"Swift Potion"},{"floor":18,"key":"PowerPotion"}],"is_trial":false,"path_per_floor":["M","?","?","M","M","R","?","E","T","T","?","$","R","M","R","B",null,"M","?","?","M","$","R","?","R","T","?","M","?","M","M","R","B"],"character_chosen":"IRONCLAD","items_purchased":["Impatience","Whetstone","Inflame","Bandage Up"],"campfire_rested":1,"item_purchase_floors":[12,12,22,22],"current_hp_per_floor":[72,72,65,65,68,68,57,62,62,62,62,62,62,61,87,46,87,78,61,92,77,77,89,73,85,85,46,43,43,46,46,46,0],"gold":47,"neow_bonus":"RANDOM_COMMON_RELIC","is_prod":false,"is_daily":false,"chose_seed":false,"campfire_upgraded":5,"win_rate":0.0,"timestamp":1562187545,"path_taken":["M","?","?","M","M","R","?","E","T","?","?","$","R","M","R","BOSS","M","?","?","?","$","R","?","R","T","?","?","?","M","M","R","BOSS"],"build_version":"2019-07-01","purchased_purges":0,"victory":false,"max_hp_per_floor":[80,80,80,80,80,80,80,87,87,87,87,87,87,87,87,87,87,87,92,92,92,92,92,92,92,92,46,46,46,46,46,46,46],"card_choices":[{"not_picked":["Twin Strike","Clash"],"picked":"Perfected Strike","floor":1.0},{"not_picked":["Metallicize","Clothesline"],"picked":"Anger","floor":4.0},{"not_picked":["True Grit","Impervious"],"picked":"Ghostly Armor","floor":5.0},{"not_picked":["Flex","Perfected Strike"],"picked":"Intimidate","floor":7.0},{"not_picked":["Dark Embrace","Shrug It Off"],"picked":"Infernal Blade","floor":8.0},{"not_picked":["Uppercut","Twin Strike"],"picked":"Perfected Strike","floor":14.0},{"not_picked":["Body Slam","Iron Wave"],"picked":"Anger","floor":15.0},{"not_picked":["Berserk","Demon Form"],"picked":"Double Tap","floor":16.0},{"not_picked":["Pommel Strike","Shrug It Off"],"picked":"Armaments","floor":18},{"not_picked":["Disarm","Clothesline+1"],"picked":"Shrug It Off+1","floor":21},{"not_picked":["Fire Breathing","Ghostly Armor"],"picked":"Clothesline+1","floor":28},{"not_picked":["Pommel Strike","Iron Wave"],"picked":"Shockwave","floor":30},{"not_picked":["Shrug It Off+1","Flex"],"picked":"Perfected Strike+1","floor":31}],"player_experience":5100,"relics_obtained":[{"floor":8.0,"key":"Strawberry"},{"floor":9.0,"key":"Bag of Preparation"},{"floor":10.0,"key":"Boot"},{"floor":24,"key":"Necronomicon"},{"floor":26,"key":"Ginger"}],"event_choices":[{"cards_removed":["Defend_R"],"damage_healed":0.0,"max_hp_gain":0.0,"max_hp_loss":0.0,"gold_gain":0.0,"event_name":"The Cleric","player_choice":"Card Removal","floor":2.0,"gold_loss":50.0,"damage_taken":0.0},{"cards_removed":["Defend_R"],"damage_healed":0.0,"max_hp_gain":0.0,"max_hp_loss":0.0,"gold_gain":0.0,"event_name":"Golden Wing","player_choice":"Card Removal","floor":3.0,"gold_loss":0.0,"damage_taken":7.0},{"damage_healed":0.0,"max_hp_gain":0.0,"max_hp_loss":0.0,"gold_gain":0.0,"event_name":"Dead Adventurer","player_choice":"Searched \u00272\u0027 times","floor":7.0,"gold_loss":0.0,"damage_taken":0.0,"relics_obtained":["Dream Catcher"]},{"damage_healed":0.0,"max_hp_gain":0.0,"max_hp_loss":0.0,"gold_gain":0.0,"event_name":"Lab","player_choice":"Got Potions","floor":11.0,"gold_loss":0.0,"damage_taken":0.0},{"damage_healed":0,"gold_gain":0,"player_choice":"Shed Blood","damage_taken":22,"max_hp_gain":5,"max_hp_loss":0,"event_name":"Forgotten Altar","floor":19,"gold_loss":0},{"cards_removed":["Ghostly Armor"],"damage_healed":31,"gold_gain":0,"player_choice":"Offered Uncommon","damage_taken":0,"max_hp_gain":0,"max_hp_loss":0,"event_name":"Bonfire Elementals","floor":20,"gold_loss":0},{"damage_healed":0,"gold_gain":0,"player_choice":"Obtained Book","damage_taken":16,"max_hp_gain":0,"max_hp_loss":0,"event_name":"Cursed Tome","floor":24,"gold_loss":0},{"damage_healed":0,"gold_gain":0,"player_choice":"Became a Ghost","damage_taken":0,"max_hp_gain":0,"max_hp_loss":46,"event_name":"Ghosts","floor":27,"gold_loss":0,"cards_obtained":["Ghostly","Ghostly","Ghostly","Ghostly","Ghostly"]},{"damage_healed":0,"gold_gain":0,"player_choice":"Opened","damage_taken":0,"relics_obtained":["Paper Frog"],"max_hp_gain":0,"max_hp_loss":0,"event_name":"The Mausoleum","floor":29,"gold_loss":0}],"is_beta":false,"boss_relics":[{"not_picked":["Cursed Key","Sozu"],"picked":"Eternal Feather"}],"items_purged_floors":[],"is_endless":false,"potions_floor_spawned":[4,5,14,18],"killed_by":"Champ","ascension_level":0}