{"gold_per_floor":[118,3,14,14,25,25,54,66,66,91,91,91,91,116,116,213,213,230,230,22,36,56,56,22,51,98,127,127,143,143,155,155,251,251,265,265,265],"floor_reached":37,"playtime":10398,"items_purged":["Strike_G"],"score":475,"play_id":"7399fc0f-8657-4254-8f67-3e3e23e5da1e","local_time":"20190615124356","is_ascension_mode":false,"campfire_choices":[{"data":"Infinite Blades","floor":6,"key":"SMITH"},{"floor":11,"key":"REST"},{"floor":13,"key":"REST"},{"data":"Accuracy","floor":15,"key":"SMITH"},{"floor":23,"key":"REST"},{"floor":28,"key":"REST"},{"floor":32,"key":"REST"}],"neow_cost":"NONE","seed_source_timestamp":123442511354215,"circlet_count":0,"master_deck":["Defend_G","Defend_G","Defend_G","Defend_G","Defend_G","Strike_G","Strike_G","Strike_G","Survivor","Neutralize","All Out Attack","Blade Dance","Expertise","Terror","Infinite Blades+1","Deflect","Escape Plan+1","Backstab","Escape Plan","Cloak And Dagger","Corpse Explosion+1","Prepared","PiercingWail","Accuracy+1","Burst","Choke+1","Envenom","Blade Dance","Blur","Blade Dance+1","Well Laid Plans","Dodge and Roll+1","Bane+1","Dagger Spray+1","Deadly Poison","Wraith Form v2","Dodge and Roll"],"relics":["Orrery","Sundial","Ornamental Fan","Bottled Tornado","Omamori","Bag of Marbles","Sozu","Juzu Bracelet","Anchor","War Paint","Lizard Tail"],"potions_floor_usage":[7,10,16,16],"damage_taken":[{"damage":3,"enemies":"Small Slimes","floor":1,"turns":3},{"damage":1,"enemies":"2 Louse","floor":3,"turns":2},{"damage":2,"enemies":"Jaw Worm","floor":5,"turns":3},{"damage":6,"enemies":"Lagavulin","floor":7,"turns":6},{"damage":5,"enemies":"Gremlin Gang","floor":8,"turns":4},{"damage":3,"enemies":"3 Sentries","floor":10,"turns":3},{"damage":8,"enemies":"Lagavulin","floor":14,"turns":6},{"damage":11,"enemies":"Hexaghost","floor":16,"turns":8},{"damage":0,"enemies":"3 Byrds","floor":18,"turns":4},{"damage":10,"enemies":"Shell Parasite","floor":21,"turns":5},{"damage":9,"enemies":"Shelled Parasite and Fungi","floor":22,"turns":4},{"damage":21,"enemies":"Gremlin Leader","floor":25,"turns":6},{"damage":4,"enemies":"Book of Stabbing","floor":27,"turns":6},{"damage":0,"enemies":"Cultist and Chosen","floor":29,"turns":4},{"damage":35,"enemies":"Chosen and Byrds","floor":31,"turns":7},{"damage":45,"enemies":"Automaton","floor":33,"turns":8},{"damage":5,"enemies":"3 Shapes","floor":35,"turns":4},{"damage":139,"enemies":"Awakened One","floor":37,"turns":13}],"seed_played":"5366901481399600983","potions_obtained":[{"floor":3,"key":"PowerPotion"},{"floor":5,"key":"PowerPotion"},{"floor":10,"key":"SkillPotion"},{"floor":14,"key":"Block Potion"}],"is_trial":false,"path_per_floor":["M","$","M","?","M","R","E","M","T","E","R","?","R","E","R","B",null,"M","?","$","M","M","R","$","E","T","E","R","M","?","M","R","B",null,"M","?","B"],"character_chosen":"THE_SILENT","items_purchased":["Escape Plan","Backstab","Envenom","Blade Dance","Well Laid Plans"],"campfire_rested":5,"item_purchase_floors":[2,2,20,20,24],"current_hp_per_floor":[67,67,66,66,64,64,58,53,53,50,70,52,70,62,62,51,70,70,70,70,60,51,70,70,49,49,45,66,66,66,31,52,7,70,65,65,0],"gold":265,"neow_bonus":"BOSS_RELIC","is_prod":false,"is_daily":false,"chose_seed":false,"campfire_upgraded":2,"win_rate":0,"timestamp":1560617036,"path_taken":["M","$","M","?","M","R","E","M","T","E","R","?","R","E","R","BOSS","M","?","$","?","M","R","$","E","T","E","R","M","?","M","R","BOSS","M","?","BOSS"],"build_version":"2019-01-23","purchased_purges":1,"victory":false,"max_hp_per_floor":[70,70,70,70,70,70,70,70,70,70,70,70,70,70,70,70,70,70,70,70,70,70,70,70,70,70,70,70,70,70,70,70,70,70,70,70,70],"card_choices":[{"not_picked":["Flying Knee","Cloak And Dagger"],"picked":"All Out Attack","floor":0},{"not_picked":["PiercingWail","Skewer"],"picked":"Blade Dance","floor":0},{"not_picked":["Predator","Backflip"],"picked":"Expertise","floor":0},{"not_picked":["Deadly Poison","Masterful Stab"],"picked":"Terror","floor":0},{"not_picked":["Underhanded Strike","Bouncing Flask"],"picked":"Infinite Blades","floor":0},{"not_picked":["Flying Knee","Bouncing Flask"],"picked":"Deflect","floor":1},{"not_picked":["Masterful Stab","Underhanded Strike"],"picked":"Escape Plan","floor":3},{"not_picked":["Flying Knee","Dodge and Roll"],"picked":"Cloak And Dagger","floor":5},{"not_picked":["Eviscerate","Backstab"],"picked":"Corpse Explosion","floor":7},{"not_picked":["Underhanded Strike","Flying Knee"],"picked":"Prepared","floor":8},{"not_picked":["Poisoned Stab","Crippling Poison"],"picked":"PiercingWail","floor":10},{"not_picked":["Predator","Well Laid Plans"],"picked":"Accuracy","floor":14},{"not_picked":["Corpse Explosion","Bullet Time"],"picked":"Burst","floor":16},{"not_picked":["Flying Knee+1","PiercingWail+1"],"picked":"Choke+1","floor":18},{"not_picked":["Prepared","Catalyst"],"picked":"Blur","floor":21},{"not_picked":["Expertise+1","Backflip"],"picked":"Blade Dance+1","floor":22},{"not_picked":["Adrenaline","PiercingWail"],"picked":"Dodge and Roll+1","floor":25},{"not_picked":["Die Die Die","PiercingWail"],"picked":"Bane+1","floor":27},{"not_picked":["Prepared","PiercingWail"],"picked":"Dagger Spray+1","floor":29},{"not_picked":["Dagger Throw","PiercingWail"],"picked":"Deadly Poison","floor":31},{"not_picked":["Corpse Explosion","Glass Knife"],"picked":"Wraith Form v2","floor":33},{"not_picked":["Underhanded Strike","Expertise"],"picked":"Dodge and Roll","floor":35}],"player_experience":71322,"relics_obtained":[{"floor":7,"key":"Sundial"},{"floor":9,"key":"Ornamental Fan"},{"floor":10,"key":"Bottled Tornado"},{"floor":14,"key":"Bag of Marbles"},{"floor":25,"key":"Juzu Bracelet"},{"floor":26,"key":"Anchor"},{"floor":27,"key":"War Paint"}],"event_choices":[{"damage_healed":0,"gold_gain":0,"player_choice":"Leave","damage_taken":0,"max_hp_gain":0,"max_hp_loss":0,"event_name":"The Cleric","floor":4,"gold_loss":0},{"damage_healed":0,"gold_gain":0,"player_choice":"Success","damage_taken":18,"relics_obtained":["Omamori"],"max_hp_gain":0,"max_hp_loss":0,"event_name":"Scrap Ooze","floor":12,"gold_loss":0},{"cards_removed":["Strike_G"],"damage_healed":0,"gold_gain":0,"player_choice":"Offered Basic","damage_taken":0,"max_hp_gain":0,"max_hp_loss":0,"event_name":"Bonfire Elementals","floor":19,"gold_loss":0},{"damage_healed":0,"gold_gain":0,"player_choice":"Bought 0 Potions","damage_taken":0,"max_hp_gain":0,"max_hp_loss":0,"event_name":"The Woman in Blue","floor":30,"gold_loss":0},{"damage_healed":0,"gold_gain":0,"player_choice":"Took Portal","damage_taken":0,"max_hp_gain":0,"max_hp_loss":0,"event_name":"SecretPortal","floor":36,"gold_loss":0}],"is_beta":false,"boss_relics":[{"not_picked":["Velvet Choker","Black Star"],"picked":"Sozu"},{"not_picked":["Busted Crown","Astrolabe"],"picked":"Lizard Tail"}],"items_purged_floors":[20],"is_endless":false,"potions_floor_spawned":[3,5,10,14,21,27,31],"killed_by":"Awakened One","ascension_level":0}