{"gold_per_floor":[115,131,306,40,60,92,103,103,157,157,171,198,198,198],"floor_reached":14,"playtime":1099,"items_purged":[],"score":100,"play_id":"fc469e75-7ab8-4cab-9096-d4b0620fce3e","local_time":"20190704144905","is_ascension_mode":false,"campfire_choices":[{"floor":8,"key":"REST"},{"data":"Hello World","floor":10,"key":"SMITH"}],"neow_cost":"NONE","seed_source_timestamp":1522499885650700,"circlet_count":0,"master_deck":["Strike_B","Strike_B","Strike_B","Strike_B","Defend_B","Defend_B","Defend_B","Defend_B","Zap","Dualcast","Streamline","Double Energy","Hello World+1","FTL","Coolheaded","Barrage","Creative AI","Hello World"],"relics":["Cracked Core","Toolbox","Darkstone Periapt","Happy Flower","Bag of Marbles"],"potions_floor_usage":[6,12],"damage_taken":[{"damage":10,"enemies":"Jaw Worm","floor":1,"turns":4},{"damage":6,"enemies":"2 Louse","floor":2,"turns":2},{"damage":0,"enemies":"Cultist","floor":5,"turns":2},{"damage":18,"enemies":"Gremlin Nob","floor":6,"turns":4},{"damage":3,"enemies":"Red Slaver","floor":7,"turns":4},{"damage":8,"enemies":"Looter","floor":11,"turns":2},{"damage":45,"enemies":"3 Sentries","floor":12,"turns":6},{"damage":18,"enemies":"Lots of Slimes","floor":14,"turns":1}],"seed_played":"6853742346026472230","potions_obtained":[{"floor":2,"key":"Weak Potion"},{"floor":11,"key":"Strength Potion"}],"is_trial":false,"path_per_floor":["M","M","?","$","M","E","M","R","T","R","M","E","?","M"],"character_chosen":"DEFECT","items_purchased":["Toolbox","Hello World"],"campfire_rested":1,"item_purchase_floors":[4,4],"current_hp_per_floor":[72,66,66,66,66,48,45,69,69,69,61,16,16,0],"gold":198,"neow_bonus":"TEN_PERCENT_HP_BONUS","is_prod":false,"is_daily":false,"chose_seed":false,"campfire_upgraded":1,"win_rate":0.0,"timestamp":1562266145,"path_taken":["M","M","?","$","M","E","M","R","T","R","M","E","?","?"],"build_version":"2019-07-01","purchased_purges":0,"victory":false,"max_hp_per_floor":[82,82,82,82,82,82,82,82,82,82,82,82,82,82],"card_choices":[{"not_picked":["Cold Snap","Hologram"],"picked":"Streamline","floor":1},{"not_picked":["Reinforced Body","Go for the Eyes"],"picked":"Double Energy","floor":2},{"not_picked":["Glacier","Rip and Tear"],"picked":"FTL","floor":5},{"not_picked":["Reprogram","Blizzard"],"picked":"Coolheaded","floor":6},{"not_picked":["Sweeping Beam","Steam Power"],"picked":"Barrage","floor":7},{"not_picked":["Conserve Battery","Rebound"],"picked":"Creative AI","floor":11},{"not_picked":["Double Energy","Steam"],"picked":"Hello World","floor":12}],"player_experience":34637,"relics_obtained":[{"floor":6,"key":"Darkstone Periapt"},{"floor":9,"key":"Happy Flower"},{"floor":12,"key":"Bag of Marbles"}],"event_choices":[{"damage_healed":0,"gold_gain":175,"player_choice":"AGREE","damage_taken":0,"max_hp_gain":0,"max_hp_loss":0,"event_name":"Liars Game","floor":3,"gold_loss":0,"cards_obtained":["Doubt"]},{"cards_removed":["Doubt"],"damage_healed":0,"gold_gain":0,"player_choice":"Removed Curses","damage_taken":0,"max_hp_gain":0,"max_hp_loss":0,"event_name":"Fountain of Cleansing","floor":13,"gold_loss":0}],"is_beta":false,"boss_relics":[],"items_purged_floors":[],"is_endless":false,"potions_floor_spawned":[2,11],"killed_by":"Lots of Slimes","ascension_level":0}