{"gold_per_floor":[113,125,145,145,155,181,181,181,181,181,33,33],"floor_reached":12,"playtime":433,"items_purged":["Heavy Blade"],"score":78,"play_id":"55330196-a4d4-4f9f-a4e8-bdfb9596b560","local_time":"20190702151328","is_ascension_mode":false,"campfire_choices":[{"data":"Berserk","floor":7,"key":"SMITH"}],"neow_cost":"CURSE","seed_source_timestamp":136907805609889,"circlet_count":0,"master_deck":["Strike_R+1","Strike_R+1","Strike_R","Strike_R","Strike_R","Defend_R","Defend_R","Defend_R","Defend_R+1","Bash","Pommel Strike","Armaments+1","Berserk+1","Metallicize+1","Rupture+1"],"relics":["Burning Blood","Unceasing Top","Frozen Egg 2","Dodecahedron","War Paint"],"potions_floor_usage":[12,12],"damage_taken":[{"damage":4,"enemies":"Cultist","floor":1,"turns":4},{"damage":5,"enemies":"Jaw Worm","floor":2,"turns":4},{"damage":4,"enemies":"Small Slimes","floor":3,"turns":3},{"damage":5,"enemies":"Looter","floor":5,"turns":3},{"damage":42,"enemies":"3 Sentries","floor":6,"turns":7},{"damage":32,"enemies":"Lagavulin","floor":12,"turns":6}],"seed_played":"-2186054647037023310","potions_obtained":[{"floor":3,"key":"Swift Potion"},{"floor":6,"key":"SteroidPotion"}],"is_trial":false,"path_per_floor":["M","M","M","?","M","E","R","?","T","?","$","E"],"character_chosen":"IRONCLAD","items_purchased":["Rupture+1"],"campfire_rested":0,"item_purchase_floors":[11],"current_hp_per_floor":[80,80,80,80,80,44,44,28,28,21,21,0],"gold":33,"neow_bonus":"ONE_RARE_RELIC","is_prod":false,"is_daily":false,"chose_seed":false,"campfire_upgraded":1,"win_rate":0.0,"timestamp":1562044408,"path_taken":["M","?","M","?","M","E","R","?","T","?","?","E"],"build_version":"2019-07-01","purchased_purges":1,"victory":false,"max_hp_per_floor":[80,80,80,80,80,80,80,80,80,80,80,80],"card_choices":[{"not_picked":["Sword Boomerang","Headbutt"],"picked":"Pommel Strike","floor":1},{"not_picked":["Clothesline","True Grit"],"picked":"Heavy Blade","floor":2},{"not_picked":["Anger","Intimidate"],"picked":"Armaments","floor":3},{"not_picked":["Fire Breathing","Second Wind"],"picked":"Berserk","floor":5},{"not_picked":["Corruption","Burning Pact"],"picked":"Metallicize","floor":6}],"player_experience":3717,"relics_obtained":[{"floor":6,"key":"Frozen Egg 2"},{"floor":9,"key":"Dodecahedron"}],"event_choices":[{"cards_removed":["Injury"],"damage_healed":0,"gold_gain":0,"player_choice":"Forget","damage_taken":0,"max_hp_gain":0,"max_hp_loss":0,"event_name":"Living Wall","floor":4,"gold_loss":0},{"damage_healed":0,"gold_gain":0,"player_choice":"Entered Light","damage_taken":16,"max_hp_gain":0,"max_hp_loss":0,"event_name":"Shining Light","floor":8,"gold_loss":0,"cards_upgraded":["Strike_R","Strike_R"]},{"damage_healed":0,"gold_gain":0,"player_choice":"Success","damage_taken":7,"relics_obtained":["War Paint"],"max_hp_gain":0,"max_hp_loss":0,"event_name":"Scrap Ooze","floor":10,"gold_loss":0}],"is_beta":false,"boss_relics":[],"items_purged_floors":[11],"is_endless":false,"potions_floor_spawned":[3,6],"killed_by":"Lagavulin","ascension_level":0}