{"gold_per_floor":[117,23,42,42,57,57,87,87,87,99,99,0,19,19,19,123,123,109,127,226,242,242,242,6,17,42,54,68,18,51,61,61,61],"floor_reached":33,"playtime":2580,"items_purged":["Strike_R"],"score":269,"play_id":"14836411-7ebb-4df5-a365-86a39939a658","local_time":"20190713152154","is_ascension_mode":false,"campfire_choices":[{"data":"Flame Barrier","floor":6,"key":"SMITH"},{"data":"Bash","floor":8,"key":"SMITH"},{"floor":15,"key":"REST"},{"floor":23,"key":"REST"},{"floor":32,"key":"REST"}],"neow_cost":"NONE","seed_source_timestamp":185590592372100,"circlet_count":0,"master_deck":["Strike_R","Strike_R","Defend_R","Defend_R+1","Defend_R","Defend_R+1","Bash+1","Clothesline+1","Ghostly Armor","Iron Wave","Flame Barrier+1","Spot Weakness","True Grit","Armaments","Headbutt","Fiend Fire","True Grit","Havoc","Power Through+1","Impervious","Sword Boomerang","Pummel"],"relics":["Burning Blood","Charon\u0027s Ashes","Meat on the Bone","Question Card","Empty Cage","Blood Vial","Singing Bowl"],"potions_floor_usage":[16,16,16,28,30,33,33],"damage_taken":[{"damage":2,"enemies":"2 Louse","floor":1,"turns":3},{"damage":1,"enemies":"Cultist","floor":3,"turns":4},{"damage":3,"enemies":"Jaw Worm","floor":5,"turns":3},{"damage":26,"enemies":"3 Sentries","floor":7,"turns":11},{"damage":9,"enemies":"Blue Slaver","floor":10,"turns":5},{"damage":11,"enemies":"3 Louse","floor":13,"turns":6},{"damage":26,"enemies":"Slime Boss","floor":16,"turns":10},{"damage":20,"enemies":"2 Thieves","floor":18,"turns":4},{"damage":27,"enemies":"Spheric Guardian","floor":19,"turns":7},{"damage":12,"enemies":"Snake Plant","floor":21,"turns":4},{"damage":8,"enemies":"Shelled Parasite and Fungi","floor":25,"turns":6},{"damage":0,"enemies":"Chosen and Byrds","floor":27,"turns":5},{"damage":1,"enemies":"Snecko","floor":28,"turns":7},{"damage":38,"enemies":"Slavers","floor":30,"turns":8},{"damage":45,"enemies":"Sentry and Sphere","floor":31,"turns":9},{"damage":64,"enemies":"Automaton","floor":33,"turns":8}],"seed_played":"-9030151917730638418","potions_obtained":[{"floor":10,"key":"Regen Potion"},{"floor":13,"key":"PowerPotion"},{"floor":19,"key":"Block Potion"},{"floor":21,"key":"FearPotion"},{"floor":30,"key":"Ancient Potion"},{"floor":31,"key":"LiquidBronze"}],"is_trial":false,"path_per_floor":["M","$","M","?","M","R","E","R","T","M","?","$","M","?","R","B",null,"M","M","?","M","?","R","$","M","T","M","M","?","E","M","R","B"],"character_chosen":"IRONCLAD","items_purchased":["Ghostly Armor","Iron Wave","Armaments","Dexterity Potion","Impervious"],"campfire_rested":3,"item_purchase_floors":[2,2,12,12,24],"current_hp_per_floor":[88,88,88,88,88,88,68,68,68,65,53,53,60,42,68,63,88,74,53,53,59,59,85,85,83,83,88,88,88,58,35,62,0],"gold":61,"neow_bonus":"TEN_PERCENT_HP_BONUS","is_prod":false,"is_daily":false,"chose_seed":false,"campfire_upgraded":2,"win_rate":0,"timestamp":1563056514,"path_taken":["M","$","M","?","M","R","E","R","T","?","?","$","M","?","R","BOSS","M","M","?","M","?","R","$","M","T","M","M","?","E","M","R","BOSS"],"build_version":"2019-07-05","purchased_purges":1,"victory":false,"max_hp_per_floor":[88,88,88,88,88,88,88,88,88,88,88,88,88,88,88,88,88,88,88,88,88,88,88,88,88,88,88,88,88,90,92,92,92],"card_choices":[{"not_picked":["Shrug It Off","Blood for Blood"],"picked":"Clothesline","floor":1},{"not_picked":["Iron Wave","Reckless Charge","Flex"],"picked":"SKIP","floor":3},{"not_picked":["Reckless Charge","Perfected Strike"],"picked":"Flame Barrier","floor":5},{"not_picked":["Twin Strike","Evolve"],"picked":"Spot Weakness","floor":7},{"not_picked":["Warcry","Perfected Strike"],"picked":"True Grit","floor":10},{"not_picked":["Twin Strike","Iron Wave","Clash"],"picked":"Headbutt","floor":13},{"not_picked":["Bludgeon","Limit Break","Berserk"],"picked":"Fiend Fire","floor":16},{"not_picked":["Sentinel","Metallicize","Rampage"],"picked":"True Grit","floor":18},{"not_picked":["Twin Strike","Shrug It Off","Anger"],"picked":"Havoc","floor":19},{"not_picked":["Twin Strike","Dropkick","Body Slam"],"picked":"Power Through+1","floor":21},{"not_picked":["Cleave","Perfected Strike","Carnage+1"],"picked":"Sword Boomerang","floor":25},{"not_picked":["Armaments","Pommel Strike","Thunderclap"],"picked":"Pummel","floor":27},{"not_picked":["Feed","Pommel Strike","Second Wind","Fire Breathing"],"picked":"SKIP","floor":28},{"not_picked":["Entrench","Fire Breathing","True Grit+1","Sword Boomerang+1"],"picked":"Singing Bowl","floor":30},{"not_picked":["Carnage","Sever Soul","Pommel Strike","Perfected Strike"],"picked":"Singing Bowl","floor":31}],"player_experience":135594,"relics_obtained":[{"floor":7,"key":"Charon\u0027s Ashes"},{"floor":9,"key":"Meat on the Bone"},{"floor":26,"key":"Blood Vial"},{"floor":30,"key":"Singing Bowl"}],"event_choices":[{"damage_healed":0,"gold_gain":0,"player_choice":"Upgraded","damage_taken":0,"max_hp_gain":0,"max_hp_loss":0,"event_name":"Upgrade Shrine","floor":4,"gold_loss":0,"cards_upgraded":["Clothesline"]},{"damage_healed":0,"gold_gain":0,"player_choice":"Success","damage_taken":12,"relics_obtained":["Question Card"],"max_hp_gain":0,"max_hp_loss":0,"event_name":"Scrap Ooze","floor":11,"gold_loss":0},{"damage_healed":0,"gold_gain":0,"player_choice":"Entered Light","damage_taken":18,"max_hp_gain":0,"max_hp_loss":0,"event_name":"Shining Light","floor":14,"gold_loss":0,"cards_upgraded":["Defend_R","Defend_R"]},{"damage_healed":0,"gold_gain":99,"player_choice":"Stole From Cult","damage_taken":0,"max_hp_gain":0,"max_hp_loss":0,"event_name":"Nest","floor":20,"gold_loss":0},{"damage_healed":0,"gold_gain":0,"player_choice":"Ignored","damage_taken":0,"max_hp_gain":0,"max_hp_loss":0,"event_name":"The Mausoleum","floor":22,"gold_loss":0},{"damage_healed":0,"gold_gain":0,"player_choice":"Bet on Murderer","damage_taken":0,"max_hp_gain":0,"max_hp_loss":0,"event_name":"The Joust","floor":29,"gold_loss":50}],"is_beta":false,"boss_relics":[{"not_picked":["Black Blood","Ectoplasm"],"picked":"Empty Cage"}],"items_purged_floors":[24],"is_endless":false,"potions_floor_spawned":[10,13,19,21,30,31],"killed_by":"Automaton","ascension_level":0}