{"gold_per_floor":[13,13,34,34,57,57,92,92,92,105,105,130,130,163,163,254,254,278,278,3,3,3],"floor_reached":22,"playtime":750,"items_purged":[],"score":434,"play_id":"70d79ad9-127d-4f2b-884c-89f67d173be5","local_time":"20190712124519","is_ascension_mode":true,"campfire_choices":[{"data":"Doom and Gloom","floor":6,"key":"SMITH"},{"floor":11,"key":"REST"},{"data":"Defragment","floor":15,"key":"SMITH"}],"neow_cost":"NO_GOLD","seed_source_timestamp":1561819736967690,"circlet_count":0,"master_deck":["AscendersBane","Defend_B","Defend_B","Defend_B","Defend_B","Zap","Dualcast","Doom and Gloom+1","Coolheaded","Gash","Sweeping Beam","Defragment+1","Rainbow","Creative AI","Conserve Battery+1","Rip and Tear+1","Scrape+1","Apotheosis","Capacitor","Necronomicurse"],"relics":["Cracked Core","Bloody Idol","Mummified Hand","Astrolabe","Necronomicon"],"potions_floor_usage":[14,16,22,22],"damage_taken":[{"damage":5,"enemies":"Small Slimes","floor":1,"turns":4},{"damage":3,"enemies":"2 Louse","floor":3,"turns":2},{"damage":0,"enemies":"Cultist","floor":5,"turns":4},{"damage":56,"enemies":"Gremlin Nob","floor":7,"turns":5},{"damage":0,"enemies":"Large Slime","floor":10,"turns":6},{"damage":7,"enemies":"Exordium Thugs","floor":12,"turns":4},{"damage":0,"enemies":"3 Sentries","floor":14,"turns":2},{"damage":19,"enemies":"Hexaghost","floor":16,"turns":9},{"damage":36,"enemies":"Shell Parasite","floor":18,"turns":6},{"damage":5,"enemies":"Spheric Guardian","floor":22,"turns":3}],"seed_played":"8256625732805242386","potions_obtained":[{"floor":7,"key":"PowerPotion"},{"floor":12,"key":"PowerPotion"},{"floor":14,"key":"SpeedPotion"},{"floor":18,"key":"GamblersBrew"}],"is_trial":false,"path_per_floor":["M","?","M","?","M","R","E","?","T","M","R","M","?","E","R","B",null,"M","?","$","?","M"],"character_chosen":"DEFECT","items_purchased":["Apotheosis","Capacitor"],"campfire_rested":1,"item_purchase_floors":[20,20],"current_hp_per_floor":[73,73,70,70,70,70,14,14,14,14,37,30,30,30,30,11,61,25,25,25,4,0],"gold":3,"neow_bonus":"TWENTY_PERCENT_HP_BONUS","is_prod":false,"is_daily":false,"chose_seed":false,"campfire_upgraded":2,"win_rate":0,"timestamp":1562953519,"path_taken":["M","?","M","?","?","R","E","?","T","M","R","M","?","E","R","BOSS","M","?","$","?","M"],"build_version":"2019-07-10","purchased_purges":0,"victory":false,"max_hp_per_floor":[85,77,77,77,77,77,77,77,77,77,77,77,77,77,77,77,77,77,77,77,77,77],"card_choices":[{"not_picked":["Steam","Sweeping Beam"],"picked":"Doom and Gloom","floor":1},{"not_picked":["Barrage","Skim","Leap"],"picked":"SKIP","floor":3},{"not_picked":["Conserve Battery","Sweeping Beam"],"picked":"Coolheaded","floor":5},{"not_picked":["Rainbow","Aggregate"],"picked":"Gash","floor":7},{"not_picked":["Barrage","Stack"],"picked":"Sweeping Beam","floor":10},{"not_picked":["Cold Snap","Hologram"],"picked":"Defragment","floor":12},{"not_picked":["Chaos","Go for the Eyes"],"picked":"Rainbow","floor":14},{"not_picked":["Reboot","All For One"],"picked":"Creative AI","floor":16},{"not_picked":["Double Energy","Go for the Eyes","Tempest"],"picked":"SKIP","floor":18}],"player_experience":1665660,"relics_obtained":[{"floor":7,"key":"Mummified Hand"},{"floor":21,"key":"Necronomicon"}],"event_choices":[{"damage_healed":0,"gold_gain":0,"player_choice":"Lose Max HP","damage_taken":0,"relics_obtained":["Golden Idol"],"max_hp_gain":0,"max_hp_loss":8,"event_name":"Golden Idol","floor":2,"gold_loss":0},{"cards_removed":["Strike_B"],"damage_healed":0,"gold_gain":0,"player_choice":"Purged","damage_taken":0,"max_hp_gain":0,"max_hp_loss":0,"event_name":"Purifier","floor":4,"gold_loss":0},{"damage_healed":0,"gold_gain":0,"player_choice":"Ignored","damage_taken":0,"max_hp_gain":0,"max_hp_loss":0,"event_name":"Liars Game","floor":8,"gold_loss":0},{"damage_healed":0,"gold_gain":0,"player_choice":"0 cards matched","damage_taken":0,"max_hp_gain":0,"max_hp_loss":0,"event_name":"Match and Keep!","floor":13,"gold_loss":0,"cards_obtained":[]},{"damage_healed":0,"gold_gain":0,"player_choice":"Gave Idol","damage_taken":0,"relics_obtained":["Bloody Idol"],"max_hp_gain":0,"max_hp_loss":0,"event_name":"Forgotten Altar","floor":19,"relics_lost":["Golden Idol"],"gold_loss":0},{"damage_healed":0,"gold_gain":0,"player_choice":"Obtained Book","damage_taken":21,"max_hp_gain":0,"max_hp_loss":0,"event_name":"Cursed Tome","floor":21,"gold_loss":0}],"is_beta":true,"boss_relics":[{"not_picked":["Calling Bell","Black Star"],"picked":"Astrolabe"}],"items_purged_floors":[],"is_endless":false,"potions_floor_spawned":[7,12,14,18],"killed_by":"Spheric Guardian","ascension_level":20}