{"gold_per_floor":[112,112,112,112,132,194,194,213,213,213,44,63,63,73,73,168,168,184,184,184,195,211,211,224,139,166,15,64,64,64,80,80,80],"floor_reached":33,"playtime":2164,"items_purged":[],"score":245,"play_id":"d3466d2a-e31c-4d87-b10e-75640209098e","local_time":"20190704152524","is_ascension_mode":false,"campfire_choices":[{"floor":7,"key":"REST"},{"floor":10,"key":"REST"},{"data":"Combust","floor":15,"key":"SMITH"},{"floor":23,"key":"DIG"},{"floor":29,"key":"REST"},{"floor":32,"key":"DIG"}],"neow_cost":"NONE","seed_source_timestamp":1523612172591200,"circlet_count":0,"master_deck":["Strike_R","Strike_R+1","Strike_R","Strike_R","Strike_R","Defend_R+1","Defend_R","Defend_R","Bash","Deep Breath","Whirlwind","Pommel Strike","Rage","Heavy Blade","Battle Trance","Fire Breathing","Iron Wave","Thunderclap","Combust+1","Double Tap","Shrug It Off","Combust","Pummel+1","Fire Breathing+1","Fire Breathing","Thunderclap"],"relics":["Black Blood","Mummified Hand","Tiny Chest","Gremlin Horn","Shovel","Question Card","Frozen Egg 2","Oddly Smooth Stone","Bronze Scales","Juzu Bracelet","Smiling Mask"],"potions_floor_usage":[6,16,22,31],"damage_taken":[{"damage":15,"enemies":"Small Slimes","floor":1,"turns":3},{"damage":3,"enemies":"Jaw Worm","floor":5,"turns":3},{"damage":38,"enemies":"Lagavulin","floor":6,"turns":6},{"damage":0,"enemies":"Cultist","floor":8,"turns":3},{"damage":8,"enemies":"2 Fungi Beasts","floor":12,"turns":3},{"damage":0,"enemies":"Large Slime","floor":14,"turns":5},{"damage":94,"enemies":"The Guardian","floor":16,"turns":13},{"damage":34,"enemies":"Shell Parasite","floor":18,"turns":5},{"damage":17,"enemies":"3 Byrds","floor":21,"turns":3},{"damage":19,"enemies":"3 Cultists","floor":22,"turns":5},{"damage":18,"enemies":"Snecko","floor":24,"turns":4},{"damage":16,"enemies":"Centurion and Healer","floor":31,"turns":3},{"damage":57,"enemies":"Champ","floor":33,"turns":6}],"seed_played":"-5981437357478158323","potions_obtained":[{"floor":1,"key":"Explosive Potion"},{"floor":8,"key":"Regen Potion"},{"floor":21,"key":"Energy Potion"},{"floor":24,"key":"SteroidPotion"}],"is_trial":false,"path_per_floor":["M","?","?","T","M","E","R","M","T","R","$","M","?","M","R","B",null,"M","?","?","M","M","R","M","?","T","$","T","R","$","M","R","B"],"character_chosen":"IRONCLAD","items_purchased":["Battle Trance","Fire Breathing","Iron Wave","Bronze Scales"],"campfire_rested":3,"item_purchase_floors":[11,11,11,27],"current_hp_per_floor":[71,55,48,48,51,19,43,49,49,73,73,71,76,82,82,7,85,61,61,61,54,45,45,37,37,37,37,37,62,62,56,56,0],"gold":80,"neow_bonus":"RANDOM_COLORLESS","is_prod":false,"is_daily":false,"chose_seed":false,"campfire_upgraded":1,"win_rate":0.0,"timestamp":1562268324,"path_taken":["M","?","?","?","M","E","R","M","T","R","$","?","?","M","R","BOSS","M","?","?","M","M","R","M","?","T","?","?","R","?","M","R","BOSS"],"build_version":"2019-07-01","purchased_purges":0,"victory":false,"max_hp_per_floor":[80,80,80,80,80,80,80,80,80,80,80,80,85,85,85,85,85,85,85,85,85,85,85,85,85,85,85,85,85,85,85,85,85],"card_choices":[{"not_picked":["Clothesline","Carnage"],"picked":"Whirlwind","floor":1},{"not_picked":["Clothesline","Warcry"],"picked":"Pommel Strike","floor":5},{"not_picked":["Anger","Heavy Blade"],"picked":"Rage","floor":6},{"not_picked":["Disarm","Blood for Blood"],"picked":"Heavy Blade","floor":8},{"not_picked":["Iron Wave","Ghostly Armor"],"picked":"Thunderclap","floor":12},{"not_picked":["Dropkick","Reckless Charge"],"picked":"Combust","floor":14},{"not_picked":["Brutality","Fiend Fire"],"picked":"Double Tap","floor":16},{"not_picked":["Sword Boomerang","Iron Wave"],"picked":"Shrug It Off","floor":18},{"not_picked":["Headbutt","Iron Wave"],"picked":"Pummel+1","floor":21},{"not_picked":["Body Slam","Reckless Charge"],"picked":"Fire Breathing+1","floor":22},{"not_picked":["Battle Trance","Second Wind+1","Flex"],"picked":"Fire Breathing","floor":24},{"not_picked":["Uppercut","Seeing Red","Dropkick"],"picked":"Thunderclap","floor":31}],"player_experience":35736,"relics_obtained":[{"floor":4,"key":"Mummified Hand"},{"floor":6,"key":"Tiny Chest"},{"floor":9,"key":"Gremlin Horn"},{"floor":23,"key":"Question Card"},{"floor":26,"key":"Oddly Smooth Stone"},{"floor":28,"key":"Juzu Bracelet"},{"floor":32,"key":"Smiling Mask"}],"event_choices":[{"damage_healed":0,"gold_gain":0,"player_choice":"Entered Light","damage_taken":16,"max_hp_gain":0,"max_hp_loss":0,"event_name":"Shining Light","floor":2,"gold_loss":0,"cards_upgraded":["Defend_R","Strike_R"]},{"cards_removed":["Defend_R"],"damage_healed":0,"gold_gain":0,"player_choice":"Card Removal","damage_taken":7,"max_hp_gain":0,"max_hp_loss":0,"event_name":"Golden Wing","floor":3,"gold_loss":0},{"damage_healed":0,"gold_gain":0,"player_choice":"Donut","damage_taken":0,"max_hp_gain":5,"max_hp_loss":0,"event_name":"Big Fish","floor":13,"gold_loss":0},{"damage_healed":0,"gold_gain":0,"player_choice":"Read","damage_taken":0,"max_hp_gain":0,"max_hp_loss":0,"event_name":"The Library","floor":19,"gold_loss":0,"cards_obtained":["Combust"]},{"damage_healed":0,"gold_gain":0,"player_choice":"Opened","damage_taken":0,"relics_obtained":["Shovel"],"max_hp_gain":0,"max_hp_loss":0,"event_name":"The Mausoleum","floor":20,"gold_loss":0},{"damage_healed":0,"gold_gain":0,"player_choice":"Obtained Relic","damage_taken":0,"relics_obtained":["Frozen Egg 2"],"max_hp_gain":0,"max_hp_loss":0,"event_name":"Addict","floor":25,"gold_loss":85}],"is_beta":false,"boss_relics":[{"not_picked":["Philosopher\u0027s Stone","Runic Dome"],"picked":"Black Blood"}],"items_purged_floors":[],"is_endless":false,"potions_floor_spawned":[1,8,21,24],"killed_by":"Champ","ascension_level":0}