{"gold_per_floor":[114,124,49,49,63,63,95,112,112,112,132,145,172,192,192,192],"floor_reached":16,"playtime":749,"items_purged":["Normality"],"score":228,"play_id":"e0794970-3cf7-4dd1-9328-78ca0bcfa6d1","local_time":"20190529212407","is_ascension_mode":true,"campfire_choices":[{"floor":6.0,"key":"REST"},{"floor":10.0,"key":"REST"},{"data":"Neutralize","floor":15.0,"key":"SMITH"}],"neow_cost":"CURSE","seed_source_timestamp":59692959431834,"circlet_count":0,"master_deck":["AscendersBane","Defend_G","Defend_G","Defend_G","Defend_G","Defend_G","Strike_G","Strike_G","Strike_G","Strike_G","Strike_G","Survivor","Neutralize+1","A Thousand Cuts+1","Deadly Poison","Catalyst","Cloak And Dagger","Cloak And Dagger","Footwork","PiercingWail","Cloak And Dagger"],"special_seed":0,"relics":["Ring of the Snake","Meat on the Bone","Pear","Bag of Marbles"],"potions_floor_usage":[16],"damage_taken":[{"damage":5.0,"enemies":"Jaw Worm","floor":1.0,"turns":4.0},{"damage":26.0,"enemies":"Cultist","floor":2.0,"turns":6.0},{"damage":0.0,"enemies":"2 Louse","floor":5.0,"turns":3.0},{"damage":26.0,"enemies":"Gremlin Nob","floor":7.0,"turns":4.0},{"damage":16.0,"enemies":"Exordium Thugs","floor":8.0,"turns":6.0},{"damage":4.0,"enemies":"Looter","floor":11.0,"turns":4.0},{"damage":14.0,"enemies":"Large Slime","floor":12.0,"turns":6.0},{"damage":34.0,"enemies":"3 Sentries","floor":13.0,"turns":8.0},{"damage":9.0,"enemies":"Exordium Wildlife","floor":14.0,"turns":3.0},{"damage":24,"enemies":"Hexaghost","floor":16,"turns":11}],"seed_played":"82416849151214818","potions_obtained":[{"floor":2.0,"key":"Fire Potion"},{"floor":8.0,"key":"Swift Potion"},{"floor":12.0,"key":"SteroidPotion"}],"is_trial":false,"path_per_floor":["M","M","$","?","M","R","E","M","T","R","M","M","E","M","R","B"],"character_chosen":"THE_SILENT","items_purchased":[],"campfire_rested":2,"item_purchase_floors":[],"current_hp_per_floor":[54,28,28,28,28,47,21,17,27,49,45,43,21,24,24,0],"gold":192,"neow_bonus":"THREE_RARE_CARDS","is_prod":false,"is_daily":false,"chose_seed":false,"campfire_upgraded":1,"win_rate":0,"timestamp":1559183047,"path_taken":["M","M","$","?","M","R","E","M","T","R","?","M","E","?","R","BOSS"],"build_version":"2019-01-23","purchased_purges":1,"victory":false,"max_hp_per_floor":[66,66,66,66,66,66,66,66,76,76,76,76,76,76,76,76],"card_choices":[{"not_picked":["Die Die Die","Night Terror"],"picked":"A Thousand Cuts","floor":0.0},{"not_picked":["Flechettes","Underhanded Strike"],"picked":"Deadly Poison","floor":1.0},{"not_picked":["Reflex","Dodge and Roll","Slice"],"picked":"SKIP","floor":2.0},{"not_picked":["Predator","Expertise"],"picked":"Catalyst","floor":5.0},{"not_picked":["Escape Plan","Accuracy"],"picked":"Cloak And Dagger","floor":7.0},{"not_picked":["Bouncing Flask","Outmaneuver"],"picked":"Cloak And Dagger","floor":8.0},{"not_picked":["Accuracy","Underhanded Strike"],"picked":"Footwork","floor":11.0},{"not_picked":["All Out Attack","Acrobatics"],"picked":"PiercingWail","floor":12.0},{"not_picked":["Flying Knee","Sucker Punch","Expertise"],"picked":"SKIP","floor":13.0},{"not_picked":["Bane","Grand Finale"],"picked":"Cloak And Dagger","floor":14.0}],"player_experience":1598185,"relics_obtained":[{"floor":7.0,"key":"Meat on the Bone"},{"floor":9.0,"key":"Pear"},{"floor":13.0,"key":"Bag of Marbles"}],"event_choices":[{"damage_healed":0.0,"max_hp_gain":0.0,"max_hp_loss":0.0,"gold_gain":0.0,"event_name":"Upgrade Shrine","player_choice":"Upgraded","floor":4.0,"gold_loss":0.0,"damage_taken":0.0,"cards_upgraded":["A Thousand Cuts"]}],"is_beta":false,"boss_relics":[],"items_purged_floors":[3],"is_endless":false,"potions_floor_spawned":[2,8,12],"killed_by":"Hexaghost","ascension_level":20}