{"gold_per_floor":[113,113,38,48,64,64,97,97,152,67,67,100,21,53,53,128,128,138,63,74,74,86,117,117,177,200,300,320,320,43,71,71,144,144,157,169,169,186,86,86,113,113,136,169,169,195,195,228,228,228,228,228,228,17,46,46],"floor_reached":56,"playtime":2767,"items_purged":["Strike_R","Regret"],"score":2095,"play_id":"52bd1065-eaf3-4ce6-be13-ebb30d39cde8","local_time":"20190707192543","is_ascension_mode":true,"campfire_choices":[{"data":"Bash","floor":6,"key":"SMITH"},{"data":"Spot Weakness","floor":8,"key":"SMITH"},{"data":"Exhume","floor":15,"key":"SMITH"},{"floor":24,"key":"REST"},{"data":"Immolate","floor":29,"key":"SMITH"},{"floor":32,"key":"DIG"},{"floor":40,"key":"DIG"},{"floor":42,"key":"DIG"},{"floor":49,"key":"RECALL"},{"data":"Apotheosis","floor":53,"key":"SMITH"}],"neow_cost":"NONE","seed_source_timestamp":1151825796603423,"circlet_count":0,"master_deck":["AscendersBane","Strike_R","Strike_R","Strike_R","Strike_R+1","Defend_R","Defend_R","Defend_R","Defend_R","Bash+1","Feel No Pain","Shrug It Off","Spot Weakness+1","Exhume+1","Disarm+1","Shockwave","Disarm","Reaper","Immolate+1","Combust","Pommel Strike+1","Corruption","Disarm","Clothesline","Feel No Pain","Master of Strategy","Burning Pact","Impervious","Clumsy","Pain","Ghostly Armor","Anger","Sword Boomerang","Apotheosis+1","Flash of Steel"],"relics":["Burning Blood","NeowsBlessing","Boot","Red Skull","Ancient Tea Set","Vajra","Busted Crown","Charon\u0027s Ashes","Tiny Chest","Blood Vial","Shovel","Matryoshka","Self Forming Clay","Art of War","Calling Bell","PreservedInsect","Shuriken","StoneCalendar","Potion Belt","Bronze Scales","Whetstone","Anchor","Bottled Lightning","Meat on the Bone","Darkstone Periapt","Du-Vu Doll","Mummified Hand","Bag of Preparation","Letter Opener"],"potions_floor_usage":[7,14,20,25,27,28,31,44,48,48,50,55],"damage_taken":[{"damage":0,"enemies":"Small Slimes","floor":1,"turns":2},{"damage":0,"enemies":"Cultist","floor":4,"turns":1},{"damage":0,"enemies":"Jaw Worm","floor":5,"turns":1},{"damage":18,"enemies":"3 Sentries","floor":7,"turns":12},{"damage":36,"enemies":"Gremlin Nob","floor":12,"turns":4},{"damage":9,"enemies":"3 Sentries","floor":14,"turns":14},{"damage":5,"enemies":"Hexaghost","floor":16,"turns":9},{"damage":4,"enemies":"3 Byrds","floor":18,"turns":8},{"damage":12,"enemies":"2 Thieves","floor":20,"turns":4},{"damage":22,"enemies":"3 Cultists","floor":22,"turns":5},{"damage":57,"enemies":"Slavers","floor":23,"turns":7},{"damage":12,"enemies":"Gremlin Leader","floor":25,"turns":6},{"damage":43,"enemies":"Colosseum Slavers","floor":27,"turns":4},{"damage":39,"enemies":"Colosseum Nobs","floor":27,"turns":6},{"damage":12,"enemies":"Chosen and Byrds","floor":28,"turns":5},{"damage":19,"enemies":"Slavers","floor":31,"turns":4},{"damage":46,"enemies":"Automaton","floor":33,"turns":9},{"damage":14,"enemies":"Orb Walker","floor":35,"turns":5},{"damage":19,"enemies":"3 Darklings","floor":36,"turns":4},{"damage":23,"enemies":"Sphere and 2 Shapes","floor":38,"turns":6},{"damage":24,"enemies":"Giant Head","floor":41,"turns":7},{"damage":26,"enemies":"Reptomancer","floor":44,"turns":6},{"damage":30,"enemies":"Giant Head","floor":46,"turns":7},{"damage":52,"enemies":"Reptomancer","floor":48,"turns":7},{"damage":40,"enemies":"Donu and Deca","floor":50,"turns":7},{"damage":18,"enemies":"Awakened One","floor":51,"turns":10},{"damage":31,"enemies":"Shield and Spear","floor":55,"turns":6},{"damage":63,"enemies":"The Heart","floor":56,"turns":2}],"seed_played":"4024163247037901256","potions_obtained":[{"floor":1,"key":"Fire Potion"},{"floor":4,"key":"Block Potion"},{"floor":12,"key":"FearPotion"},{"floor":16,"key":"EssenceOfSteel"},{"floor":18,"key":"Dexterity Potion"},{"floor":25,"key":"FearPotion"},{"floor":27,"key":"FearPotion"},{"floor":28,"key":"Regen Potion"},{"floor":33,"key":"Weak Potion"},{"floor":35,"key":"PowerPotion"},{"floor":44,"key":"Swift Potion"},{"floor":46,"key":"SkillPotion"}],"is_trial":false,"path_per_floor":["M","?","$","M","M","R","E","R","T","$","?","E","$","E","R","B",null,"M","$","M","?","M","E","R","E","T","?","M","R","$","E","R","B",null,"M","M","?","M","$","R","E","R","T","E","T","E","?","E","R","B","B",null,"R","$","E","B"],"character_chosen":"IRONCLAD","items_purchased":["Feel No Pain","Disarm","Disarm","Feel No Pain","Master of Strategy","Bag of Preparation","AttackPotion"],"campfire_rested":1,"item_purchase_floors":[3,10,13,30,30,54,54],"current_hp_per_floor":[74,74,74,75,75,75,63,63,63,63,63,33,33,30,30,55,70,75,75,69,69,58,7,29,51,51,28,37,37,37,63,63,38,66,75,62,62,56,56,56,55,55,55,70,70,47,37,46,46,71,71,71,71,71,49,0],"gold":46,"neow_bonus":"THREE_ENEMY_KILL","is_prod":false,"is_daily":false,"chose_seed":false,"campfire_upgraded":5,"win_rate":0,"timestamp":1562545543,"path_taken":["M","?","$","M","?","R","E","R","T","?","?","E","$","E","R","BOSS","M","$","?","?","M","E","R","E","T","?","M","R","$","E","R","BOSS","M","M","?","M","$","R","E","R","T","E","?","E","?","E","R","BOSS","BOSS","R","$","E","BOSS"],"build_version":"2019-07-03","purchased_purges":2,"victory":false,"max_hp_per_floor":[75,75,75,75,75,75,75,75,75,75,75,75,75,75,75,75,75,75,75,75,75,75,75,75,75,75,75,75,75,75,75,75,75,75,75,75,71,71,71,71,71,71,71,71,71,71,71,71,71,71,71,71,71,71,71,71],"card_choices":[{"not_picked":["Sever Soul","Ghostly Armor","Heavy Blade"],"picked":"SKIP","floor":1},{"not_picked":["Intimidate","Flex"],"picked":"Shrug It Off","floor":4},{"not_picked":["Wild Strike","Cleave"],"picked":"Spot Weakness","floor":5},{"not_picked":["Warcry","Intimidate"],"picked":"Exhume","floor":7},{"not_picked":["Perfected Strike","Body Slam"],"picked":"Shockwave","floor":12},{"not_picked":["Anger","Intimidate"],"picked":"Reaper","floor":14},{"not_picked":["Impervious","Double Tap"],"picked":"Immolate","floor":16},{"not_picked":[],"picked":"Combust","floor":18},{"not_picked":[],"picked":"Pommel Strike","floor":20},{"not_picked":["Wild Strike"],"picked":"SKIP","floor":22},{"not_picked":[],"picked":"Disarm","floor":23},{"not_picked":["Seeing Red"],"picked":"SKIP","floor":25},{"not_picked":[],"picked":"Clothesline","floor":27},{"not_picked":["Whirlwind"],"picked":"SKIP","floor":28},{"not_picked":[],"picked":"Burning Pact","floor":31},{"not_picked":[],"picked":"Impervious","floor":33},{"not_picked":[],"picked":"Ghostly Armor","floor":35},{"not_picked":["Entrench"],"picked":"SKIP","floor":36},{"not_picked":["Cleave"],"picked":"SKIP","floor":38},{"not_picked":[],"picked":"Anger","floor":41},{"not_picked":[],"picked":"Sword Boomerang","floor":44},{"not_picked":["Perfected Strike"],"picked":"SKIP","floor":46},{"not_picked":[],"picked":"Apotheosis","floor":47},{"not_picked":[],"picked":"Flash of Steel","floor":47},{"not_picked":["Bloodletting"],"picked":"SKIP","floor":48},{"not_picked":["Iron Wave"],"picked":"SKIP","floor":55}],"player_experience":1656758,"relics_obtained":[{"floor":7,"key":"Boot"},{"floor":9,"key":"Red Skull"},{"floor":12,"key":"Ancient Tea Set"},{"floor":14,"key":"Vajra"},{"floor":23,"key":"Charon\u0027s Ashes"},{"floor":25,"key":"Tiny Chest"},{"floor":26,"key":"Blood Vial"},{"floor":27,"key":"Shovel"},{"floor":27,"key":"Matryoshka"},{"floor":31,"key":"Self Forming Clay"},{"floor":32,"key":"Art of War"},{"floor":34,"key":"PreservedInsect"},{"floor":34,"key":"Shuriken"},{"floor":34,"key":"StoneCalendar"},{"floor":40,"key":"Potion Belt"},{"floor":41,"key":"Bronze Scales"},{"floor":42,"key":"Whetstone"},{"floor":43,"key":"Anchor"},{"floor":44,"key":"Bottled Lightning"},{"floor":45,"key":"Meat on the Bone"},{"floor":45,"key":"Darkstone Periapt"},{"floor":46,"key":"Du-Vu Doll"},{"floor":48,"key":"Mummified Hand"},{"floor":55,"key":"Letter Opener"}],"event_choices":[{"damage_healed":0,"gold_gain":0,"player_choice":"0 cards matched","damage_taken":0,"max_hp_gain":0,"max_hp_loss":0,"event_name":"Match and Keep!","floor":2,"gold_loss":0,"cards_obtained":[]},{"damage_healed":0,"gold_gain":0,"player_choice":"Upgraded","damage_taken":0,"max_hp_gain":0,"max_hp_loss":0,"event_name":"Upgrade Shrine","floor":11,"gold_loss":0,"cards_upgraded":["Disarm"]},{"damage_healed":0,"gold_gain":0,"player_choice":"Read","damage_taken":0,"max_hp_gain":0,"max_hp_loss":0,"event_name":"The Library","floor":21,"gold_loss":0,"cards_obtained":["Corruption"]},{"damage_healed":0,"gold_gain":0,"player_choice":"Fight","damage_taken":0,"max_hp_gain":0,"max_hp_loss":0,"event_name":"Colosseum","floor":27,"gold_loss":0},{"damage_healed":0,"gold_gain":0,"player_choice":"Fought Nobs","damage_taken":0,"max_hp_gain":0,"max_hp_loss":0,"event_name":"Colosseum","floor":27,"gold_loss":0},{"damage_healed":0,"gold_gain":0,"player_choice":"Max HP","damage_taken":0,"max_hp_gain":0,"max_hp_loss":4,"event_name":"Winding Halls","floor":37,"gold_loss":0},{"damage_healed":0,"gold_gain":0,"player_choice":"Memory 3","damage_taken":10,"max_hp_gain":0,"max_hp_loss":0,"event_name":"SensoryStone","floor":47,"gold_loss":0}],"is_beta":true,"boss_relics":[{"not_picked":["Black Star","Runic Cube"],"picked":"Busted Crown"},{"not_picked":["Coffee Dripper","Mark of Pain"],"picked":"Calling Bell"}],"items_purged_floors":[19,39],"is_endless":false,"potions_floor_spawned":[1,4,12,16,18,25,27,27,28,33,35,44,46],"killed_by":"The Heart","ascension_level":20}