{"gold_per_floor":[119,95,95,106,118,118,131,145,145,164,181,192,49,69,69,170,170,186,199,209,209],"floor_reached":21,"playtime":2638,"items_purged":[],"score":179,"play_id":"d2436884-55e1-4060-b1dd-9c1872c8c360","local_time":"20190626003822","is_ascension_mode":false,"campfire_choices":[{"floor":6,"key":"REST"},{"floor":15,"key":"REST"}],"neow_cost":"NONE","seed_source_timestamp":13145807668028,"circlet_count":0,"master_deck":["Strike_R+1","Strike_R","Strike_R","Strike_R+1","Strike_R","Defend_R","Defend_R+1","Defend_R","Defend_R","Bash","Infernal Blade+1","Rage","Clothesline","Burning Pact","Entrench","Metallicize","Inflame","Battle Trance","Seeing Red","Offering","Dropkick","Dual Wield","Shrug It Off+1"],"relics":["Burning Blood","Boot","Whetstone","Orichalcum","Eternal Feather"],"potions_floor_usage":[11,12,16,16,20],"damage_taken":[{"damage":10,"enemies":"Jaw Worm","floor":1,"turns":4},{"damage":6,"enemies":"Cultist","floor":4,"turns":3},{"damage":0,"enemies":"2 Louse","floor":5,"turns":2},{"damage":19,"enemies":"Lots of Slimes","floor":7,"turns":5},{"damage":4,"enemies":"Blue Slaver","floor":8,"turns":4},{"damage":1,"enemies":"2 Fungi Beasts","floor":10,"turns":3},{"damage":17,"enemies":"Exordium Thugs","floor":11,"turns":4},{"damage":46,"enemies":"Gremlin Gang","floor":12,"turns":6},{"damage":7,"enemies":"Red Slaver","floor":14,"turns":3},{"damage":54,"enemies":"Hexaghost","floor":16,"turns":15},{"damage":32,"enemies":"3 Byrds","floor":18,"turns":8},{"damage":8,"enemies":"Spheric Guardian","floor":19,"turns":5},{"damage":44,"enemies":"Centurion and Healer","floor":20,"turns":9},{"damage":14,"enemies":"Snake Plant","floor":21,"turns":1}],"seed_played":"5917422274502359699","potions_obtained":[{"floor":4,"key":"SneckoOil"},{"floor":5,"key":"Ancient Potion"},{"floor":8,"key":"GamblersBrew"},{"floor":11,"key":"Regen Potion"},{"floor":18,"key":"Explosive Potion"},{"floor":20,"key":"SteroidPotion"}],"is_trial":false,"path_per_floor":["M","?","?","M","M","R","M","M","T","M","M","M","$","M","R","B",null,"M","M","M","M"],"character_chosen":"IRONCLAD","items_purchased":["Orichalcum"],"campfire_rested":2,"item_purchase_floors":[13],"current_hp_per_floor":[76,76,60,60,66,80,67,69,69,74,63,32,32,31,55,7,80,54,52,14,0],"gold":209,"neow_bonus":"RANDOM_COMMON_RELIC","is_prod":false,"is_daily":false,"chose_seed":false,"campfire_upgraded":0,"win_rate":0.0,"timestamp":1561505902,"path_taken":["M","?","?","M","M","R","M","M","T","M","M","M","?","M","R","BOSS","M","M","M","M"],"build_version":"2019-01-23","purchased_purges":0,"victory":false,"max_hp_per_floor":[80,80,80,80,80,80,80,80,80,80,80,80,80,80,80,80,80,80,80,80,80],"card_choices":[{"not_picked":["Sword Boomerang","Cleave"],"picked":"Infernal Blade","floor":1},{"not_picked":["Flex","Pommel Strike"],"picked":"Rage","floor":4},{"not_picked":["Armaments","Flex"],"picked":"Clothesline","floor":5},{"not_picked":["Warcry","Pommel Strike"],"picked":"Burning Pact","floor":7},{"not_picked":["Clash","Sword Boomerang"],"picked":"Entrench","floor":8},{"not_picked":["Armaments","Warcry"],"picked":"Metallicize","floor":10},{"not_picked":["Corruption","Pommel Strike"],"picked":"Inflame","floor":11},{"not_picked":["Burning Pact","Sword Boomerang"],"picked":"Battle Trance","floor":12},{"not_picked":["Armaments","Blood for Blood"],"picked":"Seeing Red","floor":14},{"not_picked":["Barricade","Berserk"],"picked":"Offering","floor":16},{"not_picked":["Twin Strike","Anger"],"picked":"Dropkick","floor":18},{"not_picked":["Clothesline+1","Sword Boomerang"],"picked":"Dual Wield","floor":19},{"not_picked":["Metallicize","Shockwave"],"picked":"Shrug It Off+1","floor":20}],"player_experience":1949,"relics_obtained":[{"floor":9,"key":"Whetstone"}],"event_choices":[{"damage_healed":0,"gold_gain":0,"player_choice":"Left Gold","damage_taken":0,"max_hp_gain":0,"max_hp_loss":0,"event_name":"World of Goop","floor":2,"gold_loss":24},{"damage_healed":0,"gold_gain":0,"player_choice":"Entered Light","damage_taken":16,"max_hp_gain":0,"max_hp_loss":0,"event_name":"Shining Light","floor":3,"gold_loss":0,"cards_upgraded":["Infernal Blade","Defend_R"]}],"is_beta":false,"boss_relics":[{"not_picked":["Mark of Pain","Runic Dome"],"picked":"Eternal Feather"}],"items_purged_floors":[],"is_endless":false,"potions_floor_spawned":[4,5,8,11,18,20],"killed_by":"Snake Plant","ascension_level":0}