{"gold_per_floor":[19,19,19,32,48,48,87,87,113,156,156,191,216,216,216,216],"floor_reached":16,"playtime":628,"items_purged":[],"score":236,"play_id":"90f65d7d-d3b8-4992-a9cc-30a523b0f4e2","local_time":"20190713190436","is_ascension_mode":true,"campfire_choices":[{"data":"Poisoned Stab","floor":6,"key":"SMITH"},{"floor":8,"key":"REST"},{"floor":11,"key":"REST"},{"data":"Neutralize","floor":15,"key":"SMITH"}],"neow_cost":"NO_GOLD","seed_source_timestamp":23523887845331,"circlet_count":0,"master_deck":["AscendersBane","Strike_G","Strike_G","Strike_G","Strike_G","Defend_G","Defend_G","Defend_G","Defend_G","Defend_G","Survivor","Neutralize+1","Adrenaline","Poisoned Stab+1","Dagger Spray","Dagger Throw","Predator","Blur","Calculated Gamble"],"relics":["Ring of the Snake","Golden Idol","Regal Pillow","Orichalcum","Bottled Lightning","Art of War","Boot"],"potions_floor_usage":[16],"damage_taken":[{"damage":6,"enemies":"2 Louse","floor":1,"turns":4},{"damage":0,"enemies":"Small Slimes","floor":4,"turns":4},{"damage":2,"enemies":"Jaw Worm","floor":5,"turns":4},{"damage":33,"enemies":"Lagavulin","floor":7,"turns":6},{"damage":19,"enemies":"3 Sentries","floor":10,"turns":8},{"damage":12,"enemies":"Gremlin Nob","floor":12,"turns":4},{"damage":3,"enemies":"Exordium Thugs","floor":13,"turns":4},{"damage":32,"enemies":"Hexaghost","floor":16,"turns":9}],"seed_played":"968557371648985999","potions_obtained":[{"floor":10,"key":"Weak Potion"},{"floor":12,"key":"Fire Potion"}],"is_trial":false,"path_per_floor":["M","?","?","M","M","R","E","R","T","E","R","E","M","?","R","B"],"character_chosen":"THE_SILENT","items_purchased":[],"campfire_rested":2,"item_purchase_floors":[],"current_hp_per_floor":[53,53,46,46,44,44,11,44,44,25,58,46,43,32,32,0],"gold":216,"neow_bonus":"THREE_RARE_CARDS","is_prod":false,"is_daily":false,"chose_seed":false,"campfire_upgraded":2,"win_rate":0,"timestamp":1563037476,"path_taken":["M","?","?","M","M","R","E","R","T","E","R","E","M","?","R","BOSS"],"build_version":"2019-07-05","purchased_purges":0,"victory":false,"max_hp_per_floor":[66,60,60,60,60,60,60,60,60,60,60,60,60,60,60,60],"card_choices":[{"not_picked":["A Thousand Cuts","Storm of Steel"],"picked":"Adrenaline","floor":0},{"not_picked":["Blade Dance","Flechettes"],"picked":"Poisoned Stab","floor":1},{"not_picked":["Flying Knee","Prepared"],"picked":"Dagger Spray","floor":4},{"not_picked":["Dodge and Roll","All Out Attack"],"picked":"Dagger Throw","floor":5},{"not_picked":["Quick Slash","Cloak And Dagger","All Out Attack"],"picked":"SKIP","floor":7},{"not_picked":["Slice","Endless Agony"],"picked":"Predator","floor":10},{"not_picked":["Phantasmal Killer","Tools of the Trade"],"picked":"Blur","floor":12},{"not_picked":["Acrobatics","Setup"],"picked":"Calculated Gamble","floor":13}],"player_experience":1471949,"relics_obtained":[{"floor":7,"key":"Regal Pillow"},{"floor":9,"key":"Orichalcum"},{"floor":10,"key":"Bottled Lightning"},{"floor":12,"key":"Art of War"}],"event_choices":[{"damage_healed":0,"gold_gain":0,"player_choice":"Lose Max HP","damage_taken":0,"relics_obtained":["Golden Idol"],"max_hp_gain":0,"max_hp_loss":6,"event_name":"Golden Idol","floor":2,"gold_loss":0},{"cards_removed":["Strike_G"],"damage_healed":0,"gold_gain":0,"player_choice":"Card Removal","damage_taken":7,"max_hp_gain":0,"max_hp_loss":0,"event_name":"Golden Wing","floor":3,"gold_loss":0},{"damage_healed":0,"gold_gain":0,"player_choice":"Success","damage_taken":11,"relics_obtained":["Boot"],"max_hp_gain":0,"max_hp_loss":0,"event_name":"Scrap Ooze","floor":14,"gold_loss":0}],"is_beta":false,"boss_relics":[],"items_purged_floors":[],"is_endless":false,"potions_floor_spawned":[10,12],"killed_by":"Hexaghost","ascension_level":20}