{"gold_per_floor":[114,124,299,312,312,312,343,343,370,370,66,86,41,76,76,178,178,149,165,176,176,196,196,196,196,245,245,345,355,17,0,0,0],"floor_reached":33,"playtime":2544,"items_purged":["Pain"],"score":278,"play_id":"ed3d8662-4c4c-40b8-a0ba-740d86be7a5e","local_time":"20190707004146","is_ascension_mode":false,"campfire_choices":[{"data":"Pommel Strike","floor":6,"key":"SMITH"},{"data":"Armaments","floor":8,"key":"SMITH"},{"data":"Burning Pact","floor":10,"key":"SMITH"},{"data":"1","floor":15,"key":"LIFT"},{"data":"2","floor":23,"key":"LIFT"},{"data":"3","floor":25,"key":"LIFT"},{"data":"Reaper","floor":27,"key":"SMITH"},{"data":"Reaper","floor":32,"key":"SMITH"}],"neow_cost":"PERCENT_DAMAGE","seed_source_timestamp":629214205704092,"circlet_count":0,"master_deck":["Strike_R","Strike_R","Strike_R","Strike_R","Strike_R","Defend_R","Defend_R","Defend_R","Defend_R","Bash","Pommel Strike+1","Burning Pact+1","Doubt","Armaments+1","Dual Wield","Sword Boomerang","Infernal Blade","Reaper+1","Inflame","Disarm+1","Burning Pact","Reaper+1","Rupture+1","Writhe"],"relics":["Burning Blood","WarpedTongs","Ancient Tea Set","Red Skull","Girya","Kunai","Mark of Pain","The Courier","Omamori","Torii","Dodecahedron","Medical Kit","Boot"],"potions_floor_usage":[13,16,16,22,28],"damage_taken":[{"damage":5,"enemies":"Jaw Worm","floor":1,"turns":6},{"damage":4,"enemies":"Small Slimes","floor":2,"turns":4},{"damage":5,"enemies":"Cultist","floor":4,"turns":4},{"damage":33,"enemies":"Gremlin Nob","floor":7,"turns":4},{"damage":3,"enemies":"Lots of Slimes","floor":12,"turns":3},{"damage":3,"enemies":"Looter","floor":13,"turns":5},{"damage":34,"enemies":"3 Sentries","floor":14,"turns":8},{"damage":26,"enemies":"Hexaghost","floor":16,"turns":10},{"damage":46,"enemies":"2 Thieves","floor":18,"turns":5},{"damage":17,"enemies":"Spheric Guardian","floor":19,"turns":4},{"damage":10,"enemies":"Snake Plant","floor":20,"turns":4},{"damage":28,"enemies":"Centurion and Healer","floor":22,"turns":8},{"damage":56,"enemies":"Colosseum Slavers","floor":28,"turns":6},{"damage":29,"enemies":"Colosseum Nobs","floor":28,"turns":4},{"damage":58,"enemies":"3 Cultists","floor":29,"turns":6},{"damage":129,"enemies":"Automaton","floor":33,"turns":10}],"seed_played":"-19293918585412560","potions_obtained":[{"floor":2,"key":"FearPotion"},{"floor":4,"key":"SkillPotion"},{"floor":14,"key":"SteroidPotion"},{"floor":19,"key":"Strength Potion"},{"floor":20,"key":"SkillPotion"}],"is_trial":false,"path_per_floor":["M","M","?","M","?","R","E","R","T","R","$","M","M","E","R","B",null,"M","M","M","?","M","R","?","R","T","R","?","M","$","?","R","B"],"character_chosen":"IRONCLAD","items_purchased":["Girya","Medical Kit","Boot"],"campfire_rested":0,"item_purchase_floors":[11,30,30],"current_hp_per_floor":[73,75,75,76,76,76,49,49,49,49,49,52,55,27,27,7,96,60,49,45,45,50,50,50,50,50,50,69,71,71,71,71,0],"gold":0,"neow_bonus":"TWENTY_PERCENT_HP_BONUS","is_prod":false,"is_daily":false,"chose_seed":false,"campfire_upgraded":5,"win_rate":0,"timestamp":1562427706,"path_taken":["M","M","?","M","?","R","E","R","T","R","$","M","M","E","R","BOSS","M","M","M","?","?","R","?","R","T","R","?","M","$","?","R","BOSS"],"build_version":"2019-07-05","purchased_purges":1,"victory":false,"max_hp_per_floor":[96,96,96,96,96,96,96,96,96,96,96,96,96,96,96,96,96,96,96,96,96,96,96,96,96,96,96,96,96,96,96,96,96],"card_choices":[{"not_picked":["Sword Boomerang","Rage"],"picked":"Pommel Strike","floor":1},{"not_picked":["Feel No Pain","Headbutt"],"picked":"Burning Pact","floor":2},{"not_picked":["Whirlwind","Intimidate","True Grit"],"picked":"SKIP","floor":4},{"not_picked":["Flex","Clothesline"],"picked":"Armaments","floor":7},{"not_picked":["Armaments","Warcry"],"picked":"Dual Wield","floor":12},{"not_picked":["Blood for Blood","Twin Strike"],"picked":"Sword Boomerang","floor":13},{"not_picked":["Berserk","Flame Barrier"],"picked":"Infernal Blade","floor":14},{"not_picked":["Berserk","Offering"],"picked":"Reaper","floor":16},{"not_picked":["Fire Breathing+1","Body Slam"],"picked":"Inflame","floor":18},{"not_picked":["Rampage","Whirlwind"],"picked":"Disarm+1","floor":19},{"not_picked":["Sentinel","Headbutt"],"picked":"Burning Pact","floor":20},{"not_picked":["Searing Blow","Warcry"],"picked":"Rupture+1","floor":22},{"not_picked":["Warcry","Battle Trance","Power Through+1"],"picked":"SKIP","floor":29}],"player_experience":78797,"relics_obtained":[{"floor":7,"key":"Ancient Tea Set"},{"floor":9,"key":"Red Skull"},{"floor":14,"key":"Kunai"},{"floor":26,"key":"Omamori"},{"floor":28,"key":"Torii"},{"floor":28,"key":"Dodecahedron"}],"event_choices":[{"damage_healed":0,"gold_gain":175,"player_choice":"AGREE","damage_taken":0,"max_hp_gain":0,"max_hp_loss":0,"event_name":"Liars Game","floor":3,"gold_loss":0,"cards_obtained":["Doubt"]},{"damage_healed":0,"gold_gain":0,"player_choice":"Rummage","damage_taken":0,"relics_obtained":["WarpedTongs"],"max_hp_gain":0,"max_hp_loss":0,"event_name":"Accursed Blacksmith","floor":5,"gold_loss":0,"cards_obtained":["Pain"]},{"damage_healed":0,"gold_gain":0,"player_choice":"Copied","damage_taken":0,"max_hp_gain":0,"max_hp_loss":0,"event_name":"Duplicator","floor":21,"gold_loss":0,"cards_obtained":["Reaper"]},{"damage_healed":0,"gold_gain":0,"player_choice":"Opened","damage_taken":0,"relics_obtained":["The Courier"],"max_hp_gain":0,"max_hp_loss":0,"event_name":"The Mausoleum","floor":24,"gold_loss":0,"cards_obtained":["Writhe"]},{"damage_healed":0,"gold_gain":0,"player_choice":"Fight","damage_taken":0,"max_hp_gain":0,"max_hp_loss":0,"event_name":"Colosseum","floor":28,"gold_loss":0},{"damage_healed":0,"gold_gain":0,"player_choice":"Fought Nobs","damage_taken":0,"max_hp_gain":0,"max_hp_loss":0,"event_name":"Colosseum","floor":28,"gold_loss":0},{"damage_healed":0,"gold_gain":0,"player_choice":"Paid Fearfully","damage_taken":0,"max_hp_gain":0,"max_hp_loss":0,"event_name":"Masked Bandits","floor":31,"gold_loss":17}],"is_beta":false,"boss_relics":[{"not_picked":["Runic Dome","Lizard Tail"],"picked":"Mark of Pain"}],"items_purged_floors":[30],"is_endless":false,"potions_floor_spawned":[2,4,14,19,20,28],"killed_by":"Automaton","ascension_level":0}