{"gold_per_floor":[13,30,46,121,134,166,166,166,166,176,176,176,210,224,224,224],"floor_reached":16,"playtime":473,"items_purged":[],"score":224,"play_id":"024a160d-ac4c-4c81-ac61-5ca6890677fd","local_time":"20190630211150","is_ascension_mode":true,"campfire_choices":[{"floor":7,"key":"REST"},{"floor":12,"key":"REST"},{"data":"True Grit","floor":15,"key":"SMITH"}],"neow_cost":"NO_GOLD","seed_source_timestamp":555688481061346,"circlet_count":0,"master_deck":["AscendersBane","Strike_R","Strike_R+1","Strike_R","Strike_R","Strike_R","Defend_R","Defend_R","Defend_R","Defend_R+1","Bash","Shockwave","Headbutt","Combust","Offering","Whirlwind","True Grit+1"],"relics":["Burning Blood","Prayer Wheel","Charon\u0027s Ashes","Frozen Egg 2"],"potions_floor_usage":[6,16],"damage_taken":[{"damage":7,"enemies":"Small Slimes","floor":1,"turns":6},{"damage":5,"enemies":"2 Louse","floor":2,"turns":3},{"damage":5,"enemies":"Cultist","floor":3,"turns":5},{"damage":18,"enemies":"Lots of Slimes","floor":5,"turns":3},{"damage":44,"enemies":"Lagavulin","floor":6,"turns":9},{"damage":10,"enemies":"Looter","floor":10,"turns":4},{"damage":17,"enemies":"Gremlin Nob","floor":13,"turns":3},{"damage":15,"enemies":"Exordium Wildlife","floor":14,"turns":3},{"damage":52,"enemies":"The Guardian","floor":16,"turns":7}],"seed_played":"-8590494749288286948","potions_obtained":[{"floor":1,"key":"Weak Potion"},{"floor":13,"key":"Poison Potion"}],"is_trial":false,"path_per_floor":["M","M","M","?","M","E","R","?","T","M","?","R","E","M","R","B"],"character_chosen":"IRONCLAD","items_purchased":[],"campfire_rested":2,"item_purchase_floors":[],"current_hp_per_floor":[81,82,83,72,60,22,48,21,21,17,17,43,32,23,23,0],"gold":224,"neow_bonus":"TWENTY_PERCENT_HP_BONUS","is_prod":false,"is_daily":false,"chose_seed":false,"campfire_upgraded":1,"win_rate":0,"timestamp":1561947110,"path_taken":["M","M","M","?","M","E","R","?","T","M","?","R","E","M","R","BOSS"],"build_version":"2019-06-29","purchased_purges":0,"victory":false,"max_hp_per_floor":[89,89,89,89,89,89,89,89,89,89,89,89,89,89,89,89],"card_choices":[{"not_picked":["Bloodletting","Clothesline"],"picked":"Shockwave","floor":1},{"not_picked":["True Grit","Thunderclap"],"picked":"Headbutt","floor":2},{"not_picked":["Shockwave","True Grit"],"picked":"Combust","floor":3},{"not_picked":["Headbutt","Reckless Charge","Infernal Blade"],"picked":"SKIP","floor":5},{"not_picked":["Havoc","Flame Barrier"],"picked":"Offering","floor":6},{"not_picked":["Cleave","Clothesline"],"picked":"Whirlwind","floor":10},{"not_picked":["Sword Boomerang","Clash","Flex"],"picked":"SKIP","floor":10},{"not_picked":["Combust","Brutality","Clothesline"],"picked":"SKIP","floor":13},{"not_picked":["Reckless Charge","Second Wind"],"picked":"True Grit","floor":14},{"not_picked":["Heavy Blade","Clash","Wild Strike"],"picked":"SKIP","floor":14}],"player_experience":1611745,"relics_obtained":[{"floor":6,"key":"Prayer Wheel"},{"floor":9,"key":"Charon\u0027s Ashes"},{"floor":13,"key":"Frozen Egg 2"}],"event_choices":[{"damage_healed":0,"gold_gain":75,"player_choice":"Gather Gold","damage_taken":11,"max_hp_gain":0,"max_hp_loss":0,"event_name":"World of Goop","floor":4,"gold_loss":0},{"damage_healed":0,"gold_gain":0,"player_choice":"Entered Light","damage_taken":27,"max_hp_gain":0,"max_hp_loss":0,"event_name":"Shining Light","floor":8,"gold_loss":0,"cards_upgraded":["Defend_R","Strike_R"]},{"damage_healed":0,"gold_gain":0,"player_choice":"Ignored","damage_taken":0,"max_hp_gain":0,"max_hp_loss":0,"event_name":"Liars Game","floor":11,"gold_loss":0}],"is_beta":true,"boss_relics":[],"items_purged_floors":[],"is_endless":false,"potions_floor_spawned":[1,13],"killed_by":"The Guardian","ascension_level":20}