{"gold_per_floor":[109,34,309,327,343,343,354,354,354,354,386,408,420],"floor_reached":13,"playtime":282,"items_purged":[],"score":170,"play_id":"59ccd87f-8295-432e-acab-9a2ae7f36e2d","local_time":"20190609221050","is_ascension_mode":true,"campfire_choices":[{"data":"Zap","floor":6,"key":"SMITH"},{"data":"Chill","floor":8,"key":"SMITH"},{"data":"Barrage","floor":10,"key":"SMITH"}],"neow_cost":"NONE","seed_source_timestamp":1013644060650161,"circlet_count":0,"master_deck":["AscendersBane","Strike_B","Strike_B","Strike_B","Defend_B","Defend_B","Defend_B","Defend_B","Zap+1","Dualcast","Chill+1","Regret","Barrage+1","Echo Form","Sweeping Beam","FTL","Coolheaded+1"],"relics":["Cracked Core","NeowsBlessing","Toxic Egg 2","MawBank"],"potions_floor_usage":[11],"damage_taken":[{"damage":0,"enemies":"2 Louse","floor":1,"turns":1},{"damage":0,"enemies":"Small Slimes","floor":4,"turns":1},{"damage":0,"enemies":"Cultist","floor":5,"turns":1},{"damage":9,"enemies":"Looter","floor":7,"turns":4},{"damage":50,"enemies":"Gremlin Nob","floor":11,"turns":5},{"damage":1,"enemies":"Exordium Thugs","floor":12,"turns":3},{"damage":4,"enemies":"Lots of Slimes","floor":13,"turns":3}],"seed_played":"2222766535831378665","potions_obtained":[{"floor":4,"key":"Dexterity Potion"},{"floor":7,"key":"EssenceOfSteel"}],"is_trial":false,"path_per_floor":["M","?","?","M","M","R","M","R","T","R","E","M","M"],"character_chosen":"DEFECT","items_purchased":[],"campfire_rested":0,"item_purchase_floors":[],"current_hp_per_floor":[64,64,64,64,64,64,55,55,55,55,5,4,0],"gold":420,"neow_bonus":"THREE_ENEMY_KILL","is_prod":false,"is_daily":false,"chose_seed":false,"campfire_upgraded":3,"win_rate":0,"timestamp":1560136250,"path_taken":["M","?","?","M","?","R","M","R","T","R","E","M","M"],"build_version":"2019-01-23","purchased_purges":0,"victory":false,"max_hp_per_floor":[71,71,71,71,71,71,71,71,71,71,71,71,71],"card_choices":[{"not_picked":["Go for the Eyes","Sweeping Beam"],"picked":"Chill","floor":1},{"not_picked":["Go for the Eyes","Redo"],"picked":"Barrage","floor":4},{"not_picked":["Turbo","Redo"],"picked":"Echo Form","floor":5},{"not_picked":["Turbo","Streamline"],"picked":"Sweeping Beam","floor":7},{"not_picked":["Beam Cell","Thunder Strike"],"picked":"FTL","floor":11},{"not_picked":["Gash","Ball Lightning"],"picked":"Coolheaded+1","floor":12}],"player_experience":1744940,"relics_obtained":[{"floor":9,"key":"Toxic Egg 2"},{"floor":11,"key":"MawBank"}],"event_choices":[{"cards_removed":["Strike_B"],"damage_healed":0,"gold_gain":0,"player_choice":"Card Removal","damage_taken":0,"max_hp_gain":0,"max_hp_loss":0,"event_name":"The Cleric","floor":2,"gold_loss":75},{"damage_healed":0,"gold_gain":275,"player_choice":"Desecrate","damage_taken":0,"max_hp_gain":0,"max_hp_loss":0,"event_name":"Golden Shrine","floor":3,"gold_loss":0,"cards_obtained":["Regret"]}],"is_beta":false,"boss_relics":[],"items_purged_floors":[],"is_endless":false,"potions_floor_spawned":[4,7],"killed_by":"Lots of Slimes","ascension_level":20}