{"gold_per_floor":[109,284,234,245,261,292,367,367,418,438,166,180,180,199,199,302,302,317,2,2,22,34,34,34],"floor_reached":24,"playtime":899,"items_purged":["Searing Blow","Strike_R"],"score":198,"play_id":"ea597211-3647-476a-bd20-c1c5ff962b43","local_time":"20190710135718","is_ascension_mode":false,"campfire_choices":[{"data":"Armaments","floor":8,"key":"SMITH"},{"floor":15,"key":"REST"},{"floor":23,"key":"REST"}],"neow_cost":"NONE","seed_source_timestamp":582135769126432,"circlet_count":0,"master_deck":["Strike_R","Strike_R","Strike_R+1","Strike_R+1","Defend_R","Defend_R","Defend_R","Defend_R","Bash","Hemokinesis","Armaments+1","Infernal Blade","Perfected Strike","Rupture","Perfected Strike","Berserk","Warcry+1","Spot Weakness","Armaments","Warcry+1"],"relics":["Burning Blood","Blood Vial","Whetstone","Toolbox","Black Star","PreservedInsect","Molten Egg 2"],"potions_floor_usage":[16,22,22,22],"damage_taken":[{"damage":9,"enemies":"Cultist","floor":1,"turns":3},{"damage":3,"enemies":"Small Slimes","floor":4,"turns":3},{"damage":6,"enemies":"2 Louse","floor":5,"turns":2},{"damage":45,"enemies":"Lagavulin","floor":6,"turns":6},{"damage":21,"enemies":"Lots of Slimes","floor":10,"turns":4},{"damage":5,"enemies":"Looter","floor":12,"turns":3},{"damage":0,"enemies":"2 Fungi Beasts","floor":14,"turns":3},{"damage":38,"enemies":"Slime Boss","floor":16,"turns":11},{"damage":34,"enemies":"Shell Parasite","floor":18,"turns":5},{"damage":13,"enemies":"Chosen","floor":21,"turns":3},{"damage":48,"enemies":"Sentry and Sphere","floor":22,"turns":7},{"damage":37,"enemies":"Slavers","floor":24,"turns":2}],"seed_played":"4048681778926756677","potions_obtained":[{"floor":6,"key":"Weak Potion"},{"floor":13,"key":"Fire Potion"},{"floor":13,"key":"SkillPotion"},{"floor":16,"key":"EssenceOfSteel"}],"is_trial":false,"path_per_floor":["M","?","?","M","M","E","?","R","T","M","$","M","?","M","R","B",null,"M","$","T","M","M","R","E"],"character_chosen":"IRONCLAD","items_purchased":["Toolbox","PreservedInsect","Spot Weakness"],"campfire_rested":2,"item_purchase_floors":[11,19,19],"current_hp_per_floor":[77,77,77,80,80,41,30,30,30,17,17,20,20,28,52,22,80,52,52,52,47,7,31,0],"gold":34,"neow_bonus":"THREE_CARDS","is_prod":false,"is_daily":false,"chose_seed":false,"campfire_upgraded":1,"win_rate":0,"timestamp":1562731038,"path_taken":["M","?","?","M","M","E","?","R","T","M","$","M","?","M","R","BOSS","M","$","?","?","M","R","E"],"build_version":"2019-07-05","purchased_purges":2,"victory":false,"max_hp_per_floor":[80,80,80,80,80,80,80,80,80,80,80,80,80,80,80,80,80,80,80,80,80,80,80,80],"card_choices":[{"not_picked":["Cleave","Anger"],"picked":"Hemokinesis","floor":0},{"not_picked":["True Grit","Iron Wave"],"picked":"Armaments","floor":1},{"not_picked":["Entrench","Intimidate"],"picked":"Infernal Blade","floor":4},{"not_picked":["Armaments","Fire Breathing"],"picked":"Searing Blow","floor":5},{"not_picked":["Cleave","Offering"],"picked":"Perfected Strike","floor":6},{"not_picked":["Iron Wave","Fire Breathing"],"picked":"Rupture","floor":10},{"not_picked":["Sword Boomerang","Entrench"],"picked":"Perfected Strike","floor":12},{"not_picked":["Warcry","Searing Blow","Uppercut"],"picked":"SKIP","floor":14},{"not_picked":["Fiend Fire","Reaper"],"picked":"Berserk","floor":16},{"not_picked":["Flex","Wild Strike"],"picked":"Warcry+1","floor":18},{"not_picked":["Whirlwind+1","Shockwave"],"picked":"Armaments","floor":21},{"not_picked":["Clothesline+1","Intimidate"],"picked":"Warcry+1","floor":22}],"player_experience":13928,"relics_obtained":[{"floor":6,"key":"Blood Vial"},{"floor":9,"key":"Whetstone"},{"floor":20,"key":"Molten Egg 2"}],"event_choices":[{"damage_healed":0,"gold_gain":175,"player_choice":"AGREE","damage_taken":0,"max_hp_gain":0,"max_hp_loss":0,"event_name":"Liars Game","floor":2,"gold_loss":0,"cards_obtained":["Doubt"]},{"cards_removed":["Doubt"],"damage_healed":0,"gold_gain":0,"player_choice":"Card Removal","damage_taken":0,"max_hp_gain":0,"max_hp_loss":0,"event_name":"The Cleric","floor":3,"gold_loss":50},{"damage_healed":0,"gold_gain":75,"player_choice":"Gather Gold","damage_taken":11,"max_hp_gain":0,"max_hp_loss":0,"event_name":"World of Goop","floor":7,"gold_loss":0},{"damage_healed":0,"gold_gain":0,"player_choice":"Got Potions","damage_taken":0,"max_hp_gain":0,"max_hp_loss":0,"event_name":"Lab","floor":13,"gold_loss":0}],"is_beta":false,"boss_relics":[{"not_picked":["White Beast Statue","Eternal Feather"],"picked":"Black Star"}],"items_purged_floors":[11,19],"is_endless":false,"potions_floor_spawned":[6,14,16],"killed_by":"Slavers","ascension_level":0}