{"gold_per_floor":[414,489,231,244,263,291,291,321,399,399,43,58,92,111,111,189,189,174,174,174,84,27,27,27,27,27,27,27,27,27,27,27,27,27,27,27,27,27,27,27,27,27,27,27,27,27,27,27,27,27],"floor_reached":51,"playtime":1933,"items_purged":["Strike_R","Strike_R"],"score":1595,"play_id":"82ca9f74-6bc4-4219-8f1f-cc7e4c343e44","local_time":"20190707163141","is_ascension_mode":true,"campfire_choices":[{"data":"Inflame","floor":7.0,"key":"SMITH"},{"data":"Corruption","floor":15.0,"key":"SMITH"},{"data":"Barricade","floor":23.0,"key":"SMITH"},{"data":"Heavy Blade","floor":32.0,"key":"SMITH"},{"data":"True Grit","floor":44,"key":"SMITH"},{"data":"Second Wind","floor":49,"key":"SMITH"}],"neow_cost":"","seed_source_timestamp":0,"circlet_count":0,"master_deck":["Armaments+1","Defend_R","Defend_R","Defend_R+1","Bash","Inflame+1","Flex+1","Whirlwind","Carnage+1","Sever Soul","Power Through","Barricade+1","Corruption+1","Spot Weakness","Reaper","Feel No Pain+1","Second Wind+1","Shockwave","True Grit+1","Heavy Blade+1","Fiend Fire","Flame Barrier+1","Berserk+1","Immolate+1","Shrug It Off","Flame Barrier","Body Slam+1","Sentinel+1","Evolve+1"],"special_seed":0,"relics":["Burning Blood","Old Coin","Membership Card","The Courier","Bronze Scales","Potion Belt","Dead Branch","Juzu Bracelet","Pear","Happy Flower","Omamori","Whetstone","Vajra","Bag of Preparation","Ectoplasm","Bag of Marbles","Mummified Hand","Astrolabe","Lantern","Darkstone Periapt","Kunai","Ice Cream","Boot","Mercury Hourglass","Regal Pillow"],"potions_floor_usage":[50,50,50,50],"damage_taken":[{"damage":5.0,"enemies":"Small Slimes","floor":1.0,"turns":3.0},{"damage":3.0,"enemies":"2 Louse","floor":4.0,"turns":2.0},{"damage":6.0,"enemies":"Cultist","floor":5.0,"turns":3.0},{"damage":13.0,"enemies":"Gremlin Nob","floor":6.0,"turns":3.0},{"damage":35.0,"enemies":"Lagavulin","floor":8.0,"turns":6.0},{"damage":0.0,"enemies":"2 Fungi Beasts","floor":12.0,"turns":2.0},{"damage":18.0,"enemies":"Gremlin Nob","floor":13.0,"turns":3.0},{"damage":0.0,"enemies":"Exordium Thugs","floor":14.0,"turns":5.0},{"damage":0.0,"enemies":"Hexaghost","floor":16.0,"turns":5.0},{"damage":3.0,"enemies":"2 Thieves","floor":18.0,"turns":2.0},{"damage":0.0,"enemies":"Spheric Guardian","floor":19.0,"turns":1.0},{"damage":0.0,"enemies":"Chosen and Byrds","floor":24.0,"turns":5.0},{"damage":0.0,"enemies":"Centurion and Healer","floor":25.0,"turns":2.0},{"damage":0.0,"enemies":"Shelled Parasite and Fungi","floor":27.0,"turns":2.0},{"damage":0.0,"enemies":"Snake Plant","floor":29.0,"turns":1.0},{"damage":0.0,"enemies":"Snecko","floor":30.0,"turns":2.0},{"damage":0.0,"enemies":"Shelled Parasite and Fungi","floor":31.0,"turns":2.0},{"damage":32.0,"enemies":"Collector","floor":33.0,"turns":7.0},{"damage":9.0,"enemies":"Orb Walker","floor":35.0,"turns":3.0},{"damage":2,"enemies":"3 Shapes","floor":37,"turns":3},{"damage":0,"enemies":"Maw","floor":38,"turns":4},{"damage":0,"enemies":"3 Darklings","floor":39,"turns":2},{"damage":12,"enemies":"Reptomancer","floor":40,"turns":4},{"damage":0,"enemies":"Sphere and 2 Shapes","floor":41,"turns":2},{"damage":6,"enemies":"Nemesis","floor":42,"turns":3},{"damage":0,"enemies":"Mind Bloom Boss Battle","floor":45,"turns":4},{"damage":0,"enemies":"Reptomancer","floor":46,"turns":2},{"damage":3,"enemies":"Giant Head","floor":48,"turns":5},{"damage":2,"enemies":"Time Eater","floor":50,"turns":4}],"seed_played":"-5949273994583989716","potions_obtained":[{"floor":4.0,"key":"AttackPotion"},{"floor":12.0,"key":"Ancient Potion"},{"floor":14.0,"key":"LiquidBronze"},{"floor":24.0,"key":"AttackPotion"},{"floor":25.0,"key":"Ancient Potion"},{"floor":35.0,"key":"SpeedPotion"}],"is_trial":true,"path_per_floor":["M","?","$","M","M","E","R","E","T","?","$","M","E","M","R","B",null,"M","M","?","?","$","R","M","M","T","M","$","M","M","M","R","B",null,"M","?","M","M","M","E","M","E","T","R","?","E","?","E","R","B",null],"character_chosen":"IRONCLAD","items_purchased":["Bronze Scales","Inflame","Flex","Twin Strike","Whirlwind","Potion Belt","Happy Flower","Barricade","Omamori","Whetstone","Vajra","Bag of Marbles"],"campfire_rested":0,"item_purchase_floors":[3,3,3,3,3,3,11,11,11,11,11,22],"current_hp_per_floor":[73,62,62,65,65,58,58,29,39,39,39,45,33,39,39,45,79,82,88,70,70,70,70,87,93,93,95,95,95,95,95,95,88,93,90,90,95,95,95,89,95,95,95,95,95,95,95,95,95,95],"gold":27,"neow_bonus":"","is_prod":false,"is_daily":false,"chose_seed":false,"campfire_upgraded":6,"win_rate":0,"timestamp":1562484701,"path_taken":["M","?","$","M","M","E","R","E","T","?","$","M","E","M","R","BOSS","M","M","?","?","$","R","M","M","T","M","?","M","M","M","R","BOSS","M","?","M","M","M","E","M","E","T","R","?","E","?","E","R","BOSS"],"build_version":"2019-07-05","purchased_purges":2,"victory":true,"max_hp_per_floor":[80,80,80,80,80,80,80,80,90,90,90,90,90,90,90,90,90,90,90,95,95,95,95,95,95,95,95,95,95,95,95,95,95,95,95,95,95,95,95,95,95,95,95,95,95,95,95,95,95,95],"card_choices":[{"not_picked":["Flex","Armaments"],"picked":"Pummel","floor":1.0},{"not_picked":["Burning Pact","Entrench"],"picked":"Carnage","floor":4.0},{"not_picked":["Bloodletting","Combust","Perfected Strike"],"picked":"SKIP","floor":5.0},{"not_picked":["Clothesline","Dropkick"],"picked":"Sever Soul","floor":6.0},{"not_picked":["Sentinel","Infernal Blade"],"picked":"Power Through","floor":8.0},{"not_picked":["Cleave","Juggernaut","Spot Weakness"],"picked":"SKIP","floor":12.0},{"not_picked":["Dropkick","Shrug It Off"],"picked":"Corruption","floor":13.0},{"not_picked":["Thunderclap","Twin Strike"],"picked":"Spot Weakness","floor":14.0},{"not_picked":["Limit Break","Bludgeon"],"picked":"Reaper","floor":16.0},{"not_picked":["Thunderclap","Flex","Anger"],"picked":"SKIP","floor":18.0},{"not_picked":["Dropkick","Perfected Strike"],"picked":"Feel No Pain+1","floor":19.0},{"not_picked":["Spot Weakness","Sentinel"],"picked":"Second Wind","floor":24.0},{"not_picked":["Headbutt","Iron Wave"],"picked":"Shockwave","floor":25.0},{"not_picked":["Infernal Blade","Anger+1","Dual Wield"],"picked":"SKIP","floor":27.0},{"not_picked":["Rage","Clothesline"],"picked":"Intimidate","floor":29.0},{"not_picked":["Flex","Burning Pact"],"picked":"True Grit","floor":30.0},{"not_picked":["Flex","Warcry"],"picked":"Heavy Blade","floor":31.0},{"not_picked":["Demon Form","Juggernaut"],"picked":"Fiend Fire","floor":33.0},{"not_picked":["Reckless Charge","Warcry","Wild Strike"],"picked":"SKIP","floor":35.0},{"not_picked":["Sword Boomerang","Havoc","Anger"],"picked":"SKIP","floor":37},{"not_picked":["Blood for Blood+1","Disarm+1"],"picked":"Shrug It Off","floor":38},{"not_picked":["Pommel Strike+1","Anger","Wild Strike"],"picked":"SKIP","floor":39},{"not_picked":["Sword Boomerang","Feed","Wild Strike"],"picked":"SKIP","floor":40},{"not_picked":["Flex+1","Clothesline"],"picked":"Flame Barrier","floor":41},{"not_picked":["Barricade","Iron Wave","Anger+1"],"picked":"SKIP","floor":42},{"not_picked":["Entrench","Sword Boomerang"],"picked":"Body Slam+1","floor":45},{"not_picked":["Pommel Strike","Sever Soul"],"picked":"Sentinel+1","floor":46},{"not_picked":["Body Slam","Heavy Blade+1"],"picked":"Evolve+1","floor":48}],"player_experience":185316,"relics_obtained":[{"floor":6.0,"key":"Dead Branch"},{"floor":8.0,"key":"Juzu Bracelet"},{"floor":9.0,"key":"Pear"},{"floor":13.0,"key":"Bag of Preparation"},{"floor":26.0,"key":"Mummified Hand"},{"floor":40,"key":"Lantern"},{"floor":42,"key":"Darkstone Periapt"},{"floor":43,"key":"Kunai"},{"floor":45,"key":"Ice Cream"},{"floor":46,"key":"Boot"},{"floor":48,"key":"Regal Pillow"}],"event_choices":[{"damage_healed":0.0,"max_hp_gain":0.0,"max_hp_loss":0.0,"gold_gain":75.0,"event_name":"World of Goop","player_choice":"Gather Gold","floor":2.0,"gold_loss":0.0,"damage_taken":11.0},{"damage_healed":0.0,"max_hp_gain":0.0,"max_hp_loss":0.0,"gold_gain":0.0,"event_name":"Accursed Blacksmith","player_choice":"Forge","floor":10.0,"gold_loss":0.0,"damage_taken":0.0,"cards_upgraded":["Flex"]},{"damage_healed":0.0,"max_hp_gain":5.0,"max_hp_loss":0.0,"gold_gain":0.0,"event_name":"Forgotten Altar","player_choice":"Shed Blood","floor":20.0,"gold_loss":0.0,"damage_taken":23.0},{"cards_removed":["Strike_R"],"damage_healed":0.0,"max_hp_gain":0.0,"max_hp_loss":0.0,"gold_gain":0.0,"event_name":"Designer","player_choice":"Upgrade and Remove","floor":21.0,"gold_loss":90.0,"damage_taken":0.0,"cards_upgraded":["Defend_R"]},{"cards_removed":["Intimidate"],"damage_healed":0,"gold_gain":0,"player_choice":"Removed Skill","damage_taken":0,"max_hp_gain":0,"max_hp_loss":0,"event_name":"Falling","floor":36,"gold_loss":0},{"damage_healed":0,"gold_gain":0,"player_choice":"Fight","damage_taken":0,"max_hp_gain":0,"max_hp_loss":0,"event_name":"MindBloom","floor":45,"gold_loss":0},{"cards_removed":["Pummel"],"damage_healed":0,"gold_gain":0,"player_choice":"Gave Card","damage_taken":0,"relics_obtained":["Mercury Hourglass"],"max_hp_gain":0,"max_hp_loss":0,"event_name":"WeMeetAgain","floor":47,"gold_loss":0}],"is_beta":false,"boss_relics":[{"not_picked":["Fusion Hammer","Empty Cage"],"picked":"Ectoplasm"},{"not_picked":["Black Blood","Philosopher\u0027s Stone"],"picked":"Astrolabe"}],"items_purged_floors":[3,11],"is_endless":false,"potions_floor_spawned":[4,12,14,24,25,27,29,30,35,37,41,46],"ascension_level":13}