{"gold_per_floor":[112,130,55,65,65,99,116,116,143,143,171,171,198,58,58,159,159,178,178,103,32,47,47,66,101,101,101,113,125,164,176,188,305,317,342,382,8,18,28,28,43,63,63,63,76,76,93,93,93,93],"floor_reached":51,"playtime":10291,"items_purged":["Strike_G","Pain"],"score":710,"play_id":"397adde2-d024-4df1-a417-fa5714178fb0","local_time":"20190615180928","is_ascension_mode":false,"campfire_choices":[{"floor":8.0,"key":"REST"},{"floor":12.0,"key":"REST"},{"data":"Caltrops","floor":15.0,"key":"SMITH"},{"floor":23.0,"key":"REST"},{"data":"A Thousand Cuts","floor":29.0,"key":"SMITH"},{"floor":32.0,"key":"REST"},{"data":"After Image","floor":40.0,"key":"SMITH"},{"data":"Panache","floor":46.0,"key":"SMITH"},{"floor":49,"key":"RECALL"}],"neow_cost":"NONE","seed_source_timestamp":0,"circlet_count":0,"master_deck":["Defend_G+1","Defend_G+1","Defend_G+1","Defend_G+1","Defend_G+1","Strike_G+1","Strike_G+1","Survivor+1","Neutralize+1","Burst+1","Bane+1","Poisoned Stab+1","Acrobatics+1","Footwork+1","Deflect+1","Footwork+1","Bouncing Flask+1","Caltrops+1","After Image+1","Backflip+1","Caltrops+1","Skewer+1","Sucker Punch+1","A Thousand Cuts+1","Poisoned Stab+1","Corpse Explosion+1","Cloak And Dagger+1","Deflect+1","Choke+1","Backflip+1","Noxious Fumes+1","Footwork+1","Parasite","Dodge and Roll+1","Panache+1","Discovery+1","Transmutation+1","Deflect+1"],"special_seed":0,"relics":["Ring of the Serpent","WarpedTongs","Anchor","Juzu Bracelet","War Paint","Boot","Whetstone","Philosopher\u0027s Stone","Enchiridion","Red Mask","Sundial","MawBank","Pen Nib","Bird Faced Urn","Regal Pillow","Mark of the Bloom"],"potions_floor_usage":[50,50],"damage_taken":[{"damage":0.0,"enemies":"Small Slimes","floor":1.0,"turns":5.0},{"damage":0.0,"enemies":"Cultist","floor":2.0,"turns":5.0},{"damage":0.0,"enemies":"Jaw Worm","floor":4.0,"turns":4.0},{"damage":12.0,"enemies":"Lagavulin","floor":6.0,"turns":11.0},{"damage":5.0,"enemies":"Large Slime","floor":7.0,"turns":6.0},{"damage":11.0,"enemies":"3 Sentries","floor":11.0,"turns":10.0},{"damage":12.0,"enemies":"Lagavulin","floor":13.0,"turns":8.0},{"damage":0.0,"enemies":"The Guardian","floor":16.0,"turns":7.0},{"damage":15.0,"enemies":"3 Byrds","floor":18.0,"turns":3.0},{"damage":0.0,"enemies":"2 Thieves","floor":22.0,"turns":4.0},{"damage":8.0,"enemies":"3 Cultists","floor":24.0,"turns":6.0},{"damage":3.0,"enemies":"Masked Bandits","floor":25.0,"turns":4.0},{"damage":3.0,"enemies":"Slavers","floor":30.0,"turns":5.0},{"damage":10.0,"enemies":"Automaton","floor":33.0,"turns":8.0},{"damage":1.0,"enemies":"3 Shapes","floor":35.0,"turns":3.0},{"damage":10.0,"enemies":"Orb Walker","floor":36.0,"turns":3.0},{"damage":1.0,"enemies":"4 Shapes","floor":38.0,"turns":3.0},{"damage":16.0,"enemies":"Spire Growth","floor":39.0,"turns":5.0},{"damage":0.0,"enemies":"Jaw Worm Horde","floor":41.0,"turns":3.0},{"damage":7.0,"enemies":"Writhing Mass","floor":42.0,"turns":6.0},{"damage":18.0,"enemies":"Spire Growth","floor":45.0,"turns":5.0},{"damage":0.0,"enemies":"3 Darklings","floor":47.0,"turns":3.0},{"damage":12,"enemies":"Awakened One","floor":50,"turns":11}],"seed_played":"3168255993519990878","potions_obtained":[{"floor":2.0,"key":"Weak Potion"},{"floor":6.0,"key":"GhostInAJar"},{"floor":13.0,"key":"AttackPotion"},{"floor":24.0,"key":"Dexterity Potion"},{"floor":25.0,"key":"Regen Potion"},{"floor":39.0,"key":"PowerPotion"},{"floor":42.0,"key":"Poison Potion"}],"is_trial":false,"path_per_floor":["M","M","$","M","?","E","M","R","T","?","E","R","E","$","R","B",null,"M","?","?","$","M","R","M","?","T","T","?","R","E","?","R","B",null,"M","M","$","M","M","R","M","M","T","?","M","R","M","?","R","B",null],"character_chosen":"THE_SILENT","items_purchased":["Caltrops","Caltrops","Bird Faced Urn","Choke"],"campfire_rested":4,"item_purchase_floors":[14,21,37,37],"current_hp_per_floor":[70,70,70,70,70,58,53,70,70,58,47,68,56,56,56,56,70,55,39,39,39,39,60,52,49,49,49,70,70,67,54,75,65,75,74,64,64,71,65,65,75,75,75,65,61,61,71,71,71,59],"gold":93,"neow_bonus":"TRANSFORM_CARD","is_prod":false,"is_daily":false,"chose_seed":false,"campfire_upgraded":4,"win_rate":0,"timestamp":1560636568,"path_taken":["M","M","$","M","?","E","M","R","T","?","E","R","E","$","R","BOSS","M","?","?","$","M","R","M","?","T","?","?","R","E","?","R","BOSS","M","M","$","M","M","R","M","M","T","?","M","R","M","?","R","BOSS"],"build_version":"2019-01-23","purchased_purges":2,"victory":true,"max_hp_per_floor":[70,70,70,70,70,70,70,70,70,70,70,70,70,70,70,70,70,70,70,70,70,70,70,70,70,70,70,70,70,70,75,75,75,75,75,75,75,75,75,75,75,75,75,75,75,75,75,75,75,75],"card_choices":[{"not_picked":["PiercingWail","Sucker Punch"],"picked":"Bane","floor":1.0},{"not_picked":["Reflex","Dodge and Roll"],"picked":"Poisoned Stab","floor":2.0},{"not_picked":["Dagger Throw","Cloak And Dagger"],"picked":"Acrobatics","floor":4.0},{"not_picked":["Sucker Punch","All Out Attack"],"picked":"Footwork","floor":6.0},{"not_picked":["Dagger Spray","Sucker Punch"],"picked":"Deflect","floor":7.0},{"not_picked":["Infinite Blades","Skewer"],"picked":"Footwork","floor":11.0},{"not_picked":["Blade Dance","Heel Hook"],"picked":"Bouncing Flask","floor":13.0},{"not_picked":["Die Die Die","Envenom"],"picked":"After Image","floor":16.0},{"not_picked":["Deflect","Expertise+1"],"picked":"Backflip","floor":18.0},{"not_picked":["Expertise","Heel Hook+1"],"picked":"Skewer+1","floor":22.0},{"not_picked":["Underhanded Strike","Slice"],"picked":"Sucker Punch","floor":24.0},{"not_picked":["Dagger Spray","Endless Agony+1"],"picked":"A Thousand Cuts","floor":25.0},{"not_picked":["Backflip","Underhanded Strike"],"picked":"Poisoned Stab","floor":30.0},{"not_picked":["After Image","Tools of the Trade"],"picked":"Corpse Explosion","floor":33.0},{"not_picked":["Prepared","Slice"],"picked":"Cloak And Dagger+1","floor":35.0},{"not_picked":["Deadly Poison","Underhanded Strike"],"picked":"Deflect+1","floor":36.0},{"not_picked":["Skewer+1","Outmaneuver"],"picked":"Backflip+1","floor":38.0},{"not_picked":["Bane+1","Flechettes"],"picked":"Noxious Fumes","floor":39.0},{"not_picked":["Catalyst","Deadly Poison+1"],"picked":"Footwork+1","floor":41.0},{"not_picked":["Deadly Poison+1","Backflip"],"picked":"Dodge and Roll+1","floor":42.0},{"not_picked":["Trip","HandOfGreed"],"picked":"Panache","floor":44.0},{"not_picked":["Forethought","Blind"],"picked":"Discovery","floor":44.0},{"not_picked":["Forethought","Deep Breath"],"picked":"Transmutation","floor":44.0},{"not_picked":["Dagger Throw","Masterful Stab","Sucker Punch"],"picked":"SKIP","floor":45.0},{"not_picked":["Flechettes+1","Deadly Poison"],"picked":"Deflect+1","floor":47.0}],"player_experience":88571,"relics_obtained":[{"floor":6.0,"key":"Anchor"},{"floor":9.0,"key":"Juzu Bracelet"},{"floor":11.0,"key":"Boot"},{"floor":13.0,"key":"Whetstone"},{"floor":19.0,"key":"Enchiridion"},{"floor":25.0,"key":"Red Mask"},{"floor":26.0,"key":"Sundial"},{"floor":27.0,"key":"MawBank"},{"floor":30.0,"key":"Pen Nib"},{"floor":43.0,"key":"Regal Pillow"}],"event_choices":[{"damage_healed":0.0,"max_hp_gain":0.0,"max_hp_loss":0.0,"gold_gain":0.0,"event_name":"Accursed Blacksmith","player_choice":"Rummage","floor":5.0,"gold_loss":0.0,"damage_taken":0.0,"relics_obtained":["WarpedTongs"],"cards_obtained":["Pain"]},{"damage_healed":0.0,"max_hp_gain":0.0,"max_hp_loss":0.0,"gold_gain":0.0,"event_name":"Scrap Ooze","player_choice":"Success","floor":10.0,"gold_loss":0.0,"damage_taken":12.0,"relics_obtained":["War Paint"]},{"damage_healed":0.0,"max_hp_gain":0.0,"max_hp_loss":0.0,"gold_gain":0.0,"event_name":"Cursed Tome","player_choice":"Obtained Book","floor":19.0,"gold_loss":0.0,"damage_taken":16.0},{"cards_removed":["Strike_G"],"damage_healed":0.0,"max_hp_gain":0.0,"max_hp_loss":0.0,"gold_gain":0.0,"event_name":"Beggar","player_choice":"Gave Gold","floor":20.0,"gold_loss":75.0,"damage_taken":0.0},{"damage_healed":0.0,"max_hp_gain":0.0,"max_hp_loss":0.0,"gold_gain":0.0,"event_name":"Masked Bandits","player_choice":"Fought Bandits","floor":25.0,"gold_loss":0.0,"damage_taken":0.0},{"damage_healed":23.0,"max_hp_gain":0.0,"max_hp_loss":0.0,"gold_gain":0.0,"event_name":"The Library","player_choice":"Heal","floor":28.0,"gold_loss":0.0,"damage_taken":0.0},{"damage_healed":0.0,"max_hp_gain":5.0,"max_hp_loss":0.0,"gold_gain":0.0,"event_name":"Forgotten Altar","player_choice":"Shed Blood","floor":31.0,"gold_loss":0.0,"damage_taken":18.0},{"damage_healed":0.0,"max_hp_gain":0.0,"max_hp_loss":0.0,"gold_gain":0.0,"event_name":"SensoryStone","player_choice":"Memory 3","floor":44.0,"gold_loss":0.0,"damage_taken":10.0},{"damage_healed":0.0,"max_hp_gain":0.0,"max_hp_loss":0.0,"gold_gain":0.0,"event_name":"MindBloom","player_choice":"Upgrade","floor":48.0,"gold_loss":0.0,"damage_taken":0.0,"cards_upgraded":["Defend_G","Defend_G","Defend_G","Defend_G","Strike_G","Strike_G","Survivor","Neutralize","Acrobatics","Footwork","Deflect","Footwork","Bouncing Flask","Backflip","Caltrops","Sucker Punch","Poisoned Stab","Corpse Explosion","Choke","Noxious Fumes","Discovery","Transmutation"],"relics_obtained":["Mark of the Bloom"]}],"is_beta":false,"boss_relics":[{"not_picked":["Coffee Dripper","Snecko Eye"],"picked":"Philosopher\u0027s Stone"},{"not_picked":["Busted Crown","Runic Dome"],"picked":"Ring of the Serpent"}],"items_purged_floors":[3,14],"is_endless":false,"potions_floor_spawned":[2,6,13,22,24,25,39,42],"ascension_level":0}