{"gold_per_floor":[117,117,133,149,68,68,101,120,120,152,61,80,91,123,123,221,221,205,216,226,141,141,141,172,172,196,196],"floor_reached":27,"playtime":2169,"items_purged":["Strike_R"],"score":291,"play_id":"b64ea758-c660-422c-95c0-8c1ec7dbd8fb","local_time":"20190712113741","is_ascension_mode":true,"campfire_choices":[{"data":"Flame Barrier","floor":6,"key":"SMITH"},{"floor":15,"key":"REST"},{"data":"Bite","floor":23,"key":"SMITH"},{"floor":25,"key":"REST"}],"neow_cost":"NONE","seed_source_timestamp":127760635251400,"circlet_count":0,"master_deck":["Defend_R","Defend_R","Defend_R+1","Defend_R","Bash","True Grit+1","Twin Strike","Anger","Flame Barrier+1","Armaments+1","Fire Breathing","Headbutt","Hemokinesis","Uppercut","Metallicize","Barricade","Berserk+1","Intimidate+1","Perfected Strike+1","True Grit+1","Shrug It Off+1","Entrench+1","Bite+1","Bite","Bite","Bite","Bite","Iron Wave"],"relics":["Burning Blood","Smiling Mask","Matryoshka","Pear","War Paint","Calipers","Astrolabe","Gremlin Horn","Omamori","Blood Vial","Centennial Puzzle"],"potions_floor_usage":[16,16,27,27],"damage_taken":[{"damage":7,"enemies":"2 Louse","floor":1,"turns":3},{"damage":15,"enemies":"Cultist","floor":3,"turns":4},{"damage":1,"enemies":"Small Slimes","floor":4,"turns":3},{"damage":25,"enemies":"Lagavulin","floor":7,"turns":8},{"damage":7,"enemies":"2 Fungi Beasts","floor":8,"turns":3},{"damage":23,"enemies":"Gremlin Nob","floor":10,"turns":4},{"damage":3,"enemies":"Exordium Wildlife","floor":12,"turns":2},{"damage":19,"enemies":"Exordium Thugs","floor":13,"turns":5},{"damage":17,"enemies":"3 Sentries","floor":14,"turns":7},{"damage":15,"enemies":"Slime Boss","floor":16,"turns":10},{"damage":21,"enemies":"2 Thieves","floor":18,"turns":4},{"damage":12,"enemies":"Spheric Guardian","floor":19,"turns":6},{"damage":4,"enemies":"Centurion and Healer","floor":20,"turns":8},{"damage":82,"enemies":"Slavers","floor":24,"turns":10},{"damage":39,"enemies":"Book of Stabbing","floor":27,"turns":8}],"seed_played":"-4425277167002189708","potions_obtained":[{"floor":8,"key":"EssenceOfSteel"},{"floor":10,"key":"SpeedPotion"},{"floor":12,"key":"Poison Potion"},{"floor":13,"key":"Ancient Potion"},{"floor":14,"key":"Fire Potion"},{"floor":16,"key":"FairyPotion"},{"floor":18,"key":"Weak Potion"},{"floor":24,"key":"Strength Potion"}],"is_trial":false,"path_per_floor":["M","?","M","M","$","R","E","M","T","E","$","M","M","E","R","B",null,"M","M","M","?","?","R","E","R","T","E"],"character_chosen":"IRONCLAD","items_purchased":["Flame Barrier","Hemokinesis"],"campfire_rested":2,"item_purchase_floors":[5,11],"current_hp_per_floor":[79,79,70,75,75,75,56,55,65,48,48,51,38,27,54,45,90,75,69,71,71,62,62,10,28,28,0],"gold":196,"neow_bonus":"RANDOM_COMMON_RELIC","is_prod":false,"is_daily":false,"chose_seed":false,"campfire_upgraded":2,"win_rate":0,"timestamp":1562945861,"path_taken":["M","?","M","M","$","R","E","M","T","E","$","M","M","E","R","BOSS","M","M","?","?","?","R","E","R","T","E"],"build_version":"2019-07-05","purchased_purges":1,"victory":false,"max_hp_per_floor":[80,80,80,80,80,80,80,80,90,90,90,90,90,90,90,90,90,90,90,90,90,62,62,62,62,62,62],"card_choices":[{"not_picked":["Cleave","Hemokinesis"],"picked":"True Grit","floor":1},{"not_picked":["Thunderclap","Flex"],"picked":"Twin Strike","floor":3},{"not_picked":["Warcry","Burning Pact"],"picked":"Anger","floor":4},{"not_picked":["Cleave","Havoc"],"picked":"Armaments","floor":7},{"not_picked":["Flex","Shockwave"],"picked":"Fire Breathing","floor":8},{"not_picked":["Second Wind","Exhume"],"picked":"Headbutt","floor":10},{"not_picked":["Anger","Perfected Strike"],"picked":"Uppercut","floor":12},{"not_picked":["Searing Blow","Blood for Blood","Flex"],"picked":"SKIP","floor":13},{"not_picked":["Seeing Red","Clothesline"],"picked":"Metallicize","floor":14},{"not_picked":["Brutality","Immolate"],"picked":"Barricade","floor":16},{"not_picked":["Warcry","Sword Boomerang"],"picked":"True Grit+1","floor":18},{"not_picked":["Warcry","Perfected Strike+1"],"picked":"Shrug It Off+1","floor":19},{"not_picked":["Searing Blow","Flex+1"],"picked":"Entrench+1","floor":20},{"not_picked":["Offering","Sentinel"],"picked":"Iron Wave","floor":24}],"player_experience":165246,"relics_obtained":[{"floor":7,"key":"Matryoshka"},{"floor":9,"key":"Pear"},{"floor":10,"key":"War Paint"},{"floor":14,"key":"Calipers"},{"floor":24,"key":"Omamori"},{"floor":26,"key":"Blood Vial"},{"floor":26,"key":"Centennial Puzzle"}],"event_choices":[{"damage_healed":0,"gold_gain":0,"player_choice":"Forge","damage_taken":0,"max_hp_gain":0,"max_hp_loss":0,"event_name":"Accursed Blacksmith","floor":2,"gold_loss":0,"cards_upgraded":["True Grit"]},{"damage_healed":0,"gold_gain":0,"player_choice":"Obtained Relic","damage_taken":0,"relics_obtained":["Gremlin Horn"],"max_hp_gain":0,"max_hp_loss":0,"event_name":"Addict","floor":21,"gold_loss":85},{"damage_healed":0,"gold_gain":0,"player_choice":"Became a vampire","damage_taken":0,"max_hp_gain":0,"max_hp_loss":28,"event_name":"Vampires","floor":22,"gold_loss":0,"cards_obtained":["Bite","Bite","Bite","Bite","Bite"]}],"is_beta":false,"boss_relics":[{"not_picked":["Philosopher\u0027s Stone","Lizard Tail"],"picked":"Astrolabe"}],"items_purged_floors":[11],"is_endless":false,"potions_floor_spawned":[8,10,12,13,14,16,18,24],"killed_by":"Book of Stabbing","ascension_level":1}