{"gold_per_floor":[368,368,385,405,41,41,74,86,125,167,179,211,235,265,277,289],"floor_reached":16,"playtime":609,"items_purged":["Writhe"],"score":224,"play_id":"29034b07-e7c5-468a-98d4-0f890a36aac3","local_time":"20190712141850","is_ascension_mode":true,"campfire_choices":[{"data":"Apotheosis","floor":6,"key":"SMITH"},{"floor":8,"key":"REST"},{"floor":15,"key":"REST"}],"neow_cost":"TEN_PERCENT_HP_LOSS","seed_source_timestamp":1567572121084585,"circlet_count":0,"master_deck":["AscendersBane","Strike_R","Strike_R","Strike_R","Strike_R","Strike_R","Defend_R","Defend_R","Defend_R","Defend_R","Bash","Rage","Pommel Strike","Spot Weakness","Apotheosis+1","Feed","Corruption","Sentinel+1","Anger","True Grit+1","Cleave"],"relics":["Burning Blood","MawBank","Bag of Marbles","Toxic Egg 2"],"potions_floor_usage":[7,10],"damage_taken":[{"damage":2,"enemies":"Jaw Worm","floor":1,"turns":5},{"damage":0,"enemies":"Cultist","floor":3,"turns":3},{"damage":10,"enemies":"Small Slimes","floor":4,"turns":3},{"damage":53,"enemies":"Gremlin Nob","floor":7,"turns":5},{"damage":27,"enemies":"Lagavulin","floor":10,"turns":8},{"damage":0,"enemies":"Looter","floor":12,"turns":3},{"damage":21,"enemies":"Large Slime","floor":13,"turns":8},{"damage":0,"enemies":"3 Louse","floor":14,"turns":3},{"damage":48,"enemies":"The Guardian","floor":16,"turns":11}],"seed_played":"-262488077526039425","potions_obtained":[{"floor":1,"key":"Poison Potion"},{"floor":3,"key":"Block Potion"},{"floor":13,"key":"SneckoOil"}],"is_trial":false,"path_per_floor":["M","?","M","M","$","R","E","R","T","E","?","M","M","M","R","B"],"character_chosen":"IRONCLAD","items_purchased":["Apotheosis","Feed"],"campfire_rested":2,"item_purchase_floors":[5,5],"current_hp_per_floor":[68,68,68,64,64,64,21,42,42,25,14,24,13,19,44,0],"gold":289,"neow_bonus":"TWO_FIFTY_GOLD","is_prod":false,"is_daily":false,"chose_seed":false,"campfire_upgraded":1,"win_rate":0,"timestamp":1562959130,"path_taken":["M","?","?","M","$","R","E","R","T","E","?","M","M","?","R","BOSS"],"build_version":"2019-07-10","purchased_purges":1,"victory":false,"max_hp_per_floor":[68,68,68,68,68,68,72,72,72,76,76,80,84,84,84,84],"card_choices":[{"not_picked":["Infernal Blade","Bloodletting"],"picked":"Rage","floor":1},{"not_picked":["Thunderclap","Twin Strike"],"picked":"Pommel Strike","floor":3},{"not_picked":["Wild Strike","Burning Pact"],"picked":"Spot Weakness","floor":4},{"not_picked":["Body Slam","Double Tap"],"picked":"Corruption","floor":7},{"not_picked":["Cleave","Hemokinesis"],"picked":"Sentinel","floor":10},{"not_picked":["Warcry+1","Combust"],"picked":"Anger","floor":12},{"not_picked":["Iron Wave","Spot Weakness+1"],"picked":"True Grit+1","floor":13},{"not_picked":["Entrench+1","Twin Strike"],"picked":"Cleave","floor":14}],"player_experience":1671351,"relics_obtained":[{"floor":7,"key":"MawBank"},{"floor":9,"key":"Bag of Marbles"},{"floor":10,"key":"Toxic Egg 2"}],"event_choices":[{"damage_healed":0,"gold_gain":0,"player_choice":"1 cards matched","damage_taken":0,"max_hp_gain":0,"max_hp_loss":0,"event_name":"Match and Keep!","floor":2,"gold_loss":0,"cards_obtained":["Writhe"]},{"damage_healed":0,"gold_gain":0,"player_choice":"Damaged","damage_taken":11,"max_hp_gain":0,"max_hp_loss":0,"event_name":"Wheel of Change","floor":11,"gold_loss":0}],"is_beta":true,"boss_relics":[],"items_purged_floors":[5],"is_endless":false,"potions_floor_spawned":[1,3,13],"killed_by":"The Guardian","ascension_level":20}