{"gold_per_floor":[111,111,131,131,18,61,61,80,107,107,141,155,196,196,196,294,294,310,6,0,0,0,33,33,0,57,73,85,85,85,103,103,174,174,187,187,5,5,20,20,20,120,120,130,130],"floor_reached":45,"playtime":2841,"items_purged":["Strike_R"],"score":849,"play_id":"8cb5ef07-24a4-45b6-8341-d147ce6565e7","local_time":"20190712235825","is_ascension_mode":true,"campfire_choices":[{"data":"Flame Barrier","floor":7.0,"key":"SMITH"},{"data":"Battle Trance","floor":10.0,"key":"SMITH"},{"data":"Perfected Strike","floor":15.0,"key":"SMITH"},{"data":"Shrug It Off","floor":24.0,"key":"SMITH"},{"data":"Impervious","floor":29.0,"key":"SMITH"},{"floor":32.0,"key":"REST"},{"data":"Blind","floor":40.0,"key":"SMITH"}],"neow_cost":"NONE","seed_source_timestamp":55276278497476,"circlet_count":0,"master_deck":["AscendersBane","Strike_R","Strike_R","Strike_R","Defend_R","Defend_R+1","Defend_R","Defend_R+1","Bash+1","Battle Trance+1","Spot Weakness","Headbutt","Flame Barrier+1","Feel No Pain","Ghostly Armor","Perfected Strike+1","Impervious+1","Shrug It Off+1","Flame Barrier+1","Corruption","True Grit","Barricade","Blind+1","Disarm","Master of Strategy","Shrug It Off"],"special_seed":0,"relics":["Burning Blood","Bloody Idol","Boot","Strawberry","War Paint","Calipers","Prayer Wheel","Busted Crown","Bag of Marbles","Nunchaku","Tiny Chest","Runic Pyramid","Magic Flower","Ornamental Fan"],"potions_floor_usage":[45],"damage_taken":[{"damage":15.0,"enemies":"2 Louse","floor":1.0,"turns":3.0},{"damage":7.0,"enemies":"Jaw Worm","floor":3.0,"turns":3.0},{"damage":14.0,"enemies":"Gremlin Nob","floor":6.0,"turns":3.0},{"damage":0.0,"enemies":"Small Slimes","floor":8.0,"turns":2.0},{"damage":34.0,"enemies":"Lagavulin","floor":11.0,"turns":7.0},{"damage":0.0,"enemies":"Blue Slaver","floor":12.0,"turns":5.0},{"damage":11.0,"enemies":"Gremlin Nob","floor":13.0,"turns":3.0},{"damage":40.0,"enemies":"Hexaghost","floor":16.0,"turns":12.0},{"damage":8.0,"enemies":"Spheric Guardian","floor":18.0,"turns":7.0},{"damage":0.0,"enemies":"2 Thieves","floor":20.0,"turns":5.0},{"damage":39.0,"enemies":"Book of Stabbing","floor":23.0,"turns":7.0},{"damage":1.0,"enemies":"Snake Plant","floor":27.0,"turns":4.0},{"damage":19.0,"enemies":"Shelled Parasite and Fungi","floor":28.0,"turns":7.0},{"damage":36.0,"enemies":"3 Cultists","floor":31.0,"turns":6.0},{"damage":41.0,"enemies":"Collector","floor":33.0,"turns":8.0},{"damage":0.0,"enemies":"Orb Walker","floor":35.0,"turns":5.0},{"damage":9.0,"enemies":"3 Darklings","floor":39.0,"turns":6.0},{"damage":0.0,"enemies":"Mind Bloom Boss Battle","floor":42.0,"turns":10.0},{"damage":0.0,"enemies":"4 Shapes","floor":44.0,"turns":9.0},{"damage":79,"enemies":"Giant Head","floor":45,"turns":8}],"seed_played":"-6954692894231637491","potions_obtained":[{"floor":1.0,"key":"FearPotion"},{"floor":8.0,"key":"Regen Potion"},{"floor":16.0,"key":"Dexterity Potion"},{"floor":28.0,"key":"PowerPotion"},{"floor":31.0,"key":"PowerPotion"},{"floor":39.0,"key":"Fire Potion"}],"is_trial":false,"path_per_floor":["M","?","M","?","$","E","R","M","T","R","E","M","E","?","R","B",null,"M","$","M","?","?","E","R","?","T","M","M","R","?","M","R","B",null,"M","?","$","?","M","R","?","?","T","M","E"],"character_chosen":"IRONCLAD","items_purchased":["Fire Potion","Headbutt","Bag of Marbles","Shrug It Off","Blind","LiquidBronze"],"campfire_rested":1,"item_purchase_floors":[5,5,19,19,37,37],"current_hp_per_floor":[59,64,63,63,63,55,55,61,68,68,55,61,56,51,51,17,64,62,62,68,68,68,40,40,40,50,60,52,52,52,27,50,20,64,75,75,75,64,66,66,66,77,77,79,0],"gold":130,"neow_bonus":"UPGRADE_CARD","is_prod":false,"is_daily":false,"chose_seed":false,"campfire_upgraded":6,"win_rate":0,"timestamp":1562993905,"path_taken":["M","?","M","?","$","E","R","M","T","R","E","?","E","?","R","BOSS","M","$","M","?","?","E","R","?","T","?","M","R","?","M","R","BOSS","M","?","$","?","?","R","?","?","T","M","E"],"build_version":"2019-07-05","purchased_purges":1,"victory":false,"max_hp_per_floor":[75,80,80,72,72,72,72,72,79,79,79,79,79,79,79,79,79,79,79,79,79,79,79,79,79,79,79,79,79,79,79,79,79,79,79,79,79,79,79,79,79,79,79,79,79],"card_choices":[{"not_picked":["Intimidate","Thunderclap"],"picked":"Battle Trance","floor":1.0},{"not_picked":["Warcry","Clothesline"],"picked":"Spot Weakness","floor":3.0},{"not_picked":["Flex","Heavy Blade"],"picked":"Flame Barrier","floor":6.0},{"not_picked":["Heavy Blade","Flex"],"picked":"Feel No Pain","floor":8.0},{"not_picked":["Clash","Rage"],"picked":"Ghostly Armor","floor":11.0},{"not_picked":["Rupture","Pummel","Thunderclap"],"picked":"SKIP","floor":12.0},{"not_picked":["Warcry","Power Through"],"picked":"Perfected Strike","floor":13.0},{"not_picked":["Feed","Barricade"],"picked":"Impervious","floor":16.0},{"not_picked":["Clash"],"picked":"SKIP","floor":18.0},{"not_picked":["Perfected Strike"],"picked":"SKIP","floor":18.0},{"not_picked":[],"picked":"Flame Barrier+1","floor":20.0},{"not_picked":["Rage"],"picked":"SKIP","floor":20.0},{"not_picked":["Rupture"],"picked":"SKIP","floor":23.0},{"not_picked":["Rupture+1"],"picked":"SKIP","floor":27.0},{"not_picked":["Clothesline"],"picked":"SKIP","floor":27.0},{"not_picked":["Evolve"],"picked":"SKIP","floor":28.0},{"not_picked":["Reckless Charge"],"picked":"SKIP","floor":28.0},{"not_picked":[],"picked":"True Grit","floor":31.0},{"not_picked":["Clothesline"],"picked":"SKIP","floor":31.0},{"not_picked":[],"picked":"Barricade","floor":33.0},{"not_picked":["Cleave"],"picked":"SKIP","floor":35.0},{"not_picked":["Searing Blow"],"picked":"SKIP","floor":35.0},{"not_picked":[],"picked":"Disarm","floor":39.0},{"not_picked":["Pommel Strike+1"],"picked":"SKIP","floor":39.0},{"not_picked":[],"picked":"Master of Strategy","floor":41.0},{"not_picked":[],"picked":"Shrug It Off","floor":44.0},{"not_picked":["Clash"],"picked":"SKIP","floor":44.0}],"player_experience":189912,"relics_obtained":[{"floor":6.0,"key":"Boot"},{"floor":9.0,"key":"Strawberry"},{"floor":11.0,"key":"War Paint"},{"floor":13.0,"key":"Calipers"},{"floor":23.0,"key":"Nunchaku"},{"floor":26.0,"key":"Tiny Chest"},{"floor":42.0,"key":"Magic Flower"},{"floor":43.0,"key":"Ornamental Fan"}],"event_choices":[{"damage_healed":0.0,"max_hp_gain":5.0,"max_hp_loss":0.0,"gold_gain":0.0,"event_name":"Big Fish","player_choice":"Donut","floor":2.0,"gold_loss":0.0,"damage_taken":0.0},{"damage_healed":0.0,"max_hp_gain":0.0,"max_hp_loss":8.0,"gold_gain":0.0,"event_name":"Golden Idol","player_choice":"Lose Max HP","floor":4.0,"gold_loss":0.0,"damage_taken":0.0,"relics_obtained":["Golden Idol"]},{"damage_healed":0.0,"max_hp_gain":0.0,"max_hp_loss":0.0,"gold_gain":0.0,"event_name":"Scrap Ooze","player_choice":"Success","floor":14.0,"gold_loss":0.0,"damage_taken":5.0,"relics_obtained":["Prayer Wheel"]},{"damage_healed":0.0,"max_hp_gain":0.0,"max_hp_loss":0.0,"gold_gain":0.0,"event_name":"Forgotten Altar","player_choice":"Gave Idol","floor":21.0,"relics_lost":["Golden Idol"],"gold_loss":0.0,"damage_taken":0.0,"relics_obtained":["Bloody Idol"]},{"damage_healed":0.0,"max_hp_gain":0.0,"max_hp_loss":0.0,"gold_gain":0.0,"event_name":"Ghosts","player_choice":"Ignored","floor":22.0,"gold_loss":0.0,"damage_taken":0.0},{"damage_healed":0.0,"max_hp_gain":0.0,"max_hp_loss":0.0,"gold_gain":0.0,"event_name":"Masked Bandits","player_choice":"Paid Fearfully","floor":25.0,"gold_loss":33.0,"damage_taken":0.0},{"damage_healed":0.0,"max_hp_gain":0.0,"max_hp_loss":0.0,"gold_gain":0.0,"event_name":"The Library","player_choice":"Read","floor":30.0,"gold_loss":0.0,"damage_taken":0.0,"cards_obtained":["Corruption"]},{"cards_removed":["Strike_R"],"damage_healed":0.0,"max_hp_gain":0.0,"max_hp_loss":0.0,"gold_gain":0.0,"event_name":"Falling","player_choice":"Removed Attack","floor":36.0,"gold_loss":0.0,"damage_taken":0.0},{"damage_healed":0.0,"max_hp_gain":0.0,"max_hp_loss":0.0,"gold_gain":0.0,"event_name":"Wheel of Change","player_choice":"Damaged","floor":38.0,"gold_loss":0.0,"damage_taken":11.0},{"damage_healed":0.0,"max_hp_gain":0.0,"max_hp_loss":0.0,"gold_gain":0.0,"event_name":"SensoryStone","player_choice":"Memory 1","floor":41.0,"gold_loss":0.0,"damage_taken":0.0},{"damage_healed":0.0,"max_hp_gain":0.0,"max_hp_loss":0.0,"gold_gain":0.0,"event_name":"MindBloom","player_choice":"Fight","floor":42.0,"gold_loss":0.0,"damage_taken":0.0}],"is_beta":false,"boss_relics":[{"not_picked":["Runic Dome","Ectoplasm"],"picked":"Busted Crown"},{"not_picked":["Runic Cube","Lizard Tail"],"picked":"Runic Pyramid"}],"items_purged_floors":[19],"is_endless":false,"potions_floor_spawned":[1,8,16,28,31,39],"killed_by":"Giant Head","ascension_level":18}