{"gold_per_floor":[114,134,146,159,171,171,198,198,252,252,252,268,283,283,283,283],"floor_reached":16,"playtime":1155,"items_purged":[],"score":104,"play_id":"069b6ff2-2936-431b-aad7-1ccbbe54a944","local_time":"20190707200805","is_ascension_mode":false,"campfire_choices":[{"floor":6,"key":"REST"},{"floor":8,"key":"REST"},{"floor":11,"key":"REST"},{"floor":15,"key":"REST"}],"neow_cost":"NONE","seed_source_timestamp":25855817485679,"circlet_count":0,"master_deck":["Strike_G","Strike_G","Strike_G","Strike_G","Strike_G","Defend_G","Defend_G","Defend_G","Defend_G","Defend_G","Survivor","Neutralize","Sucker Punch","Accuracy","Endless Agony","Footwork","Prepared","Die Die Die","Blade Dance","PiercingWail"],"relics":["Ring of the Snake","Bag of Preparation","Blood Vial","Golden Idol"],"potions_floor_usage":[2,7,7,16],"damage_taken":[{"damage":0,"enemies":"Cultist","floor":1,"turns":4},{"damage":0,"enemies":"Jaw Worm","floor":2,"turns":6},{"damage":5,"enemies":"2 Louse","floor":3,"turns":3},{"damage":8,"enemies":"2 Fungi Beasts","floor":4,"turns":4},{"damage":0,"enemies":"3 Louse","floor":5,"turns":6},{"damage":22,"enemies":"3 Sentries","floor":7,"turns":14},{"damage":0,"enemies":"Gremlin Gang","floor":12,"turns":2},{"damage":9,"enemies":"Blue Slaver","floor":13,"turns":4},{"damage":78,"enemies":"Hexaghost","floor":16,"turns":16}],"seed_played":"8883470580106190973","potions_obtained":[{"floor":1,"key":"Swift Potion"},{"floor":3,"key":"FearPotion"},{"floor":5,"key":"GamblersBrew"},{"floor":12,"key":"Fire Potion"}],"is_trial":false,"path_per_floor":["M","M","M","M","M","R","E","R","T","?","R","M","M","?","R","B"],"character_chosen":"THE_SILENT","items_purchased":[],"campfire_rested":4,"item_purchase_floors":[],"current_hp_per_floor":[77,77,72,64,64,77,55,77,77,58,77,77,68,68,77,0],"gold":283,"neow_bonus":"TEN_PERCENT_HP_BONUS","is_prod":false,"is_daily":false,"chose_seed":false,"campfire_upgraded":0,"win_rate":0.0,"timestamp":1562526485,"path_taken":["M","M","M","M","?","R","E","R","T","?","R","M","M","?","R","BOSS"],"build_version":"2019-07-05","purchased_purges":0,"victory":false,"max_hp_per_floor":[77,77,77,77,77,77,77,77,77,77,77,77,77,77,77,77],"card_choices":[{"not_picked":["Reflex","Slice"],"picked":"Sucker Punch","floor":1},{"not_picked":["Flying Knee","Blade Dance"],"picked":"Accuracy","floor":2},{"not_picked":["Acrobatics","Flying Knee"],"picked":"Endless Agony","floor":3},{"not_picked":["Flying Knee","Venomology"],"picked":"Footwork","floor":4},{"not_picked":["Flying Knee","Finisher"],"picked":"Prepared","floor":5},{"not_picked":["Cloak And Dagger","Backflip"],"picked":"Die Die Die","floor":7},{"not_picked":["All Out Attack","Flying Knee"],"picked":"Blade Dance","floor":12},{"not_picked":["Poisoned Stab","Catalyst"],"picked":"PiercingWail","floor":13}],"player_experience":75647,"relics_obtained":[{"floor":7,"key":"Bag of Preparation"},{"floor":9,"key":"Blood Vial"}],"event_choices":[{"damage_healed":0,"gold_gain":0,"player_choice":"Take Damage","damage_taken":19,"relics_obtained":["Golden Idol"],"max_hp_gain":0,"max_hp_loss":0,"event_name":"Golden Idol","floor":10,"gold_loss":0},{"damage_healed":0,"gold_gain":0,"player_choice":"Ignored","damage_taken":0,"max_hp_gain":0,"max_hp_loss":0,"event_name":"Liars Game","floor":14,"gold_loss":0}],"is_beta":false,"boss_relics":[],"items_purged_floors":[],"is_endless":false,"potions_floor_spawned":[1,3,5,12],"killed_by":"Hexaghost","ascension_level":0}