{"gold_per_floor":[111,129,145,1,1,61,61,76,76,251,60,60,71,38,38,134,134,153,165,265,265,13,13,32,64,89,89,102,0,14,34,34,135,135,148,23,42,42],"floor_reached":38,"playtime":6851,"items_purged":["Defend_G","Doubt"],"score":421,"play_id":"9cc08478-1dd8-411d-b646-840aee19492b","local_time":"20190615143837","is_ascension_mode":false,"campfire_choices":[{"floor":15,"key":"REST"},{"floor":23,"key":"REST"},{"floor":27,"key":"REST"},{"floor":32,"key":"REST"}],"neow_cost":"NONE","seed_source_timestamp":133887639318855,"circlet_count":0,"master_deck":["Defend_G","Defend_G+1","Defend_G","Defend_G","Strike_G","Strike_G","Strike_G","Strike_G","Strike_G","Survivor","Neutralize","Blur+1","Outmaneuver","Outmaneuver","Glass Knife","Blade Dance","Dagger Spray","Noxious Fumes","Flying Knee","Blur","Infinite Blades","Storm of Steel","Infinite Blades+1","Slice+1","Dagger Spray","Deadly Poison","Terror","Dash","Infinite Blades","Bane+1","PiercingWail+1","Choke+1","After Image","Deadly Poison+1","Crippling Poison+1"],"relics":["Runic Pyramid","Tiny Chest","Bottled Flame","Mercury Hourglass","WristBlade","Shovel","Letter Opener","Regal Pillow","Molten Egg 2","Ancient Tea Set","HoveringKite","Toxic Egg 2"],"potions_floor_usage":[13,20,20,25,25,37,38],"damage_taken":[{"damage":1,"enemies":"Cultist","floor":1,"turns":4},{"damage":0,"enemies":"Jaw Worm","floor":2,"turns":5},{"damage":0,"enemies":"Small Slimes","floor":3,"turns":5},{"damage":26,"enemies":"3 Sentries","floor":6,"turns":15},{"damage":0,"enemies":"3 Louse","floor":8,"turns":3},{"damage":0,"enemies":"Blue Slaver","floor":13,"turns":3},{"damage":1,"enemies":"The Guardian","floor":16,"turns":11},{"damage":0,"enemies":"3 Byrds","floor":18,"turns":4},{"damage":11,"enemies":"Shell Parasite","floor":19,"turns":5},{"damage":25,"enemies":"Colosseum Slavers","floor":20,"turns":3},{"damage":21,"enemies":"Colosseum Nobs","floor":20,"turns":4},{"damage":0,"enemies":"Centurion and Healer","floor":24,"turns":5},{"damage":31,"enemies":"Slavers","floor":25,"turns":3},{"damage":20,"enemies":"Snake Plant","floor":28,"turns":4},{"damage":10,"enemies":"Chosen and Byrds","floor":30,"turns":4},{"damage":0,"enemies":"Centurion and Healer","floor":31,"turns":4},{"damage":7,"enemies":"Collector","floor":33,"turns":7},{"damage":26,"enemies":"Orb Walker","floor":35,"turns":4},{"damage":39,"enemies":"3 Darklings","floor":37,"turns":6},{"damage":17,"enemies":"Spire Growth","floor":38,"turns":2}],"seed_played":"5704761761826353869","potions_obtained":[{"floor":2,"key":"Block Potion"},{"floor":3,"key":"Strength Potion"},{"floor":16,"key":"Strength Potion"},{"floor":20,"key":"PowerPotion"},{"floor":24,"key":"Explosive Potion"},{"floor":28,"key":"Explosive Potion"},{"floor":33,"key":"Fire Potion"},{"floor":35,"key":"Regen Potion"}],"is_trial":false,"path_per_floor":["M","M","M","$","?","E","?","M","T","?","$","?","M","$","R","B",null,"M","M","?","?","$","R","M","E","T","R","M","?","M","M","R","B",null,"M","?","M","M"],"character_chosen":"THE_SILENT","items_purchased":["Glass Knife","Noxious Fumes","Flying Knee","Infinite Blades","Deadly Poison","Regal Pillow","Terror"],"campfire_rested":4,"item_purchase_floors":[4,11,11,14,22,22,22],"current_hp_per_floor":[69,69,69,69,69,43,29,29,29,29,29,22,22,22,43,42,70,70,59,13,13,13,49,49,18,18,54,34,34,24,24,60,53,70,44,44,5,0],"gold":42,"neow_bonus":"BOSS_RELIC","is_prod":false,"is_daily":false,"chose_seed":false,"campfire_upgraded":0,"win_rate":0,"timestamp":1560623917,"path_taken":["M","M","M","$","?","E","?","M","T","?","$","?","?","?","R","BOSS","M","M","?","?","?","R","M","E","T","R","M","?","M","?","R","BOSS","M","?","M","?"],"build_version":"2019-01-23","purchased_purges":2,"victory":false,"max_hp_per_floor":[70,70,70,70,70,70,70,70,70,70,70,70,70,70,70,70,70,70,70,70,70,70,70,70,70,70,70,70,70,70,70,70,70,70,70,70,70,70],"card_choices":[{"not_picked":["Underhanded Strike","Well Laid Plans"],"picked":"Blur","floor":1},{"not_picked":["Flying Knee","Dagger Spray"],"picked":"Outmaneuver","floor":2},{"not_picked":["Prepared","Well Laid Plans"],"picked":"Outmaneuver","floor":3},{"not_picked":["Night Terror","Sucker Punch"],"picked":"Blade Dance","floor":6},{"not_picked":["Sucker Punch","Prepared"],"picked":"Dagger Spray","floor":8},{"not_picked":["Slice","Endless Agony"],"picked":"Blur","floor":13},{"not_picked":["Venomology","Corpse Explosion"],"picked":"Storm of Steel","floor":16},{"not_picked":["Dagger Throw","Escape Plan+1"],"picked":"Infinite Blades+1","floor":18},{"not_picked":["Flying Knee","Flechettes"],"picked":"Slice+1","floor":19},{"not_picked":["Prepared","Expertise+1"],"picked":"Dagger Spray","floor":20},{"not_picked":["Blade Dance","PiercingWail"],"picked":"Dash","floor":24},{"not_picked":["Backflip+1","Bullet Time"],"picked":"Infinite Blades","floor":25},{"not_picked":["Predator+1","Terror"],"picked":"Bane+1","floor":28},{"not_picked":["Dagger Spray+1","Outmaneuver"],"picked":"PiercingWail+1","floor":30},{"not_picked":["Deadly Poison","Underhanded Strike+1"],"picked":"Choke+1","floor":31},{"not_picked":["Envenom","Tools of the Trade"],"picked":"After Image","floor":33},{"not_picked":["PiercingWail+1","Expertise"],"picked":"Deadly Poison+1","floor":35},{"not_picked":["Poisoned Stab+1","Eviscerate+1"],"picked":"Crippling Poison+1","floor":37}],"player_experience":81720,"relics_obtained":[{"floor":6,"key":"Tiny Chest"},{"floor":9,"key":"Bottled Flame"},{"floor":20,"key":"Shovel"},{"floor":20,"key":"Letter Opener"},{"floor":25,"key":"Molten Egg 2"},{"floor":26,"key":"Ancient Tea Set"}],"event_choices":[{"damage_healed":0,"gold_gain":0,"player_choice":"Leave","damage_taken":0,"max_hp_gain":0,"max_hp_loss":0,"event_name":"The Cleric","floor":5,"gold_loss":0},{"damage_healed":0,"gold_gain":0,"player_choice":"Entered Light","damage_taken":14,"max_hp_gain":0,"max_hp_loss":0,"event_name":"Shining Light","floor":7,"gold_loss":0,"cards_upgraded":["Defend_G","Blur"]},{"damage_healed":0,"gold_gain":175,"player_choice":"AGREE","damage_taken":0,"max_hp_gain":0,"max_hp_loss":0,"event_name":"Liars Game","floor":10,"gold_loss":0,"cards_obtained":["Doubt"]},{"damage_healed":0,"gold_gain":0,"player_choice":"Success","damage_taken":7,"relics_obtained":["Mercury Hourglass"],"max_hp_gain":0,"max_hp_loss":0,"event_name":"Scrap Ooze","floor":12,"gold_loss":0},{"damage_healed":0,"gold_gain":0,"player_choice":"Fight","damage_taken":0,"max_hp_gain":0,"max_hp_loss":0,"event_name":"Colosseum","floor":20,"gold_loss":0},{"damage_healed":0,"gold_gain":0,"player_choice":"Fought Nobs","damage_taken":0,"max_hp_gain":0,"max_hp_loss":0,"event_name":"Colosseum","floor":20,"gold_loss":0},{"damage_healed":0,"gold_gain":0,"player_choice":"Ignored","damage_taken":0,"max_hp_gain":0,"max_hp_loss":0,"event_name":"The Mausoleum","floor":21,"gold_loss":0},{"damage_healed":0,"gold_gain":0,"player_choice":"Paid Fearfully","damage_taken":0,"max_hp_gain":0,"max_hp_loss":0,"event_name":"Masked Bandits","floor":29,"gold_loss":102},{"damage_healed":0,"gold_gain":0,"player_choice":"Paid Gold","damage_taken":0,"relics_obtained":["Toxic Egg 2"],"max_hp_gain":0,"max_hp_loss":0,"event_name":"WeMeetAgain","floor":36,"gold_loss":125}],"is_beta":false,"boss_relics":[{"not_picked":["Ectoplasm","Calling Bell"],"picked":"WristBlade"},{"not_picked":["Velvet Choker","Lizard Tail"],"picked":"HoveringKite"}],"items_purged_floors":[4,11],"is_endless":false,"potions_floor_spawned":[2,3,16,20,24,28,33,35],"killed_by":"Spire Growth","ascension_level":0}