{"gold_per_floor":[18,28,28,28,46,79,79,108,108,33,50,62,87,100,100,177,177,190,2,17,28,28,62,72,72,145,145,161,179,194,222,222,222],"floor_reached":33,"playtime":1683,"items_purged":["Strike_B","Strike_B"],"score":772,"play_id":"b0716dda-a2a8-42af-9d61-e5f1a344f34c","local_time":"20190702025816","is_ascension_mode":true,"campfire_choices":[{"data":"Zap","floor":7,"key":"SMITH"},{"data":"Beam Cell","floor":15,"key":"SMITH"},{"data":"Go for the Eyes","floor":25,"key":"SMITH"},{"floor":27,"key":"REST"},{"data":"Blizzard","floor":32,"key":"SMITH"}],"neow_cost":"NO_GOLD","seed_source_timestamp":661664252082156,"circlet_count":0,"master_deck":["AscendersBane","Strike_B","Strike_B","Defend_B","Defend_B","Defend_B","Defend_B","Zap+1","Dualcast","Buffer+1","Ball Lightning","Darkness","Core Surge","Rip and Tear","Compile Driver","Leap","Coolheaded","Beam Cell+1","Electrodynamics","Glacier","Defragment","Glacier+1","Go for the Eyes+1","Conserve Battery","Hologram","Blizzard+1","Compile Driver","Chill"],"relics":["CultistMask","Gremlin Horn","Mummified Hand","Kunai","Ornamental Fan","Nuclear Battery","Nloth\u0027s Gift","Cables","Pear","Lantern"],"potions_floor_usage":[13,16,23,23,31,33],"damage_taken":[{"damage":0,"enemies":"Small Slimes","floor":1,"turns":3},{"damage":0,"enemies":"Cultist","floor":2,"turns":3},{"damage":7,"enemies":"Jaw Worm","floor":5,"turns":3},{"damage":0,"enemies":"Lagavulin","floor":6,"turns":7},{"damage":8,"enemies":"Gremlin Nob","floor":8,"turns":4},{"damage":1,"enemies":"Gremlin Gang","floor":11,"turns":3},{"damage":1,"enemies":"Looter","floor":12,"turns":3},{"damage":4,"enemies":"3 Sentries","floor":13,"turns":5},{"damage":2,"enemies":"Blue Slaver","floor":14,"turns":4},{"damage":0,"enemies":"Slime Boss","floor":16,"turns":7},{"damage":7,"enemies":"3 Byrds","floor":18,"turns":3},{"damage":7,"enemies":"Chosen","floor":20,"turns":6},{"damage":0,"enemies":"Snecko","floor":21,"turns":5},{"damage":20,"enemies":"Gremlin Leader","floor":23,"turns":9},{"damage":15,"enemies":"Snake Plant","floor":24,"turns":6},{"damage":13,"enemies":"Chosen and Byrds","floor":28,"turns":8},{"damage":0,"enemies":"Centurion and Healer","floor":29,"turns":9},{"damage":3,"enemies":"Snake Plant","floor":30,"turns":4},{"damage":20,"enemies":"Book of Stabbing","floor":31,"turns":6},{"damage":19,"enemies":"Automaton","floor":33,"turns":10}],"seed_played":"3774827037305094105","potions_obtained":[{"floor":8,"key":"Strength Potion"},{"floor":11,"key":"Fruit Juice"},{"floor":13,"key":"PowerPotion"},{"floor":16,"key":"FearPotion"},{"floor":28,"key":"Swift Potion"},{"floor":29,"key":"AttackPotion"},{"floor":31,"key":"Explosive Potion"}],"is_trial":false,"path_per_floor":["M","M","?","?","M","E","R","E","T","$","M","M","E","M","R","B",null,"M","$","M","M","?","E","M","R","T","R","M","M","M","E","R","B"],"character_chosen":"DEFECT","items_purchased":["Defragment"],"campfire_rested":1,"item_purchase_floors":[19],"current_hp_per_floor":[64,64,64,64,57,57,57,49,49,49,48,47,48,46,46,46,69,62,62,55,55,55,35,20,20,30,55,42,42,39,19,19,0],"gold":222,"neow_bonus":"THREE_RARE_CARDS","is_prod":false,"is_daily":false,"chose_seed":false,"campfire_upgraded":4,"win_rate":0,"timestamp":1562054296,"path_taken":["M","M","?","?","M","E","R","E","T","$","M","M","E","M","R","BOSS","M","?","?","M","?","E","M","R","T","R","?","M","M","E","R","BOSS"],"build_version":"2019-06-30","purchased_purges":2,"victory":false,"max_hp_per_floor":[71,71,71,71,71,71,71,71,71,71,71,71,76,76,76,76,76,76,76,76,76,76,76,76,76,86,86,86,86,86,86,86,86],"card_choices":[{"not_picked":["Amplify","Reboot"],"picked":"Buffer","floor":0},{"not_picked":["Streamline","Beam Cell"],"picked":"Ball Lightning","floor":1},{"not_picked":["Steam Power","Streamline"],"picked":"Darkness","floor":2},{"not_picked":["Sweeping Beam","Redo"],"picked":"Core Surge","floor":5},{"not_picked":["Scrape","Undo"],"picked":"Rip and Tear","floor":6},{"not_picked":["Streamline","Redo","Stack"],"picked":"SKIP","floor":8},{"not_picked":["Fusion","Stack"],"picked":"Compile Driver","floor":11},{"not_picked":["Steam","Double Energy"],"picked":"Leap","floor":12},{"not_picked":["Hologram","Stack"],"picked":"Coolheaded","floor":13},{"not_picked":["Stack","Rip and Tear"],"picked":"Beam Cell","floor":14},{"not_picked":["Multi-Cast","Machine Learning"],"picked":"Electrodynamics","floor":16},{"not_picked":["Genetic Algorithm","Skim"],"picked":"Glacier","floor":18},{"not_picked":["Redo","Leap"],"picked":"Glacier+1","floor":20},{"not_picked":["Leap","Cold Snap+1"],"picked":"Go for the Eyes","floor":21},{"not_picked":["Compile Driver+1","BootSequence"],"picked":"Conserve Battery","floor":23},{"not_picked":["Reinforced Body","Stack+1","Double Energy"],"picked":"SKIP","floor":24},{"not_picked":["Reprogram","Fusion"],"picked":"Hologram","floor":28},{"not_picked":["Reboot","Darkness"],"picked":"Blizzard","floor":29},{"not_picked":["Doom and Gloom","Sunder"],"picked":"Compile Driver","floor":30},{"not_picked":["Redo","Sweeping Beam"],"picked":"Chill","floor":31}],"player_experience":1649556,"relics_obtained":[{"floor":6,"key":"Gremlin Horn"},{"floor":8,"key":"Mummified Hand"},{"floor":9,"key":"Kunai"},{"floor":13,"key":"Ornamental Fan"},{"floor":23,"key":"Cables"},{"floor":26,"key":"Pear"},{"floor":31,"key":"Lantern"}],"event_choices":[{"damage_healed":0,"gold_gain":0,"player_choice":"Grow","damage_taken":0,"max_hp_gain":0,"max_hp_loss":0,"event_name":"Living Wall","floor":3,"gold_loss":0,"cards_upgraded":["Buffer"]},{"damage_healed":0,"gold_gain":0,"player_choice":"Trade","damage_taken":0,"relics_obtained":["CultistMask"],"max_hp_gain":0,"max_hp_loss":0,"event_name":"FaceTrader","floor":4,"gold_loss":0},{"damage_healed":0,"gold_gain":0,"player_choice":"Traded Relic","damage_taken":0,"relics_obtained":["Nloth\u0027s Gift"],"max_hp_gain":0,"max_hp_loss":0,"event_name":"N\u0027loth","floor":22,"relics_lost":["Cracked Core"],"gold_loss":0}],"is_beta":true,"boss_relics":[{"not_picked":["Cursed Key","Busted Crown"],"picked":"Nuclear Battery"}],"items_purged_floors":[10,19],"is_endless":false,"potions_floor_spawned":[8,11,13,14,16,18,21,28,29,30,31],"killed_by":"Automaton","ascension_level":20}