{"gold_per_floor":[114,131,144,207,218,249,259,259,259,259,269,269,279,297,297,400,400,411,411,411,147,165,165,492,492,516,536,536,556,576,590,590,685,685,695,711,722,722,722,751,766,848,872,922,922],"floor_reached":45,"playtime":2050,"items_purged":["Shame"],"score":496,"play_id":"1171be50-c02c-46d9-a105-78f7347c4e7b","local_time":"20190704134644","is_ascension_mode":false,"campfire_choices":[{"data":"Carnage","floor":8.0,"key":"SMITH"},{"data":"Armaments","floor":15.0,"key":"SMITH"},{"data":"Metamorphosis","floor":23.0,"key":"SMITH"},{"data":"Pommel Strike","floor":25.0,"key":"SMITH"},{"data":"Double Tap","floor":32.0,"key":"SMITH"}],"neow_cost":"NONE","seed_source_timestamp":0,"circlet_count":0,"master_deck":["Strike_R","Strike_R","Strike_R","Strike_R","Defend_R","Defend_R","Defend_R","Defend_R","Bash","Wild Strike","Power Through","Wild Strike","Spot Weakness","Armaments+1","Carnage+1","Second Wind","Offering","Heavy Blade+1","Metamorphosis+1","Pommel Strike+1","Pommel Strike+1","Shrug It Off+1","Double Tap+1","Rage+1","Corruption+1","Dark Embrace","Shrug It Off+1","Shrug It Off+1","Pommel Strike","Madness","Madness","Reckless Charge+1","Clothesline+1"],"special_seed":0,"relics":["Burning Blood","Orichalcum","Kunai","Vajra","Boot","Ornamental Fan","Mark of Pain","Self Forming Clay","Happy Flower","Old Coin","Pen Nib","Runic Pyramid","Bag of Preparation","Pear","Omamori","StoneCalendar"],"potions_floor_usage":[44,44,44,45],"damage_taken":[{"damage":0.0,"enemies":"2 Louse","floor":1.0,"turns":3.0},{"damage":0.0,"enemies":"Cultist","floor":2.0,"turns":3.0},{"damage":6.0,"enemies":"Jaw Worm","floor":3.0,"turns":3.0},{"damage":7.0,"enemies":"3 Louse","floor":5.0,"turns":2.0},{"damage":31.0,"enemies":"Gremlin Nob","floor":6.0,"turns":6.0},{"damage":14.0,"enemies":"Exordium Thugs","floor":7.0,"turns":5.0},{"damage":2.0,"enemies":"Blue Slaver","floor":11.0,"turns":3.0},{"damage":7.0,"enemies":"3 Louse","floor":13.0,"turns":2.0},{"damage":0.0,"enemies":"Exordium Wildlife","floor":14.0,"turns":2.0},{"damage":26.0,"enemies":"The Guardian","floor":16.0,"turns":10.0},{"damage":6.0,"enemies":"Shell Parasite","floor":18.0,"turns":3.0},{"damage":6.0,"enemies":"Chosen","floor":22.0,"turns":3.0},{"damage":12.0,"enemies":"Book of Stabbing","floor":24.0,"turns":3.0},{"damage":14.0,"enemies":"Snecko","floor":27.0,"turns":3.0},{"damage":13.0,"enemies":"Shelled Parasite and Fungi","floor":29.0,"turns":3.0},{"damage":9.0,"enemies":"Cultist and Chosen","floor":30.0,"turns":4.0},{"damage":16.0,"enemies":"Chosen and Byrds","floor":31.0,"turns":3.0},{"damage":25.0,"enemies":"Automaton","floor":33.0,"turns":6.0},{"damage":6,"enemies":"Orb Walker","floor":35,"turns":3},{"damage":12,"enemies":"3 Shapes","floor":36,"turns":3},{"damage":6,"enemies":"3 Darklings","floor":37,"turns":3},{"damage":60,"enemies":"Reptomancer","floor":40,"turns":5},{"damage":6,"enemies":"Spire Growth","floor":41,"turns":4},{"damage":20,"enemies":"2 Orb Walkers","floor":44,"turns":5},{"damage":17,"enemies":"Sphere and 2 Shapes","floor":45,"turns":3}],"seed_played":"-8370301917385548944","potions_obtained":[{"floor":3.0,"key":"SkillPotion"},{"floor":6.0,"key":"Energy Potion"},{"floor":7.0,"key":"Explosive Potion"},{"floor":14.0,"key":"Weak Potion"},{"floor":18.0,"key":"SmokeBomb"},{"floor":33.0,"key":"Swift Potion"},{"floor":36,"key":"AttackPotion"},{"floor":41,"key":"AttackPotion"},{"floor":44,"key":"SkillPotion"}],"is_trial":false,"path_per_floor":["M","M","M","?","M","E","M","R","T","?","M","?","M","M","R","B",null,"M","?","?","$","M","R","E","R","T","M","?","M","M","M","R","B",null,"M","M","M","?","?","E","M","T","T","?","M"],"character_chosen":"IRONCLAD","items_purchased":["Metamorphosis"],"campfire_rested":0,"item_purchase_floors":[21],"current_hp_per_floor":[80,80,80,80,79,54,46,46,46,43,47,47,46,52,52,32,80,80,80,80,80,80,80,74,74,74,66,80,73,70,60,60,41,80,80,74,74,74,69,15,15,25,25,11,0],"gold":922,"neow_bonus":"RANDOM_COMMON_RELIC","is_prod":false,"is_daily":false,"chose_seed":false,"campfire_upgraded":5,"win_rate":0,"timestamp":1562212004,"path_taken":["M","M","M","?","M","E","M","R","T","?","M","?","M","?","R","BOSS","M","?","?","$","M","R","E","R","T","M","?","M","M","M","R","BOSS","M","M","M","?","?","E","M","?","T","?","M"],"build_version":"2019-07-01","purchased_purges":1,"victory":false,"max_hp_per_floor":[80,80,80,80,80,80,80,80,80,80,80,80,80,80,80,80,80,80,80,80,80,80,80,80,80,80,80,80,80,80,80,80,80,80,80,80,80,80,80,80,80,90,90,90,90],"card_choices":[{"not_picked":["Blood for Blood","Bloodletting"],"picked":"Wild Strike","floor":1.0},{"not_picked":["Combust","Cleave"],"picked":"Power Through","floor":2.0},{"not_picked":["Blood for Blood","Armaments"],"picked":"Wild Strike","floor":3.0},{"not_picked":["Pummel","Thunderclap"],"picked":"Spot Weakness","floor":5.0},{"not_picked":["Corruption","Barricade"],"picked":"Armaments","floor":6.0},{"not_picked":["Body Slam","Perfected Strike"],"picked":"Carnage","floor":7.0},{"not_picked":["Shrug It Off","Anger","Corruption"],"picked":"SKIP","floor":11.0},{"not_picked":["Perfected Strike","Body Slam","Sword Boomerang"],"picked":"SKIP","floor":13.0},{"not_picked":["Cleave","True Grit"],"picked":"Second Wind","floor":14.0},{"not_picked":["Impervious","Fiend Fire"],"picked":"Offering","floor":16.0},{"not_picked":["Flame Barrier","Reckless Charge+1"],"picked":"Heavy Blade+1","floor":18.0},{"not_picked":["Heavy Blade+1","Clothesline"],"picked":"Pommel Strike","floor":22.0},{"not_picked":["Clothesline","Shockwave"],"picked":"Pommel Strike+1","floor":24.0},{"not_picked":["Thunderclap+1","True Grit"],"picked":"Shrug It Off+1","floor":27.0},{"not_picked":["Twin Strike","Body Slam"],"picked":"Double Tap","floor":29.0},{"not_picked":["Seeing Red","Carnage+1"],"picked":"Rage+1","floor":30.0},{"not_picked":["Seeing Red","Flex+1"],"picked":"Corruption+1","floor":31.0},{"not_picked":["Berserk","Brutality"],"picked":"Dark Embrace","floor":33.0},{"not_picked":["Iron Wave+1","Dual Wield"],"picked":"Shrug It Off+1","floor":35},{"not_picked":["Thunderclap","Heavy Blade"],"picked":"Shrug It Off+1","floor":36},{"not_picked":["Hemokinesis","Power Through+1"],"picked":"Pommel Strike","floor":37},{"not_picked":["Blind","Purity"],"picked":"Madness","floor":39},{"not_picked":["Dramatic Entrance","Impatience"],"picked":"Madness","floor":39},{"not_picked":["Armaments+1","Disarm+1","Sword Boomerang+1"],"picked":"SKIP","floor":40},{"not_picked":["Clash+1","Pommel Strike"],"picked":"Reckless Charge+1","floor":41},{"not_picked":["Twin Strike","Pummel+1"],"picked":"Clothesline+1","floor":44}],"player_experience":10258,"relics_obtained":[{"floor":6.0,"key":"Kunai"},{"floor":9.0,"key":"Vajra"},{"floor":24.0,"key":"Old Coin"},{"floor":26.0,"key":"Pen Nib"},{"floor":40,"key":"Bag of Preparation"},{"floor":42,"key":"Pear"},{"floor":43,"key":"Omamori"},{"floor":44,"key":"StoneCalendar"}],"event_choices":[{"damage_healed":0.0,"max_hp_gain":0.0,"max_hp_loss":0.0,"gold_gain":63.0,"event_name":"Golden Wing","player_choice":"Gained Gold","floor":4.0,"gold_loss":0.0,"damage_taken":0.0},{"damage_healed":0.0,"max_hp_gain":0.0,"max_hp_loss":0.0,"gold_gain":0.0,"event_name":"Scrap Ooze","player_choice":"Success","floor":10.0,"gold_loss":0.0,"damage_taken":3.0,"relics_obtained":["Boot"]},{"damage_healed":0.0,"max_hp_gain":0.0,"max_hp_loss":0.0,"gold_gain":0.0,"event_name":"WeMeetAgain","player_choice":"Gave Potion","floor":12.0,"gold_loss":0.0,"damage_taken":0.0,"relics_obtained":["Ornamental Fan"]},{"damage_healed":0.0,"max_hp_gain":0.0,"max_hp_loss":0.0,"gold_gain":0.0,"event_name":"The Mausoleum","player_choice":"Opened","floor":19.0,"gold_loss":0.0,"damage_taken":0.0,"relics_obtained":["Self Forming Clay"]},{"damage_healed":0.0,"max_hp_gain":0.0,"max_hp_loss":0.0,"gold_gain":0.0,"event_name":"Addict","player_choice":"Stole Relic","floor":20.0,"gold_loss":0.0,"damage_taken":0.0,"relics_obtained":["Happy Flower"],"cards_obtained":["Shame"]},{"damage_healed":14.0,"max_hp_gain":0.0,"max_hp_loss":0.0,"gold_gain":0.0,"event_name":"Wheel of Change","player_choice":"Full Heal","floor":28.0,"gold_loss":0.0,"damage_taken":0.0},{"cards_removed":["Strike_R"],"damage_healed":0,"gold_gain":0,"player_choice":"Removed Attack","damage_taken":0,"max_hp_gain":0,"max_hp_loss":0,"event_name":"Falling","floor":38,"gold_loss":0},{"damage_healed":0,"gold_gain":0,"player_choice":"Memory 2","damage_taken":5,"max_hp_gain":0,"max_hp_loss":0,"event_name":"SensoryStone","floor":39,"gold_loss":0},{"damage_healed":0,"gold_gain":0,"player_choice":"Fight","damage_taken":0,"max_hp_gain":0,"max_hp_loss":0,"event_name":"Mysterious Sphere","floor":44,"gold_loss":0}],"is_beta":false,"boss_relics":[{"not_picked":["Calling Bell","Ectoplasm"],"picked":"Mark of Pain"},{"not_picked":["Eternal Feather","Orrery"],"picked":"Runic Pyramid"}],"items_purged_floors":[21],"is_endless":false,"potions_floor_spawned":[3,6,7,11,14,18,29,33,36,41,44],"killed_by":"Sphere and 2 Shapes","ascension_level":0}