{"gold_per_floor":[119,69,44,44,55,55,55,65,114,128,30,42,42,62,62,158,158,124,141,158,58,75,75,75,106,131,61,61],"floor_reached":28,"playtime":3018,"items_purged":["Strike_G","Defend_G"],"score":230,"play_id":"2917fe62-a792-4034-abb8-ef2235d1d8ff","local_time":"20190708222149","is_ascension_mode":false,"campfire_choices":[{"data":"Panacea","floor":6,"key":"SMITH"},{"data":"Cloak And Dagger","floor":13,"key":"SMITH"},{"data":"Dash","floor":15,"key":"SMITH"},{"floor":23,"key":"REST"}],"neow_cost":"NONE","seed_source_timestamp":1893351005902300,"circlet_count":0,"master_deck":["Strike_G+1","Strike_G+1","Defend_G","Defend_G","Defend_G","Defend_G","Survivor","Neutralize","Panacea+1","Outmaneuver","Cloak And Dagger+1","Blur","Footwork","Backflip","Dodge and Roll","Prepared","Prepared","Riddle With Holes","Dash+1","All Out Attack","Cloak And Dagger","Burst","Outmaneuver+1","Caltrops","PiercingWail+1","Deflect+1","Caltrops+1","Reflex+1","Accuracy","Caltrops","Phantasmal Killer","Parasite","Accuracy"],"relics":["Ring of the Snake","Prayer Wheel","Whetstone","Cursed Key","Bronze Scales","Anchor"],"potions_floor_usage":[16,18,18,22,22],"damage_taken":[{"damage":1,"enemies":"Cultist","floor":1,"turns":5},{"damage":0,"enemies":"2 Louse","floor":5,"turns":4},{"damage":0,"enemies":"Jaw Worm","floor":8,"turns":9},{"damage":1,"enemies":"Exordium Thugs","floor":10,"turns":6},{"damage":5,"enemies":"Large Slime","floor":12,"turns":14},{"damage":0,"enemies":"Blue Slaver","floor":14,"turns":5},{"damage":2,"enemies":"The Guardian","floor":16,"turns":18},{"damage":0,"enemies":"2 Thieves","floor":18,"turns":5},{"damage":5,"enemies":"Shell Parasite","floor":19,"turns":7},{"damage":1,"enemies":"Centurion and Healer","floor":20,"turns":10},{"damage":24,"enemies":"Sentry and Sphere","floor":22,"turns":7},{"damage":32,"enemies":"Slavers","floor":25,"turns":6},{"damage":38,"enemies":"Cultist and Chosen","floor":28,"turns":7}],"seed_played":"9096604565229104271","potions_obtained":[{"floor":5,"key":"Weak Potion"},{"floor":8,"key":"Block Potion"},{"floor":14,"key":"Fire Potion"},{"floor":16,"key":"GamblersBrew"},{"floor":18,"key":"FearPotion"},{"floor":19,"key":"Dexterity Potion"}],"is_trial":false,"path_per_floor":["M","?","$","?","M","R","?","M","T","M","$","M","R","M","R","B",null,"M","M","M","$","M","R","?","E","T","$","M"],"character_chosen":"THE_SILENT","items_purchased":["Cloak And Dagger","Prepared","Accuracy"],"campfire_rested":1,"item_purchase_floors":[3,11,27],"current_hp_per_floor":[69,69,69,69,69,69,69,69,69,68,68,63,63,63,63,61,70,70,65,64,64,40,61,61,29,29,29,0],"gold":61,"neow_bonus":"RANDOM_COLORLESS","is_prod":false,"is_daily":false,"chose_seed":false,"campfire_upgraded":3,"win_rate":0,"timestamp":1562638909,"path_taken":["M","?","$","?","?","R","?","M","T","M","$","M","R","M","R","BOSS","M","M","M","$","?","R","?","E","T","$","M"],"build_version":"2019-07-05","purchased_purges":2,"victory":false,"max_hp_per_floor":[70,70,70,70,70,70,70,70,70,70,70,70,70,70,70,70,70,70,70,70,70,70,70,70,70,70,70,70],"card_choices":[{"not_picked":["Poisoned Stab","Dodge and Roll"],"picked":"Outmaneuver","floor":1},{"not_picked":["Terror","Dodge and Roll"],"picked":"Footwork","floor":5},{"not_picked":["Sucker Punch","Calculated Gamble"],"picked":"Backflip","floor":8},{"not_picked":["Acrobatics","Calculated Gamble"],"picked":"Dodge and Roll","floor":8},{"not_picked":["Underhanded Strike","PiercingWail"],"picked":"Prepared","floor":10},{"not_picked":["Dodge and Roll","Acrobatics","Quick Slash"],"picked":"SKIP","floor":10},{"not_picked":["Acrobatics","Tactician"],"picked":"Riddle With Holes","floor":12},{"not_picked":["Tools of the Trade","Prepared"],"picked":"Dash","floor":12},{"not_picked":["Dagger Throw","Bouncing Flask"],"picked":"All Out Attack","floor":14},{"not_picked":["Sucker Punch","Skewer"],"picked":"Cloak And Dagger","floor":14},{"not_picked":["Storm of Steel","Malaise"],"picked":"Burst","floor":16},{"not_picked":["Backflip","Footwork"],"picked":"Outmaneuver+1","floor":18},{"not_picked":["Flying Knee","Skewer","Cloak And Dagger"],"picked":"SKIP","floor":18},{"not_picked":["PiercingWail","Backflip+1"],"picked":"Caltrops","floor":19},{"not_picked":["Flying Knee","Reflex"],"picked":"PiercingWail+1","floor":19},{"not_picked":["Flying Knee","Dagger Spray"],"picked":"Deflect+1","floor":20},{"not_picked":["Blade Dance","Venomology"],"picked":"Caltrops+1","floor":20},{"not_picked":["Slice","Cloak And Dagger"],"picked":"Reflex+1","floor":22},{"not_picked":["Blade Dance","Endless Agony"],"picked":"Accuracy","floor":22},{"not_picked":["Glass Knife","Well Laid Plans"],"picked":"Phantasmal Killer","floor":25}],"player_experience":131309,"relics_obtained":[{"floor":7,"key":"Prayer Wheel"},{"floor":9,"key":"Whetstone"},{"floor":25,"key":"Bronze Scales"},{"floor":26,"key":"Anchor"}],"event_choices":[{"cards_removed":["Strike_G"],"damage_healed":0,"gold_gain":0,"player_choice":"Card Removal","damage_taken":0,"max_hp_gain":0,"max_hp_loss":0,"event_name":"The Cleric","floor":2,"gold_loss":50},{"damage_healed":0,"gold_gain":0,"cards_transformed":["Strike_G"],"player_choice":"Transformed","damage_taken":0,"max_hp_gain":0,"max_hp_loss":0,"event_name":"Transmorgrifier","floor":4,"gold_loss":0,"cards_obtained":["Blur"]},{"damage_healed":0,"gold_gain":0,"player_choice":"Relic","damage_taken":0,"max_hp_gain":0,"max_hp_loss":0,"event_name":"Wheel of Change","floor":7,"gold_loss":0},{"damage_healed":0,"gold_gain":0,"player_choice":"Read","damage_taken":0,"max_hp_gain":0,"max_hp_loss":0,"event_name":"The Library","floor":24,"gold_loss":0,"cards_obtained":["Caltrops"]}],"is_beta":false,"boss_relics":[{"not_picked":["Velvet Choker","Fusion Hammer"],"picked":"Cursed Key"}],"items_purged_floors":[11,21],"is_endless":false,"potions_floor_spawned":[5,8,14,16,18,19,20],"killed_by":"Cultist and Chosen","ascension_level":0}