{"gold_per_floor":[119,119,44,44,61,86,86,103,103,116,132,32,32,57,57,161,161,173,23,40,40,56,56,67,67],"floor_reached":25,"playtime":920,"items_purged":["Strike_R","Pain"],"score":213,"play_id":"9bf10abc-d78a-4b12-9a37-ccda1bcbb4f8","local_time":"20190711161201","is_ascension_mode":false,"campfire_choices":[{"data":"Seeing Red","floor":7,"key":"SMITH"},{"data":"Rampage","floor":15,"key":"SMITH"},{"data":"Dark Embrace","floor":23,"key":"SMITH"}],"neow_cost":"TEN_PERCENT_HP_LOSS","seed_source_timestamp":75367463740105,"circlet_count":0,"master_deck":["Strike_R","Strike_R","Strike_R","Defend_R","Defend_R","Bash","Wild Strike","Seeing Red+1","Power Through","Rampage+1","Dark Embrace+1","Shrug It Off+1","Headbutt","Dropkick"],"relics":["Burning Blood","WarpedTongs","Meat on the Bone","Blue Candle","Potion Belt","Black Star","Bag of Preparation"],"potions_floor_usage":[16,16,16],"damage_taken":[{"damage":6,"enemies":"Cultist","floor":1,"turns":3},{"damage":13,"enemies":"Small Slimes","floor":5,"turns":3},{"damage":31,"enemies":"Lagavulin","floor":6,"turns":5},{"damage":1,"enemies":"2 Louse","floor":8,"turns":2},{"damage":19,"enemies":"Exordium Thugs","floor":10,"turns":4},{"damage":16,"enemies":"Lots of Slimes","floor":11,"turns":4},{"damage":20,"enemies":"3 Sentries","floor":14,"turns":8},{"damage":50,"enemies":"Hexaghost","floor":16,"turns":9},{"damage":10,"enemies":"Chosen","floor":18,"turns":4},{"damage":10,"enemies":"2 Thieves","floor":20,"turns":5},{"damage":26,"enemies":"Centurion and Healer","floor":22,"turns":6},{"damage":43,"enemies":"Snecko","floor":24,"turns":6},{"damage":31,"enemies":"Gremlin Leader","floor":25,"turns":4}],"seed_played":"-7108946544732101397","potions_obtained":[{"floor":5,"key":"EssenceOfSteel"},{"floor":10,"key":"Explosive Potion"},{"floor":11,"key":"Energy Potion"},{"floor":13,"key":"BloodPotion"},{"floor":20,"key":"Strength Potion"},{"floor":24,"key":"Weak Potion"}],"is_trial":false,"path_per_floor":["M","?","$","?","M","E","R","M","T","M","M","$","?","E","R","B",null,"M","$","M","?","M","R","M","E"],"character_chosen":"IRONCLAD","items_purchased":["Bag of Preparation"],"campfire_rested":0,"item_purchase_floors":[19],"current_hp_per_floor":[72,72,72,72,65,40,40,45,45,44,46,46,46,44,44,30,72,68,68,64,57,49,49,24,0],"gold":67,"neow_bonus":"REMOVE_TWO","is_prod":false,"is_daily":false,"chose_seed":false,"campfire_upgraded":3,"win_rate":0,"timestamp":1562825521,"path_taken":["M","?","$","?","M","E","R","?","T","M","M","$","?","E","R","BOSS","M","$","?","?","M","R","M","E"],"build_version":"2019-07-05","purchased_purges":2,"victory":false,"max_hp_per_floor":[72,72,72,72,72,72,72,72,72,72,72,72,72,72,72,72,72,72,72,72,72,72,72,72,72],"card_choices":[{"not_picked":["Seeing Red","Shrug It Off"],"picked":"Wild Strike","floor":1},{"not_picked":["Flex","Thunderclap"],"picked":"Seeing Red","floor":5},{"not_picked":["Flame Barrier","Blood for Blood"],"picked":"Power Through","floor":6},{"not_picked":["Perfected Strike","Pummel","Anger"],"picked":"SKIP","floor":8},{"not_picked":["Rupture","Cleave","Shockwave"],"picked":"SKIP","floor":10},{"not_picked":["Inflame","Uppercut"],"picked":"Rampage","floor":11},{"not_picked":["Sentinel","Shrug It Off","Exhume"],"picked":"SKIP","floor":14},{"not_picked":["Offering","Reaper"],"picked":"Dark Embrace","floor":16},{"not_picked":["Heavy Blade+1","Clash"],"picked":"Shrug It Off+1","floor":18},{"not_picked":["Shrug It Off","Iron Wave","Armaments+1"],"picked":"SKIP","floor":20},{"not_picked":["Havoc+1","Spot Weakness"],"picked":"Headbutt","floor":22},{"not_picked":["Hemokinesis","Cleave"],"picked":"Dropkick","floor":24}],"player_experience":23345,"relics_obtained":[{"floor":6,"key":"Meat on the Bone"},{"floor":9,"key":"Blue Candle"},{"floor":14,"key":"Potion Belt"}],"event_choices":[{"cards_removed":["Defend_R"],"damage_healed":0,"gold_gain":0,"player_choice":"Forget","damage_taken":0,"max_hp_gain":0,"max_hp_loss":0,"event_name":"Living Wall","floor":2,"gold_loss":0},{"damage_healed":0,"gold_gain":0,"player_choice":"Rummage","damage_taken":0,"relics_obtained":["WarpedTongs"],"max_hp_gain":0,"max_hp_loss":0,"event_name":"Accursed Blacksmith","floor":4,"gold_loss":0,"cards_obtained":["Pain"]},{"damage_healed":0,"gold_gain":0,"player_choice":"Got Potions","damage_taken":0,"max_hp_gain":0,"max_hp_loss":0,"event_name":"Lab","floor":13,"gold_loss":0},{"damage_healed":0,"gold_gain":0,"player_choice":"","damage_taken":7,"max_hp_gain":0,"max_hp_loss":0,"event_name":"Knowing Skull","floor":21,"potions_obtained":[],"gold_loss":0,"cards_obtained":[]}],"is_beta":false,"boss_relics":[{"not_picked":["Eternal Feather","Busted Crown"],"picked":"Black Star"}],"items_purged_floors":[3,12],"is_endless":false,"potions_floor_spawned":[5,10,11,20,24],"killed_by":"Gremlin Leader","ascension_level":0}