{"gold_per_floor":[144,104,279,279,324,414,364,364,389,389,64,109,109,154,154,454,454,499,544,15,15,15,15,15,15,40,85,130,220,14,14,14,14],"floor_reached":33,"playtime":2834,"items_purged":["Regret","Decay"],"score":311,"play_id":"dc970452-9392-4cbf-be9a-7fa2b340faf7","local_time":"20190706134722","daily_mods":["Draft","Diverse","Midas"],"is_ascension_mode":false,"campfire_choices":[{"floor":8,"key":"REST"},{"floor":15,"key":"REST"},{"floor":23,"key":"REST"},{"floor":25,"key":"REST"},{"floor":32,"key":"REST"}],"neow_cost":"","seed_source_timestamp":0,"circlet_count":0,"master_deck":["Acrobatics+1","Dagger Spray+1","Dual Wield","Compile Driver","BootSequence","Disarm","Rampage","Feel No Pain","Turbo+1","Defragment","Footwork","Ball Lightning","Prepared","Inflame","Outmaneuver","Electrodynamics","Static Discharge+1","Bullet Time+1","Rebound+1","Streamline+1","Metallicize","Feel No Pain","Reboot","Noxious Fumes","Catalyst"],"special_seed":18083,"relics":["Cracked Core","Blue Candle","War Paint","Art of War","Ornamental Fan","Symbiotic Virus","Astrolabe","Molten Egg 2","Strange Spoon","Vajra","Omamori","Whetstone","Strawberry"],"potions_floor_usage":[6,29,33,33,33,33,33],"damage_taken":[{"damage":0,"enemies":"Jaw Worm","floor":1,"turns":3},{"damage":2,"enemies":"Small Slimes","floor":5,"turns":3},{"damage":49,"enemies":"Gremlin Nob","floor":6,"turns":5},{"damage":0,"enemies":"2 Louse","floor":12,"turns":2},{"damage":13,"enemies":"2 Fungi Beasts","floor":14,"turns":3},{"damage":29,"enemies":"Slime Boss","floor":16,"turns":4},{"damage":26,"enemies":"2 Thieves","floor":18,"turns":4},{"damage":26,"enemies":"Shell Parasite","floor":19,"turns":3},{"damage":14,"enemies":"Snecko","floor":27,"turns":3},{"damage":14,"enemies":"Snake Plant","floor":28,"turns":2},{"damage":44,"enemies":"Book of Stabbing","floor":29,"turns":5},{"damage":67,"enemies":"Collector","floor":33,"turns":6}],"seed_played":"1011076517650017041","potions_obtained":[{"floor":1,"key":"Weak Potion"},{"floor":16,"key":"Strength Potion"},{"floor":27,"key":"Fire Potion"},{"floor":29,"key":"EntropicBrew"}],"is_trial":false,"path_per_floor":["M","$","?","?","M","E","?","R","T","T","$","M","?","M","R","B",null,"M","M","$","?","?","R","T","R","T","M","M","E","$","T","R","B"],"character_chosen":"DEFECT","items_purchased":["Inflame","Symbiotic Virus","Metallicize","Molten Egg 2","Strange Spoon","Noxious Fumes","Catalyst"],"campfire_rested":5,"item_purchase_floors":[2,11,20,20,20,30,30],"current_hp_per_floor":[75,75,75,75,73,24,24,46,46,46,46,46,85,72,85,56,85,59,33,33,33,33,58,58,83,83,69,55,11,11,18,45,0],"gold":14,"neow_bonus":"","is_prod":false,"is_daily":true,"chose_seed":false,"campfire_upgraded":0,"win_rate":0.0,"timestamp":1562435242,"path_taken":["M","$","?","?","M","E","?","R","T","?","$","M","?","?","R","BOSS","M","M","$","?","?","R","?","R","T","M","M","E","$","?","R","BOSS"],"build_version":"2019-07-05","purchased_purges":2,"victory":false,"max_hp_per_floor":[75,75,75,75,75,75,75,75,75,75,75,75,85,85,85,85,85,85,85,85,85,85,85,85,85,85,85,85,85,85,92,92,92],"card_choices":[{"not_picked":["Heatsinks","Outmaneuver"],"picked":"Acrobatics","floor":0},{"not_picked":["Reckless Charge","Perfected Strike"],"picked":"Dagger Spray","floor":0},{"not_picked":["Intimidate","Reckless Charge"],"picked":"Dual Wield","floor":0},{"not_picked":["Finisher","Thunderclap"],"picked":"Compile Driver","floor":0},{"not_picked":["Gash","Eviscerate"],"picked":"BootSequence","floor":0},{"not_picked":["Masterful Stab","Warcry"],"picked":"Disarm","floor":0},{"not_picked":["Dagger Spray","PiercingWail"],"picked":"Rampage","floor":0},{"not_picked":["Rip and Tear","Blade Dance"],"picked":"Body Slam","floor":0},{"not_picked":["Cleave","Quick Slash"],"picked":"Feel No Pain","floor":0},{"not_picked":["Clothesline","Steam"],"picked":"Turbo","floor":0},{"not_picked":["Flex","Anger"],"picked":"Defragment","floor":0},{"not_picked":["Heavy Blade","Clothesline"],"picked":"Footwork","floor":0},{"not_picked":["Ball Lightning","Prepared"],"picked":"Disarm","floor":0},{"not_picked":["Sweeping Beam","Cloak And Dagger"],"picked":"Ball Lightning","floor":0},{"not_picked":["Caltrops","Pummel"],"picked":"Prepared","floor":0},{"not_picked":["Ghostly Armor","Havoc"],"picked":"Hologram","floor":1},{"not_picked":["Bane","Force Field","Sunder"],"picked":"SKIP","floor":5},{"not_picked":["Turbo","Bloodletting"],"picked":"Malaise","floor":6},{"not_picked":["Rage","Expertise","Carnage"],"picked":"SKIP","floor":12},{"not_picked":["Cloak And Dagger","Twin Strike"],"picked":"Outmaneuver","floor":14},{"not_picked":["Limit Break","Immolate"],"picked":"Electrodynamics","floor":16},{"not_picked":["Static Discharge","Disarm"],"picked":"Rebound","floor":18},{"not_picked":["Blood for Blood","Flex+1"],"picked":"Streamline+1","floor":19},{"not_picked":["Static Discharge+1","Go for the Eyes+1"],"picked":"Feel No Pain","floor":27},{"not_picked":["Armaments+1","Spot Weakness","Quick Slash+1"],"picked":"SKIP","floor":28},{"not_picked":["Dagger Throw+1","Beam Cell+1"],"picked":"Reboot","floor":29}],"player_experience":76645,"relics_obtained":[{"floor":6,"key":"War Paint"},{"floor":9,"key":"Art of War"},{"floor":10,"key":"Ornamental Fan"},{"floor":24,"key":"Vajra"},{"floor":26,"key":"Omamori"},{"floor":29,"key":"Whetstone"},{"floor":31,"key":"Strawberry"}],"event_choices":[{"damage_healed":0,"gold_gain":175,"player_choice":"AGREE","damage_taken":0,"max_hp_gain":0,"max_hp_loss":0,"event_name":"Liars Game","floor":3,"gold_loss":0,"cards_obtained":["Doubt"]},{"damage_healed":0,"gold_gain":0,"player_choice":"Box","damage_taken":0,"relics_obtained":["Blue Candle"],"max_hp_gain":0,"max_hp_loss":0,"event_name":"Big Fish","floor":4,"gold_loss":0,"cards_obtained":["Regret"]},{"cards_removed":["Doubt"],"damage_healed":0,"gold_gain":0,"player_choice":"Card Removal","damage_taken":0,"max_hp_gain":0,"max_hp_loss":0,"event_name":"The Cleric","floor":7,"gold_loss":50},{"cards_removed":["Malaise"],"damage_healed":29,"gold_gain":0,"player_choice":"Offered Rare","damage_taken":0,"max_hp_gain":10,"max_hp_loss":0,"event_name":"Bonfire Elementals","floor":13,"gold_loss":0},{"cards_removed":["Scrape"],"damage_healed":0,"gold_gain":0,"player_choice":"Elegance","damage_taken":0,"max_hp_gain":0,"max_hp_loss":0,"event_name":"Back to Basics","floor":21,"gold_loss":0},{"damage_healed":0,"gold_gain":0,"player_choice":"Smashed Altar","damage_taken":0,"max_hp_gain":0,"max_hp_loss":0,"event_name":"Forgotten Altar","floor":22,"gold_loss":0,"cards_obtained":["Decay"]}],"is_beta":false,"boss_relics":[{"not_picked":["Tiny House","Coffee Dripper"],"picked":"Astrolabe"}],"items_purged_floors":[11,30],"is_endless":false,"potions_floor_spawned":[1,16,27,29],"killed_by":"Collector","ascension_level":0}