{"gold_per_floor":[116,127,302,320,336,369,369,386,468,488,505,505,505,515,515,515],"floor_reached":16,"playtime":1687,"items_purged":[],"score":106,"play_id":"dc493f52-24ab-4429-8720-ed02373307aa","local_time":"20190710013557","is_ascension_mode":false,"campfire_choices":[{"floor":13,"key":"REST"},{"floor":15,"key":"REST"}],"neow_cost":"NONE","seed_source_timestamp":1307643432391700,"circlet_count":0,"master_deck":["Strike_B","Strike_B","Strike_B","Defend_B","Defend_B","Defend_B","Defend_B","Zap","Dualcast","Amplify","Blizzard","Conserve Battery","Doubt","Hologram","White Noise","Scrape","Reprogram","BootSequence","Conserve Battery","Heatsinks"],"relics":["Cracked Core","Question Card","Molten Egg 2","Tiny Chest"],"potions_floor_usage":[6,16,16],"damage_taken":[{"damage":1,"enemies":"Jaw Worm","floor":1,"turns":4},{"damage":8,"enemies":"Small Slimes","floor":2,"turns":4},{"damage":1,"enemies":"2 Louse","floor":4,"turns":3},{"damage":11,"enemies":"Blue Slaver","floor":5,"turns":5},{"damage":43,"enemies":"3 Sentries","floor":6,"turns":14},{"damage":0,"enemies":"Red Slaver","floor":8,"turns":4},{"damage":0,"enemies":"Lots of Slimes","floor":10,"turns":1},{"damage":0,"enemies":"3 Louse","floor":11,"turns":4},{"damage":16,"enemies":"Large Slime","floor":14,"turns":8},{"damage":39,"enemies":"Slime Boss","floor":16,"turns":10}],"seed_played":"3665247153522438029","potions_obtained":[{"floor":2,"key":"Dexterity Potion"},{"floor":6,"key":"Block Potion"},{"floor":14,"key":"Weak Potion"}],"is_trial":false,"path_per_floor":["M","M","?","M","M","E","?","M","T","M","M","?","R","M","R","B"],"character_chosen":"DEFECT","items_purchased":[],"campfire_rested":2,"item_purchase_floors":[],"current_hp_per_floor":[74,66,66,65,54,11,4,4,4,4,4,4,26,10,32,0],"gold":515,"neow_bonus":"TRANSFORM_CARD","is_prod":false,"is_daily":false,"chose_seed":false,"campfire_upgraded":0,"win_rate":1,"timestamp":1562736957,"path_taken":["M","M","?","M","M","E","?","M","T","M","M","?","R","?","R","BOSS"],"build_version":"2019-07-05","purchased_purges":0,"victory":false,"max_hp_per_floor":[75,75,75,75,75,75,75,75,75,75,75,75,75,75,75,75],"card_choices":[{"not_picked":["Cold Snap","Steam Power"],"picked":"Blizzard","floor":1},{"not_picked":["Beam Cell","Scrape"],"picked":"Conserve Battery","floor":2},{"not_picked":["Rebound","Steam"],"picked":"Hologram","floor":4},{"not_picked":["Blizzard","Rebound"],"picked":"White Noise","floor":5},{"not_picked":["Consume","Rebound"],"picked":"Scrape","floor":6},{"not_picked":["Hologram","Tempest","Gash+1"],"picked":"Reprogram","floor":8},{"not_picked":["Rebound+1","Scrape+1","Streamline+1"],"picked":"BootSequence","floor":10},{"not_picked":["Hologram","Streamline+1","Gash+1"],"picked":"Conserve Battery","floor":11},{"not_picked":["Compile Driver+1","Leap","Skim"],"picked":"Heatsinks","floor":14}],"player_experience":43464,"relics_obtained":[{"floor":6,"key":"Question Card"},{"floor":9,"key":"Tiny Chest"}],"event_choices":[{"damage_healed":0,"gold_gain":175,"player_choice":"AGREE","damage_taken":0,"max_hp_gain":0,"max_hp_loss":0,"event_name":"Liars Game","floor":3,"gold_loss":0,"cards_obtained":["Doubt"]},{"damage_healed":0,"gold_gain":0,"player_choice":"Success","damage_taken":7,"relics_obtained":["Molten Egg 2"],"max_hp_gain":0,"max_hp_loss":0,"event_name":"Scrap Ooze","floor":7,"gold_loss":0},{"damage_healed":0,"gold_gain":0,"player_choice":"Ignored","damage_taken":0,"max_hp_gain":0,"max_hp_loss":0,"event_name":"Golden Idol","floor":12,"gold_loss":0}],"is_beta":false,"boss_relics":[],"items_purged_floors":[],"is_endless":false,"potions_floor_spawned":[2,6,14],"killed_by":"Slime Boss","ascension_level":0}