{"gold_per_floor":[111,111,111,111,130,130,162,173,173,207,230,230,261,277,277,352,352,369,369,369,379,304,304,331,331,331,331,345,356,382,382,382,458,458,477,367,367,367,385,385,485,535,535,535,561,561,579,579,579,579,579,579,579,137,170,170],"floor_reached":57,"playtime":3915,"items_purged":["Strike_B","Strike_B+1"],"score":2818,"play_id":"efd3550f-17ac-419f-8ba4-13e0a66ba562","local_time":"20190713201525","is_ascension_mode":true,"campfire_choices":[{"data":"Dualcast","floor":6.0,"key":"SMITH"},{"data":"Doom and Gloom","floor":12.0,"key":"SMITH"},{"floor":15.0,"key":"REST"},{"data":"Static Discharge","floor":23.0,"key":"SMITH"},{"data":"Biased Cognition","floor":25.0,"key":"SMITH"},{"data":"Seek","floor":27.0,"key":"SMITH"},{"data":"Coolheaded","floor":32.0,"key":"SMITH"},{"data":"Ghostly","floor":40.0,"key":"SMITH"},{"data":"Ghostly","floor":44.0,"key":"SMITH"},{"data":"Ghostly","floor":46.0,"key":"SMITH"},{"floor":49.0,"key":"RECALL"},{"data":"Loop","floor":53.0,"key":"SMITH"}],"neow_cost":"NONE","seed_source_timestamp":24379774771023,"circlet_count":0,"master_deck":["AscendersBane","Defend_B+1","Defend_B+1","Defend_B+1","Defend_B+1","Zap+1","Dualcast+1","Consume+1","Cold Snap","Seek+1","Gash","Static Discharge+1","Doom and Gloom+1","Self Repair","Cold Snap","Biased Cognition+1","Ghostly+1","Ghostly+1","Ghostly+1","Go for the Eyes","Compile Driver+1","BootSequence+1","Coolheaded+1","Core Surge+1","Loop+1","Glacier","Go for the Eyes+1","Thinking Ahead","Glacier","Capacitor","Coolheaded"],"special_seed":0,"relics":["Cracked Core","NeowsBlessing","Ornamental Fan","Centennial Puzzle","Art of War","Odd Mushroom","Juzu Bracelet","Inserter","Blue Candle","Orichalcum","Runic Pyramid","Unceasing Top","DataDisk","Dodecahedron","Oddly Smooth Stone","Pen Nib"],"potions_floor_usage":[56],"damage_taken":[{"damage":0.0,"enemies":"Small Slimes","floor":1.0,"turns":1.0},{"damage":0.0,"enemies":"2 Louse","floor":5.0,"turns":1.0},{"damage":0.0,"enemies":"Lagavulin","floor":7.0,"turns":1.0},{"damage":0.0,"enemies":"Cultist","floor":8.0,"turns":3.0},{"damage":12.0,"enemies":"3 Sentries","floor":10.0,"turns":7.0},{"damage":0.0,"enemies":"The Mushroom Lair","floor":11.0,"turns":3.0},{"damage":5.0,"enemies":"Gremlin Nob","floor":13.0,"turns":3.0},{"damage":2.0,"enemies":"3 Louse","floor":14.0,"turns":2.0},{"damage":19.0,"enemies":"Slime Boss","floor":16.0,"turns":7.0},{"damage":6.0,"enemies":"3 Byrds","floor":18.0,"turns":4.0},{"damage":6.0,"enemies":"Spheric Guardian","floor":21.0,"turns":5.0},{"damage":10.0,"enemies":"Slavers","floor":24.0,"turns":4.0},{"damage":1.0,"enemies":"Centurion and Healer","floor":28.0,"turns":6.0},{"damage":6.0,"enemies":"Snecko","floor":29.0,"turns":6.0},{"damage":2.0,"enemies":"Gremlin Leader","floor":30.0,"turns":5.0},{"damage":11.0,"enemies":"Automaton","floor":33.0,"turns":14.0},{"damage":14.0,"enemies":"3 Shapes","floor":35.0,"turns":4.0},{"damage":0.0,"enemies":"3 Darklings","floor":38.0,"turns":2.0},{"damage":0.0,"enemies":"Spire Growth","floor":39.0,"turns":7.0},{"damage":0.0,"enemies":"Mind Bloom Boss Battle","floor":41.0,"turns":6.0},{"damage":0.0,"enemies":"Nemesis","floor":45.0,"turns":7.0},{"damage":0.0,"enemies":"Jaw Worm Horde","floor":47.0,"turns":5.0},{"damage":0.0,"enemies":"Awakened One","floor":50.0,"turns":16.0},{"damage":1.0,"enemies":"Donu and Deca","floor":51.0,"turns":13.0},{"damage":7,"enemies":"Shield and Spear","floor":55,"turns":11},{"damage":27,"enemies":"The Heart","floor":56,"turns":14}],"seed_played":"-8117164089251359475","potions_obtained":[{"floor":5.0,"key":"Dexterity Potion"},{"floor":7.0,"key":"AttackPotion"},{"floor":8.0,"key":"Block Potion"},{"floor":10.0,"key":"Explosive Potion"},{"floor":16.0,"key":"PowerPotion"},{"floor":21.0,"key":"Strength Potion"},{"floor":28.0,"key":"AttackPotion"},{"floor":30.0,"key":"PowerPotion"},{"floor":33.0,"key":"SmokeBomb"},{"floor":39.0,"key":"SkillPotion"}],"is_trial":false,"path_per_floor":["M","?","?","?","M","R","E","M","T","E","?","R","E","M","R","B",null,"M","?","?","M","$","R","E","R","T","R","M","M","E","?","R","B",null,"M","?","?","M","M","R","?","?","T","R","E","R","M","?","R","B","B",null,"R","$","E","B",null],"character_chosen":"DEFECT","items_purchased":["Glacier","Capacitor","Oddly Smooth Stone","Energy Potion"],"campfire_rested":1,"item_purchase_floors":[54,54,54,54],"current_hp_per_floor":[64,43,43,43,43,43,43,43,43,31,31,31,26,24,45,33,62,63,35,35,35,35,35,32,32,32,32,35,35,35,35,35,31,34,27,27,27,27,33,33,33,30,30,30,33,33,33,33,33,33,33,33,33,33,33,13],"gold":170,"neow_bonus":"THREE_ENEMY_KILL","is_prod":false,"is_daily":false,"chose_seed":false,"campfire_upgraded":10,"win_rate":0,"timestamp":1563041725,"path_taken":["M","?","?","?","?","R","E","M","T","E","?","R","E","M","R","BOSS","M","?","?","M","$","R","E","R","T","R","M","M","E","?","R","BOSS","M","?","?","M","M","R","?","?","T","R","E","R","M","?","R","BOSS","BOSS","R","$","E","BOSS"],"build_version":"2019-07-05","purchased_purges":2,"victory":true,"max_hp_per_floor":[71,71,71,71,71,71,71,71,71,71,71,71,71,71,71,71,71,71,35,35,35,35,35,35,35,35,35,35,35,35,35,35,35,35,35,35,33,33,33,33,33,33,33,33,33,33,33,33,33,33,33,33,33,33,33,33],"card_choices":[{"not_picked":["Redo","Go for the Eyes"],"picked":"Consume","floor":1.0},{"not_picked":["Scrape","Auto Shields"],"picked":"Cold Snap","floor":5.0},{"not_picked":["Reprogram","Beam Cell"],"picked":"Seek","floor":7.0},{"not_picked":["Steam","Compile Driver"],"picked":"Gash","floor":8.0},{"not_picked":["Scrape","Sweeping Beam"],"picked":"Static Discharge","floor":10.0},{"not_picked":["Biased Cognition","Steam Power"],"picked":"Doom and Gloom","floor":11.0},{"not_picked":["Steam","Go for the Eyes"],"picked":"Self Repair","floor":13.0},{"not_picked":["Turbo","Beam Cell"],"picked":"Cold Snap","floor":14.0},{"not_picked":["Rainbow","Core Surge"],"picked":"Biased Cognition","floor":16.0},{"not_picked":["Hologram","Barrage","Reprogram"],"picked":"SKIP","floor":18.0},{"not_picked":["Sweeping Beam","Sunder","Skim"],"picked":"SKIP","floor":21.0},{"not_picked":["Doom and Gloom","Buffer"],"picked":"Compile Driver+1","floor":24.0},{"not_picked":["Compile Driver+1","Leap"],"picked":"BootSequence+1","floor":28.0},{"not_picked":["Auto Shields","Steam","Streamline"],"picked":"SKIP","floor":29.0},{"not_picked":["Compile Driver","Chaos"],"picked":"Coolheaded","floor":30.0},{"not_picked":["Fission","All For One"],"picked":"Core Surge","floor":33.0},{"not_picked":["Hologram","Stack"],"picked":"Loop","floor":35.0},{"not_picked":["Gash","Chill"],"picked":"Glacier","floor":39.0},{"not_picked":["Rebound+1","Cold Snap"],"picked":"Go for the Eyes+1","floor":41.0},{"not_picked":["Electrodynamics","Sweeping Beam","Genetic Algorithm"],"picked":"SKIP","floor":45.0},{"not_picked":["Skim","Compile Driver","Barrage+1"],"picked":"SKIP","floor":47.0},{"not_picked":["Discovery","Dramatic Entrance"],"picked":"Thinking Ahead","floor":48.0},{"not_picked":["Hologram+1","Barrage"],"picked":"Coolheaded","floor":55}],"player_experience":1472577,"relics_obtained":[{"floor":7.0,"key":"Ornamental Fan"},{"floor":9.0,"key":"Centennial Puzzle"},{"floor":10.0,"key":"Art of War"},{"floor":11.0,"key":"Odd Mushroom"},{"floor":13.0,"key":"Juzu Bracelet"},{"floor":24.0,"key":"Blue Candle"},{"floor":30.0,"key":"Orichalcum"},{"floor":41.0,"key":"Unceasing Top"},{"floor":43.0,"key":"DataDisk"},{"floor":45.0,"key":"Dodecahedron"},{"floor":55,"key":"Pen Nib"}],"event_choices":[{"damage_healed":0.0,"max_hp_gain":0.0,"max_hp_loss":0.0,"gold_gain":0.0,"event_name":"Shining Light","player_choice":"Entered Light","floor":2.0,"gold_loss":0.0,"damage_taken":21.0,"cards_upgraded":["Defend_B","Strike_B"]},{"damage_healed":0.0,"max_hp_gain":0.0,"max_hp_loss":0.0,"gold_gain":0.0,"event_name":"Living Wall","player_choice":"Grow","floor":3.0,"gold_loss":0.0,"damage_taken":0.0,"cards_upgraded":["Zap"]},{"damage_healed":0.0,"max_hp_gain":0.0,"max_hp_loss":0.0,"gold_gain":0.0,"event_name":"Upgrade Shrine","player_choice":"Upgraded","floor":4.0,"gold_loss":0.0,"damage_taken":0.0,"cards_upgraded":["Consume"]},{"damage_healed":0.0,"max_hp_gain":0.0,"max_hp_loss":0.0,"gold_gain":0.0,"event_name":"Mushrooms","player_choice":"Fought Mushrooms","floor":11.0,"gold_loss":0.0,"damage_taken":0.0},{"damage_healed":0.0,"max_hp_gain":0.0,"max_hp_loss":36.0,"gold_gain":0.0,"event_name":"Ghosts","player_choice":"Became a Ghost","floor":19.0,"gold_loss":0.0,"damage_taken":0.0,"cards_obtained":["Ghostly","Ghostly","Ghostly"]},{"damage_healed":0.0,"max_hp_gain":0.0,"max_hp_loss":0.0,"gold_gain":0.0,"cards_transformed":["Strike_B"],"event_name":"Transmorgrifier","player_choice":"Transformed","floor":20.0,"gold_loss":0.0,"damage_taken":0.0,"cards_obtained":["Go for the Eyes"]},{"damage_healed":0.0,"max_hp_gain":0.0,"max_hp_loss":0.0,"gold_gain":0.0,"event_name":"Back to Basics","player_choice":"Simplicity","floor":31.0,"gold_loss":0.0,"damage_taken":0.0,"cards_upgraded":["Strike_B","Defend_B","Defend_B","Defend_B"]},{"cards_removed":["Strike_B"],"damage_healed":0.0,"max_hp_gain":0.0,"max_hp_loss":0.0,"gold_gain":0.0,"event_name":"Designer","player_choice":"Upgrade and Remove","floor":36.0,"gold_loss":110.0,"damage_taken":0.0,"cards_upgraded":["Core Surge"]},{"damage_healed":0.0,"max_hp_gain":0.0,"max_hp_loss":2.0,"gold_gain":0.0,"event_name":"Winding Halls","player_choice":"Max HP","floor":37.0,"gold_loss":0.0,"damage_taken":0.0},{"damage_healed":0.0,"max_hp_gain":0.0,"max_hp_loss":0.0,"gold_gain":0.0,"event_name":"MindBloom","player_choice":"Fight","floor":41.0,"gold_loss":0.0,"damage_taken":0.0},{"damage_healed":0.0,"max_hp_gain":0.0,"max_hp_loss":0.0,"gold_gain":50.0,"event_name":"FaceTrader","player_choice":"Touch","floor":42.0,"gold_loss":0.0,"damage_taken":3.0},{"damage_healed":0.0,"max_hp_gain":0.0,"max_hp_loss":0.0,"gold_gain":0.0,"event_name":"SensoryStone","player_choice":"Memory 1","floor":48.0,"gold_loss":0.0,"damage_taken":0.0}],"is_beta":false,"boss_relics":[{"not_picked":["White Beast Statue","Calling Bell"],"picked":"Inserter"},{"not_picked":["Busted Crown","Black Star"],"picked":"Runic Pyramid"}],"items_purged_floors":[22,54],"is_endless":false,"potions_floor_spawned":[5,7,8,10,16,21,28,30,33,39,45,55],"ascension_level":20}