{"gold_per_floor":[118,133,151,151,226,257,257,284,284,241,241,27,27,42,42,42],"floor_reached":16,"playtime":586,"items_purged":["Strike_R"],"score":220,"play_id":"11628ff2-aadd-490d-8f0d-f872c138ee31","local_time":"20190619001622","is_ascension_mode":true,"campfire_choices":[{"data":"Demon Form","floor":11.0,"key":"SMITH"},{"floor":13.0,"key":"REST"},{"data":"Combust","floor":15.0,"key":"SMITH"}],"neow_cost":"NONE","seed_source_timestamp":1798368491398724,"circlet_count":0,"master_deck":["AscendersBane","Strike_R","Strike_R","Strike_R","Strike_R","Defend_R","Defend_R","Defend_R","Defend_R","Bash","Shrug It Off","Thunderclap","Demon Form+1","Burning Pact","Heavy Blade+1","Combust+1","Shrug It Off","Spot Weakness","Pummel+1"],"special_seed":0,"relics":["Burning Blood","Omamori","Centennial Puzzle","Letter Opener","Dream Catcher","Molten Egg 2"],"potions_floor_usage":[16],"damage_taken":[{"damage":2.0,"enemies":"Cultist","floor":1.0,"turns":4.0},{"damage":4.0,"enemies":"Small Slimes","floor":2.0,"turns":3.0},{"damage":2.0,"enemies":"Jaw Worm","floor":3.0,"turns":6.0},{"damage":35.0,"enemies":"3 Sentries","floor":6.0,"turns":7.0},{"damage":22.0,"enemies":"Lagavulin","floor":8.0,"turns":7.0},{"damage":19.0,"enemies":"Exordium Thugs","floor":10.0,"turns":5.0},{"damage":4.0,"enemies":"Large Slime","floor":14.0,"turns":6.0},{"damage":40,"enemies":"The Guardian","floor":16,"turns":4}],"seed_played":"691581521178563692","potions_obtained":[{"floor":1.0,"key":"Fire Potion"},{"floor":6.0,"key":"Regen Potion"},{"floor":8.0,"key":"EssenceOfSteel"},{"floor":10.0,"key":"Block Potion"}],"is_trial":false,"path_per_floor":["M","M","M","?","?","E","?","E","T","M","R","$","R","M","R","B"],"character_chosen":"IRONCLAD","items_purchased":["Combust","Shrug It Off"],"campfire_rested":1,"item_purchase_floors":[12,12],"current_hp_per_floor":[72,74,75,64,53,24,24,23,23,10,10,10,32,34,34,0],"gold":42,"neow_bonus":"RANDOM_COMMON_RELIC","is_prod":false,"is_daily":false,"chose_seed":false,"campfire_upgraded":2,"win_rate":0,"timestamp":1560921382,"path_taken":["M","?","M","?","?","E","?","E","T","M","R","$","R","M","R","BOSS"],"build_version":"2019-01-23","purchased_purges":1,"victory":false,"max_hp_per_floor":[75,75,75,75,75,75,75,75,75,75,75,75,75,75,75,75],"card_choices":[{"not_picked":["Twin Strike","Thunderclap"],"picked":"Shrug It Off","floor":1.0},{"not_picked":["Body Slam","Warcry","Flex"],"picked":"SKIP","floor":2.0},{"not_picked":["Fire Breathing","Intimidate"],"picked":"Thunderclap","floor":3.0},{"not_picked":["Burning Pact","Uppercut"],"picked":"Demon Form","floor":6.0},{"not_picked":["Perfected Strike","Sever Soul"],"picked":"Burning Pact","floor":8.0},{"not_picked":["Warcry","Reckless Charge+1"],"picked":"Heavy Blade+1","floor":10.0},{"not_picked":["Twin Strike+1","Iron Wave+1"],"picked":"Spot Weakness","floor":13.0},{"not_picked":["Shrug It Off","Warcry"],"picked":"Pummel+1","floor":14.0}],"player_experience":1799640,"relics_obtained":[{"floor":6.0,"key":"Letter Opener"},{"floor":8.0,"key":"Dream Catcher"},{"floor":9.0,"key":"Molten Egg 2"}],"event_choices":[{"damage_healed":0.0,"max_hp_gain":0.0,"max_hp_loss":0.0,"gold_gain":0.0,"event_name":"Scrap Ooze","player_choice":"Success","floor":4.0,"gold_loss":0.0,"damage_taken":11.0,"relics_obtained":["Centennial Puzzle"]},{"damage_healed":0.0,"max_hp_gain":0.0,"max_hp_loss":0.0,"gold_gain":75.0,"event_name":"World of Goop","player_choice":"Gather Gold","floor":5.0,"gold_loss":0.0,"damage_taken":11.0},{"damage_healed":0.0,"max_hp_gain":0.0,"max_hp_loss":0.0,"gold_gain":0.0,"event_name":"Shining Light","player_choice":"Ignored","floor":7.0,"gold_loss":0.0,"damage_taken":0.0}],"is_beta":false,"boss_relics":[],"items_purged_floors":[12],"is_endless":false,"potions_floor_spawned":[1,6,8,10],"killed_by":"The Guardian","ascension_level":20}