{"gold_per_floor":[115,133,151,151,40,40,56,56,56,71,96,137,61,61,61,190,190,211,224,224,224,73,112,112,135,161,194,207,228,228,228,228,228],"floor_reached":33,"playtime":3267,"items_purged":["Defend_R"],"score":373,"play_id":"86e109da-e865-4960-973c-03f1b837851a","local_time":"20190630182730","is_ascension_mode":true,"campfire_choices":[{"data":"Armaments","floor":6,"key":"SMITH"},{"data":"Rage","floor":8,"key":"SMITH"},{"data":"Spot Weakness","floor":15,"key":"SMITH"},{"floor":24,"key":"REST"},{"floor":30,"key":"REST"},{"floor":32,"key":"REST"}],"neow_cost":"NONE","seed_source_timestamp":1447216911276325,"circlet_count":0,"master_deck":["Strike_R+1","Strike_R+1","Strike_R+1","Strike_R+1","Strike_R+1","Defend_R+1","Defend_R+1","Defend_R+1","Bash","Pommel Strike","Armaments+1","Rage+1","Flame Barrier","Headbutt","Pommel Strike","Exhume","Flame Barrier","Spot Weakness+1","Double Tap","Perfected Strike+1","Wild Strike+1","Havoc","Anger+1","Blood for Blood","Parasite","Flex+1","Heavy Blade","Pain"],"relics":["Burning Blood","Golden Idol","Shuriken","Blue Candle","Cursed Key","Whetstone","Dodecahedron","Red Skull","Ice Cream","Kunai"],"potions_floor_usage":[3,12,14,19,23,28,28,33],"damage_taken":[{"damage":1,"enemies":"Cultist","floor":1,"turns":3},{"damage":6,"enemies":"2 Louse","floor":2,"turns":3},{"damage":0,"enemies":"Jaw Worm","floor":3,"turns":3},{"damage":0,"enemies":"Blue Slaver","floor":7,"turns":4},{"damage":0,"enemies":"2 Fungi Beasts","floor":10,"turns":5},{"damage":5,"enemies":"Red Slaver","floor":11,"turns":3},{"damage":16,"enemies":"Lagavulin","floor":12,"turns":7},{"damage":0,"enemies":"The Mushroom Lair","floor":14,"turns":2},{"damage":32,"enemies":"Slime Boss","floor":16,"turns":10},{"damage":14,"enemies":"Chosen","floor":18,"turns":5},{"damage":14,"enemies":"Shell Parasite","floor":19,"turns":2},{"damage":39,"enemies":"Slavers","floor":23,"turns":6},{"damage":29,"enemies":"Snake Plant","floor":25,"turns":3},{"damage":35,"enemies":"Gremlin Leader","floor":27,"turns":5},{"damage":2,"enemies":"3 Cultists","floor":28,"turns":5},{"damage":12,"enemies":"Chosen and Byrds","floor":29,"turns":3},{"damage":84,"enemies":"Automaton","floor":33,"turns":6}],"seed_played":"1084814924407174802","potions_obtained":[{"floor":0,"key":"Energy Potion"},{"floor":0,"key":"SmokeBomb"},{"floor":0,"key":"BloodPotion"},{"floor":10,"key":"GamblersBrew"},{"floor":12,"key":"Fruit Juice"},{"floor":16,"key":"SpeedPotion"},{"floor":18,"key":"SkillPotion"},{"floor":27,"key":"Regen Potion"},{"floor":28,"key":"Swift Potion"}],"is_trial":false,"path_per_floor":["M","M","M","?","$","R","M","R","T","M","M","E","$","?","R","B",null,"M","M","?","?","$","E","R","M","T","E","M","M","R","T","R","B"],"character_chosen":"IRONCLAD","items_purchased":["Flame Barrier","Spot Weakness","Whetstone"],"campfire_rested":3,"item_purchase_floors":[5,13,22],"current_hp_per_floor":[77,77,80,60,60,60,66,66,66,72,73,68,68,74,74,48,76,68,60,60,60,60,35,60,37,37,8,26,20,45,45,70,0],"gold":228,"neow_bonus":"THREE_SMALL_POTIONS","is_prod":false,"is_daily":false,"chose_seed":false,"campfire_upgraded":3,"win_rate":0,"timestamp":1561933650,"path_taken":["M","M","?","?","$","R","M","R","T","M","M","E","$","?","R","BOSS","M","M","?","?","$","E","R","M","T","E","M","M","R","?","R","BOSS"],"build_version":"2019-01-23","purchased_purges":1,"victory":false,"max_hp_per_floor":[80,80,80,80,80,80,80,80,80,80,80,85,85,85,85,85,85,85,85,85,85,85,85,85,85,85,85,85,85,85,85,85,85],"card_choices":[{"not_picked":["Dropkick","Perfected Strike"],"picked":"Pommel Strike","floor":1},{"not_picked":["Shrug It Off","Clothesline"],"picked":"Armaments","floor":2},{"not_picked":["Twin Strike","Searing Blow"],"picked":"Rage","floor":3},{"not_picked":["Sentinel","Cleave"],"picked":"Headbutt","floor":7},{"not_picked":["Sword Boomerang","Heavy Blade"],"picked":"Pommel Strike","floor":10},{"not_picked":["Shockwave","Sword Boomerang"],"picked":"Exhume","floor":11},{"not_picked":["Uppercut","Rupture"],"picked":"Flame Barrier","floor":12},{"not_picked":["Brutality","Dark Embrace"],"picked":"Double Tap","floor":16},{"not_picked":["Reckless Charge","Clash+1"],"picked":"Perfected Strike","floor":18},{"not_picked":["Iron Wave","Rupture"],"picked":"Wild Strike","floor":19},{"not_picked":["Armaments","Warcry"],"picked":"Anger+1","floor":23},{"not_picked":["Dual Wield","Thunderclap"],"picked":"Blood for Blood","floor":25},{"not_picked":["Barricade","Reckless Charge"],"picked":"Flex+1","floor":27},{"not_picked":["Armaments","Cleave"],"picked":"Heavy Blade","floor":28},{"not_picked":["Dual Wield","Heavy Blade","Searing Blow"],"picked":"SKIP","floor":29}],"player_experience":320965,"relics_obtained":[{"floor":9,"key":"Shuriken"},{"floor":12,"key":"Blue Candle"},{"floor":23,"key":"Dodecahedron"},{"floor":26,"key":"Red Skull"},{"floor":27,"key":"Ice Cream"},{"floor":31,"key":"Kunai"}],"event_choices":[{"damage_healed":0,"gold_gain":0,"player_choice":"Take Damage","damage_taken":20,"relics_obtained":["Golden Idol"],"max_hp_gain":0,"max_hp_loss":0,"event_name":"Golden Idol","floor":4,"gold_loss":0},{"damage_healed":0,"gold_gain":0,"player_choice":"Fought Mushrooms","damage_taken":0,"max_hp_gain":0,"max_hp_loss":0,"event_name":"Mushrooms","floor":14,"gold_loss":0},{"damage_healed":0,"gold_gain":0,"player_choice":"Read","damage_taken":0,"max_hp_gain":0,"max_hp_loss":0,"event_name":"The Library","floor":20,"gold_loss":0,"cards_obtained":["Havoc"]},{"damage_healed":0,"gold_gain":0,"player_choice":"Simplicity","damage_taken":0,"max_hp_gain":0,"max_hp_loss":0,"event_name":"Back to Basics","floor":21,"gold_loss":0,"cards_upgraded":["Strike_R","Strike_R","Strike_R","Strike_R","Strike_R","Defend_R","Defend_R","Defend_R"]}],"is_beta":false,"boss_relics":[{"not_picked":["Lizard Tail","Tiny House"],"picked":"Cursed Key"}],"items_purged_floors":[5],"is_endless":false,"potions_floor_spawned":[2,10,12,16,18,27,28],"killed_by":"Automaton","ascension_level":6}