{"gold_per_floor":[12,12,25,38,188,188,113,148,171,171,182,182,194,39,39,117,117,131,145,19,37,37],"floor_reached":22,"playtime":1115,"items_purged":["Strike_G","Strike_G"],"score":372,"play_id":"7a56f74d-ff9a-4f16-be4c-2ecc90267c38","local_time":"20190712200151","is_ascension_mode":true,"campfire_choices":[{"data":"Choke","floor":6,"key":"SMITH"},{"data":"Noxious Fumes","floor":10,"key":"SMITH"},{"data":"Well Laid Plans","floor":12,"key":"SMITH"},{"data":"Neutralize","floor":15,"key":"SMITH"}],"neow_cost":"NO_GOLD","seed_source_timestamp":1587646836893102,"circlet_count":0,"master_deck":["AscendersBane","Strike_G","Strike_G","Defend_G","Defend_G","Defend_G","Defend_G","Defend_G","Survivor","Neutralize+1","Well Laid Plans+1","Choke+1","Noxious Fumes+1","Skewer","Noxious Fumes","Night Terror","Cloak And Dagger","Deflect","Slice","Prepared"],"relics":["Ring of the Snake","Blood Vial","Bag of Marbles","Runic Pyramid"],"potions_floor_usage":[21,22,22],"damage_taken":[{"damage":3,"enemies":"Small Slimes","floor":1,"turns":5},{"damage":1,"enemies":"Cultist","floor":3,"turns":4},{"damage":4,"enemies":"Jaw Worm","floor":4,"turns":4},{"damage":31,"enemies":"3 Sentries","floor":8,"turns":17},{"damage":0,"enemies":"3 Louse","floor":11,"turns":5},{"damage":3,"enemies":"Exordium Wildlife","floor":13,"turns":3},{"damage":2,"enemies":"The Guardian","floor":16,"turns":10},{"damage":20,"enemies":"Shell Parasite","floor":18,"turns":9},{"damage":21,"enemies":"Spheric Guardian","floor":19,"turns":6},{"damage":28,"enemies":"Centurion and Healer","floor":21,"turns":8},{"damage":21,"enemies":"Shelled Parasite and Fungi","floor":22,"turns":6}],"seed_played":"6544327860663462838","potions_obtained":[{"floor":1,"key":"PowerPotion"},{"floor":4,"key":"Strength Potion"},{"floor":16,"key":"PowerPotion"},{"floor":21,"key":"Regen Potion"}],"is_trial":false,"path_per_floor":["M","?","M","M","?","R","?","E","T","R","M","R","M","$","R","B",null,"M","M","$","M","M"],"character_chosen":"THE_SILENT","items_purchased":["Noxious Fumes","Slice"],"campfire_rested":0,"item_purchase_floors":[14,20],"current_hp_per_floor":[68,68,67,63,63,63,63,32,32,32,34,34,33,33,33,33,67,49,30,30,4,0],"gold":37,"neow_bonus":"TWENTY_PERCENT_HP_BONUS","is_prod":false,"is_daily":false,"chose_seed":false,"campfire_upgraded":4,"win_rate":0,"timestamp":1562979711,"path_taken":["M","?","?","M","?","R","?","E","T","R","M","R","M","?","R","BOSS","M","M","$","M","M"],"build_version":"2019-07-10","purchased_purges":2,"victory":false,"max_hp_per_floor":[78,78,78,78,78,78,78,78,78,78,78,78,78,78,78,78,78,78,78,78,78,78],"card_choices":[{"not_picked":["Dagger Throw","PiercingWail"],"picked":"Well Laid Plans","floor":1},{"not_picked":["Flechettes","Escape Plan"],"picked":"Choke","floor":3},{"not_picked":["Dodge and Roll","Outmaneuver","Deflect"],"picked":"SKIP","floor":4},{"not_picked":["Backflip","Acrobatics"],"picked":"Noxious Fumes","floor":8},{"not_picked":["Blade Dance","Slice","Setup"],"picked":"SKIP","floor":11},{"not_picked":["Prepared","Sucker Punch"],"picked":"Skewer","floor":13},{"not_picked":["Venomology","Envenom"],"picked":"Night Terror","floor":16},{"not_picked":["Acrobatics","Flying Knee+1"],"picked":"Cloak And Dagger","floor":18},{"not_picked":["Flying Knee","Finisher"],"picked":"Deflect","floor":19},{"not_picked":["Deadly Poison","Quick Slash"],"picked":"Prepared","floor":21}],"player_experience":1691105,"relics_obtained":[{"floor":8,"key":"Blood Vial"},{"floor":9,"key":"Bag of Marbles"}],"event_choices":[{"cards_removed":["Strike_G"],"damage_healed":0,"gold_gain":0,"player_choice":"Purged","damage_taken":0,"max_hp_gain":0,"max_hp_loss":0,"event_name":"Purifier","floor":2,"gold_loss":0},{"damage_healed":0,"gold_gain":150,"player_choice":"AGREE","damage_taken":0,"max_hp_gain":0,"max_hp_loss":0,"event_name":"Liars Game","floor":5,"gold_loss":0,"cards_obtained":["Doubt"]},{"cards_removed":["Doubt"],"damage_healed":0,"gold_gain":0,"player_choice":"Card Removal","damage_taken":0,"max_hp_gain":0,"max_hp_loss":0,"event_name":"The Cleric","floor":7,"gold_loss":75}],"is_beta":true,"boss_relics":[{"not_picked":["Calling Bell","Velvet Choker"],"picked":"Runic Pyramid"}],"items_purged_floors":[14,20],"is_endless":false,"potions_floor_spawned":[1,4,13,16,21],"killed_by":"Shelled Parasite and Fungi","ascension_level":20}