{"gold_per_floor":[113,113,113,113,137,177,177,217,217,63,63,84,54,129,129,248,248,268,268,292,37,37],"floor_reached":22,"playtime":1082,"items_purged":["Pain"],"score":190,"play_id":"8531002c-70f7-4a36-8421-40ddfc018f56","local_time":"20190702142124","is_ascension_mode":false,"campfire_choices":[{"floor":7,"key":"REST"},{"data":"Parasite","floor":15,"key":"PURGE"}],"neow_cost":"","seed_source_timestamp":133131787027895,"circlet_count":0,"master_deck":["Strike_R","Strike_R","Strike_R","Strike_R","Defend_R","Defend_R","Defend_R","Defend_R","Bash","Blood for Blood","Flex","Uppercut","Armaments","Burning Pact","Inflame","Iron Wave","Clash","Dark Embrace","Clumsy","Regret","Dual Wield","Metamorphosis"],"relics":["Burning Blood","Ginger","Golden Idol","Unceasing Top","StoneCalendar","Peace Pipe","Calling Bell","Centennial Puzzle","Darkstone Periapt","Champion Belt","CultistMask"],"potions_floor_usage":[8,8,8,16,20],"damage_taken":[{"damage":8,"enemies":"Jaw Worm","floor":1,"turns":5},{"damage":5,"enemies":"2 Louse","floor":5,"turns":3},{"damage":38,"enemies":"Gremlin Nob","floor":6,"turns":5},{"damage":42,"enemies":"Lagavulin","floor":8,"turns":6},{"damage":1,"enemies":"Cultist","floor":12,"turns":4},{"damage":0,"enemies":"Looter","floor":13,"turns":4},{"damage":24,"enemies":"The Guardian","floor":16,"turns":8},{"damage":49,"enemies":"3 Byrds","floor":18,"turns":7},{"damage":32,"enemies":"Shell Parasite","floor":20,"turns":7},{"damage":11,"enemies":"Snake Plant","floor":22,"turns":1}],"seed_played":"-1055441340122864773","potions_obtained":[{"floor":1,"key":"SkillPotion"},{"floor":5,"key":"Ancient Potion"},{"floor":6,"key":"Swift Potion"},{"floor":16,"key":"Explosive Potion"},{"floor":18,"key":"Weak Potion"}],"is_trial":false,"path_per_floor":["M","?","?","?","M","E","R","E","T","$","?","M","M","?","R","B",null,"M","?","M","$","M"],"character_chosen":"IRONCLAD","items_purchased":["Burning Pact","Inflame","Block Potion","Metamorphosis"],"campfire_rested":1,"item_purchase_floors":[10,10,10,21],"current_hp_per_floor":[78,71,51,51,52,20,44,8,8,8,28,33,39,28,28,10,77,34,34,8,8,0],"gold":37,"neow_bonus":"","is_prod":false,"is_daily":false,"chose_seed":false,"campfire_upgraded":0,"win_rate":0.0,"timestamp":1562041284,"path_taken":["M","?","?","?","?","E","R","E","T","$","?","M","M","?","R","BOSS","M","?","?","$","M"],"build_version":"2019-07-01","purchased_purges":1,"victory":false,"max_hp_per_floor":[80,80,80,80,80,80,80,80,80,80,80,80,80,80,77,77,77,77,77,77,77,77],"card_choices":[{"not_picked":["Thunderclap","Cleave"],"picked":"Blood for Blood","floor":1},{"not_picked":["Cleave","Rupture"],"picked":"Flex","floor":5},{"not_picked":["Intimidate","Barricade"],"picked":"Uppercut","floor":6},{"not_picked":["Second Wind","Clothesline"],"picked":"Armaments","floor":8},{"not_picked":["Cleave","Flex"],"picked":"Iron Wave","floor":12},{"not_picked":["Blood for Blood","Sword Boomerang"],"picked":"Clash","floor":13},{"not_picked":["Reaper","Barricade"],"picked":"Dark Embrace","floor":16},{"not_picked":["Sword Boomerang","Flex","Whirlwind"],"picked":"SKIP","floor":18},{"not_picked":["Armaments","Shockwave"],"picked":"Dual Wield","floor":20}],"player_experience":0,"relics_obtained":[{"floor":6,"key":"Unceasing Top"},{"floor":8,"key":"StoneCalendar"},{"floor":9,"key":"Peace Pipe"},{"floor":17,"key":"Centennial Puzzle"},{"floor":17,"key":"Darkstone Periapt"},{"floor":17,"key":"Champion Belt"}],"event_choices":[{"damage_healed":0,"gold_gain":0,"player_choice":"Success","damage_taken":7,"relics_obtained":["Ginger"],"max_hp_gain":0,"max_hp_loss":0,"event_name":"Scrap Ooze","floor":2,"gold_loss":0},{"damage_healed":0,"gold_gain":0,"player_choice":"Take Damage","damage_taken":20,"relics_obtained":["Golden Idol"],"max_hp_gain":0,"max_hp_loss":0,"event_name":"Golden Idol","floor":3,"gold_loss":0},{"cards_removed":["Strike_R"],"damage_healed":0,"gold_gain":0,"player_choice":"Offered Basic","damage_taken":0,"max_hp_gain":0,"max_hp_loss":0,"event_name":"Bonfire Elementals","floor":4,"gold_loss":0},{"damage_healed":20,"gold_gain":0,"player_choice":"Healed and dodged fight","damage_taken":0,"max_hp_gain":0,"max_hp_loss":0,"event_name":"Mushrooms","floor":11,"gold_loss":0,"cards_obtained":["Parasite"]},{"damage_healed":0,"gold_gain":75,"player_choice":"Gather Gold","damage_taken":11,"max_hp_gain":0,"max_hp_loss":0,"event_name":"World of Goop","floor":14,"gold_loss":0},{"damage_healed":0,"gold_gain":0,"player_choice":"Trade","damage_taken":0,"relics_obtained":["CultistMask"],"max_hp_gain":0,"max_hp_loss":0,"event_name":"FaceTrader","floor":19,"gold_loss":0}],"is_beta":false,"boss_relics":[{"not_picked":["Tiny House","Fusion Hammer"],"picked":"Calling Bell"}],"items_purged_floors":[21],"is_endless":false,"potions_floor_spawned":[1,5,6,16,18],"killed_by":"Snake Plant","ascension_level":0}