{"gold_per_floor":[114,86,86,98,108,141,141,130,130,130,143,157,176,186,186,291,291,308,324,337,337,351,351,365,365,412,427,101,101,116,134,134,134],"floor_reached":33,"playtime":2876,"items_purged":[],"score":257,"play_id":"851449e7-10a9-4fbe-b065-733f40abb9bb","local_time":"20190704121709","is_ascension_mode":false,"campfire_choices":[{"floor":7,"key":"REST"},{"floor":10,"key":"REST"},{"floor":15,"key":"REST"},{"floor":23,"key":"REST"},{"floor":29,"key":"REST"},{"data":"RitualDagger","floor":32,"key":"SMITH"}],"neow_cost":"NONE","seed_source_timestamp":1511606212933300,"circlet_count":0,"master_deck":["Strike_G","Strike_G","Strike_G","Strike_G","Strike_G","Defend_G","Defend_G","Defend_G","Defend_G","Defend_G","Survivor","Neutralize","Phantasmal Killer","Iron Wave","Dagger Spray","Quick Slash","Wraith Form v2","Backflip","Flying Knee","Adrenaline","Deadly Poison","Deadly Poison","Die Die Die","Predator+1","Dash","Noxious Fumes","RitualDagger+1","Noxious Fumes","PiercingWail","Heel Hook","Noxious Fumes","Deadly Poison","Auto Shields+1","FTL+1"],"relics":["Ring of the Snake","Bag of Marbles","Snake Skull","Eternal Feather","Bottled Lightning","Regal Pillow","PrismaticShard"],"potions_floor_usage":[16,20,22,22,33,33,33],"damage_taken":[{"damage":0,"enemies":"Small Slimes","floor":1,"turns":3},{"damage":0,"enemies":"2 Louse","floor":4,"turns":3},{"damage":5,"enemies":"Cultist","floor":5,"turns":4},{"damage":46,"enemies":"Lagavulin","floor":6,"turns":8},{"damage":2,"enemies":"Exordium Thugs","floor":8,"turns":4},{"damage":6,"enemies":"Exordium Wildlife","floor":11,"turns":4},{"damage":14,"enemies":"Red Slaver","floor":12,"turns":3},{"damage":8,"enemies":"Large Slime","floor":13,"turns":5},{"damage":2,"enemies":"Blue Slaver","floor":14,"turns":3},{"damage":39,"enemies":"The Guardian","floor":16,"turns":8},{"damage":5,"enemies":"Chosen","floor":18,"turns":3},{"damage":15,"enemies":"2 Thieves","floor":19,"turns":3},{"damage":21,"enemies":"Snake Plant","floor":20,"turns":4},{"damage":12,"enemies":"Centurion and Healer","floor":22,"turns":4},{"damage":8,"enemies":"Snecko","floor":24,"turns":4},{"damage":11,"enemies":"Snake Plant","floor":27,"turns":4},{"damage":11,"enemies":"Cultist and Chosen","floor":30,"turns":6},{"damage":8,"enemies":"Snecko","floor":31,"turns":4},{"damage":69,"enemies":"Automaton","floor":33,"turns":6}],"seed_played":"5905860236064181363","potions_obtained":[{"floor":6,"key":"Fire Potion"},{"floor":13,"key":"PowerPotion"},{"floor":14,"key":"Energy Potion"},{"floor":18,"key":"GamblersBrew"},{"floor":20,"key":"Block Potion"},{"floor":24,"key":"Dexterity Potion"},{"floor":31,"key":"AttackPotion"}],"is_trial":false,"path_per_floor":["M","?","?","M","M","E","R","M","T","R","M","M","M","M","R","B",null,"M","M","M","?","M","R","M","T","T","M","$","R","M","M","R","B"],"character_chosen":"THE_SILENT","items_purchased":["PrismaticShard","Noxious Fumes","Deadly Poison"],"campfire_rested":5,"item_purchase_floors":[28,28,28],"current_hp_per_floor":[70,70,70,70,65,19,40,38,38,59,53,39,31,29,50,11,70,65,50,29,23,11,47,39,39,39,28,28,70,59,51,69,0],"gold":134,"neow_bonus":"ONE_RANDOM_RARE_CARD","is_prod":false,"is_daily":false,"chose_seed":false,"campfire_upgraded":1,"win_rate":0.0,"timestamp":1562257029,"path_taken":["M","?","?","M","M","E","R","M","T","R","M","M","M","M","R","BOSS","M","M","?","?","M","R","M","?","T","M","$","R","M","?","R","BOSS"],"build_version":"2019-07-01","purchased_purges":0,"victory":false,"max_hp_per_floor":[70,70,70,70,70,70,70,70,70,70,70,70,70,70,70,70,70,70,70,70,70,70,70,70,70,70,70,70,70,70,70,70,70],"card_choices":[{"not_picked":["Deadly Poison","Deflect"],"picked":"PiercingWail","floor":1},{"not_picked":["Poisoned Stab","Leg Sweep"],"picked":"Dagger Spray","floor":4},{"not_picked":["Dagger Throw","Bouncing Flask"],"picked":"Quick Slash","floor":5},{"not_picked":["Infinite Blades","Calculated Gamble"],"picked":"Wraith Form v2","floor":6},{"not_picked":["Bane","Dagger Throw"],"picked":"Backflip","floor":8},{"not_picked":["Masterful Stab","Poisoned Stab"],"picked":"Flying Knee","floor":11},{"not_picked":["Underhanded Strike","Blade Dance"],"picked":"Adrenaline","floor":12},{"not_picked":["Backstab","Blade Dance"],"picked":"Deadly Poison","floor":13},{"not_picked":["Underhanded Strike","Calculated Gamble"],"picked":"Deadly Poison","floor":14},{"not_picked":["Adrenaline","Tools of the Trade"],"picked":"Die Die Die","floor":16},{"not_picked":["Outmaneuver","Acrobatics"],"picked":"Predator+1","floor":18},{"not_picked":["Outmaneuver","Expertise"],"picked":"Dash","floor":19},{"not_picked":["Blade Dance","Quick Slash"],"picked":"Noxious Fumes","floor":20},{"not_picked":["Outmaneuver","Blade Dance+1"],"picked":"Noxious Fumes","floor":22},{"not_picked":["Backflip","Sucker Punch"],"picked":"PiercingWail","floor":24},{"not_picked":["Calculated Gamble","Endless Agony"],"picked":"Heel Hook","floor":27},{"not_picked":["Twin Strike","Dagger Spray"],"picked":"Auto Shields+1","floor":30},{"not_picked":["Blood for Blood","Barricade"],"picked":"FTL+1","floor":31}],"player_experience":28017,"relics_obtained":[{"floor":6,"key":"Bag of Marbles"},{"floor":9,"key":"Snake Skull"},{"floor":25,"key":"Bottled Lightning"},{"floor":26,"key":"Regal Pillow"}],"event_choices":[{"damage_healed":0,"gold_gain":0,"player_choice":"Left Gold","damage_taken":0,"max_hp_gain":0,"max_hp_loss":0,"event_name":"World of Goop","floor":2,"gold_loss":28},{"cards_removed":["PiercingWail"],"damage_healed":0,"gold_gain":0,"player_choice":"Took Card","damage_taken":0,"max_hp_gain":0,"max_hp_loss":0,"event_name":"NoteForYourself","floor":3,"gold_loss":0,"cards_obtained":["Iron Wave"]},{"damage_healed":0,"gold_gain":0,"player_choice":"Joined the Cult","damage_taken":6,"max_hp_gain":0,"max_hp_loss":0,"event_name":"Nest","floor":21,"gold_loss":0,"cards_obtained":["RitualDagger"]}],"is_beta":false,"boss_relics":[{"not_picked":["Empty Cage","HoveringKite"],"picked":"Eternal Feather"}],"items_purged_floors":[],"is_endless":false,"potions_floor_spawned":[6,13,14,18,20,24,31],"killed_by":"Automaton","ascension_level":0}