{"gold_per_floor":[114,114,39,57,69,69,95,108,108,124,24,49,49,60,60,137,137,151,164,180,200,27,27,43,70,70,70,86,106,306,337,337,416,416,426,438,158,158,1157,1192,1192,1224,1247,1247],"floor_reached":44,"playtime":1788,"items_purged":["Pain","Strike_R","Strike_R"],"score":1115,"play_id":"2d6de14e-71f8-497d-ab13-2f085afc63f7","local_time":"20190712131516","is_ascension_mode":true,"campfire_choices":[{"data":"Bash","floor":6,"key":"SMITH"},{"data":"1","floor":13,"key":"LIFT"},{"data":"2","floor":15,"key":"LIFT"},{"data":"Limit Break","floor":23,"key":"SMITH"},{"data":"3","floor":27,"key":"LIFT"},{"floor":32,"key":"REST"},{"floor":41,"key":"REST"}],"neow_cost":"NONE","seed_source_timestamp":1562579087672403,"circlet_count":0,"master_deck":["AscendersBane","Strike_R","Strike_R","Defend_R","Defend_R+1","Defend_R","Defend_R","Bash+1","Sword Boomerang","Pommel Strike","Anger","Shrug It Off","True Grit+1","Heavy Blade","Limit Break+1","Evolve","Clothesline+1","Thunderclap","Spot Weakness","Power Through","Impervious","Cleave+1","Warcry+1","Disarm","Combust","Whirlwind","Corruption","Pain"],"relics":["Burning Blood","NeowsBlessing","WarpedTongs","Strawberry","Pear","Girya","Cursed Key","Red Skull","Ancient Tea Set","War Paint","Omamori","Empty Cage","Art of War","Juzu Bracelet"],"potions_floor_usage":[7,12,31,31],"damage_taken":[{"damage":0,"enemies":"Small Slimes","floor":1,"turns":1},{"damage":0,"enemies":"Cultist","floor":4,"turns":1},{"damage":0,"enemies":"Jaw Worm","floor":5,"turns":1},{"damage":50,"enemies":"3 Sentries","floor":7,"turns":7},{"damage":3,"enemies":"Blue Slaver","floor":8,"turns":3},{"damage":15,"enemies":"Exordium Thugs","floor":10,"turns":6},{"damage":32,"enemies":"Gremlin Nob","floor":12,"turns":4},{"damage":9,"enemies":"Lots of Slimes","floor":14,"turns":5},{"damage":12,"enemies":"The Guardian","floor":16,"turns":13},{"damage":10,"enemies":"2 Thieves","floor":18,"turns":4},{"damage":0,"enemies":"Chosen","floor":19,"turns":2},{"damage":20,"enemies":"Centurion and Healer","floor":20,"turns":6},{"damage":25,"enemies":"Snake Plant","floor":21,"turns":4},{"damage":3,"enemies":"3 Cultists","floor":24,"turns":4},{"damage":18,"enemies":"Book of Stabbing","floor":25,"turns":4},{"damage":13,"enemies":"Cultist and Chosen","floor":28,"turns":4},{"damage":2,"enemies":"Sentry and Sphere","floor":29,"turns":3},{"damage":37,"enemies":"Slavers","floor":31,"turns":4},{"damage":36,"enemies":"Collector","floor":33,"turns":6},{"damage":11,"enemies":"Orb Walker","floor":35,"turns":3},{"damage":4,"enemies":"3 Darklings","floor":36,"turns":6},{"damage":56,"enemies":"Giant Head","floor":40,"turns":6},{"damage":30,"enemies":"Nemesis","floor":42,"turns":5},{"damage":53,"enemies":"Reptomancer","floor":44,"turns":5}],"seed_played":"-4534677111068134013","potions_obtained":[{"floor":4,"key":"Poison Potion"},{"floor":5,"key":"Regen Potion"},{"floor":8,"key":"BloodPotion"},{"floor":16,"key":"GamblersBrew"},{"floor":19,"key":"Explosive Potion"},{"floor":24,"key":"AttackPotion"},{"floor":25,"key":"SpeedPotion"},{"floor":28,"key":"PowerPotion"},{"floor":35,"key":"FairyPotion"},{"floor":36,"key":"Ancient Potion"}],"is_trial":false,"path_per_floor":["M","?","$","M","M","R","E","M","T","M","$","E","R","M","R","B",null,"M","M","M","M","$","R","M","E","T","R","M","M","?","E","R","B",null,"M","M","$","?","?","E","R","E","T","E"],"character_chosen":"IRONCLAD","items_purchased":["Red Skull","Disarm","Combust"],"campfire_rested":2,"item_purchase_floors":[22,37,37],"current_hp_per_floor":[74,74,74,75,75,75,53,56,66,57,57,31,31,28,28,22,75,71,77,63,44,44,44,47,35,35,35,28,32,32,24,51,21,74,69,71,71,71,71,21,48,24,24,0],"gold":1247,"neow_bonus":"THREE_ENEMY_KILL","is_prod":false,"is_daily":false,"chose_seed":false,"campfire_upgraded":2,"win_rate":0,"timestamp":1562955316,"path_taken":["M","?","$","?","M","R","E","M","T","?","?","E","R","M","R","BOSS","M","M","M","M","$","R","?","E","T","R","M","M","?","E","R","BOSS","M","?","$","?","?","E","R","E","T","E"],"build_version":"2019-07-10","purchased_purges":3,"victory":false,"max_hp_per_floor":[75,75,75,75,75,75,82,82,92,92,92,92,92,92,92,92,92,92,92,92,92,92,92,92,92,92,92,92,92,92,92,92,92,92,92,92,92,92,92,92,92,92,92,92],"card_choices":[{"not_picked":["Clash","Wild Strike"],"picked":"Sword Boomerang","floor":1},{"not_picked":["Heavy Blade","Evolve"],"picked":"Pommel Strike","floor":4},{"not_picked":["Perfected Strike","Heavy Blade"],"picked":"Anger","floor":5},{"not_picked":["Pommel Strike","True Grit"],"picked":"Shrug It Off","floor":7},{"not_picked":["Burning Pact","Twin Strike"],"picked":"True Grit","floor":8},{"not_picked":["Reckless Charge","Pommel Strike","Entrench"],"picked":"SKIP","floor":10},{"not_picked":["Clash","Barricade","Body Slam"],"picked":"SKIP","floor":12},{"not_picked":["Anger","Havoc"],"picked":"Heavy Blade","floor":14},{"not_picked":["Barricade","Demon Form"],"picked":"Limit Break","floor":16},{"not_picked":["Heavy Blade","Body Slam"],"picked":"Shrug It Off","floor":18},{"not_picked":["Fire Breathing","Second Wind"],"picked":"Evolve","floor":19},{"not_picked":["Searing Blow","Warcry"],"picked":"Clothesline+1","floor":20},{"not_picked":["Dual Wield","Clothesline"],"picked":"Thunderclap","floor":21},{"not_picked":["Reckless Charge","Thunderclap"],"picked":"Spot Weakness","floor":24},{"not_picked":["Clash","Hemokinesis","Armaments"],"picked":"SKIP","floor":25},{"not_picked":["Clothesline","Heavy Blade","Sentinel"],"picked":"SKIP","floor":28},{"not_picked":["Armaments","Demon Form"],"picked":"Power Through","floor":29},{"not_picked":["Wild Strike","Havoc","Pommel Strike+1"],"picked":"SKIP","floor":31},{"not_picked":["Juggernaut","Double Tap"],"picked":"Impervious","floor":33},{"not_picked":["Wild Strike","Havoc"],"picked":"Cleave+1","floor":35},{"not_picked":["Clash","Infernal Blade"],"picked":"Warcry+1","floor":36},{"not_picked":["Body Slam","Clothesline"],"picked":"Whirlwind","floor":40},{"not_picked":["Spot Weakness","Intimidate+1"],"picked":"Corruption","floor":42}],"player_experience":1666410,"relics_obtained":[{"floor":7,"key":"Strawberry"},{"floor":9,"key":"Pear"},{"floor":12,"key":"Girya"},{"floor":25,"key":"Ancient Tea Set"},{"floor":26,"key":"War Paint"},{"floor":31,"key":"Omamori"},{"floor":40,"key":"Art of War"},{"floor":42,"key":"Juzu Bracelet"}],"event_choices":[{"damage_healed":0,"gold_gain":0,"player_choice":"Rummage","damage_taken":0,"relics_obtained":["WarpedTongs"],"max_hp_gain":0,"max_hp_loss":0,"event_name":"Accursed Blacksmith","floor":2,"gold_loss":0,"cards_obtained":["Pain"]},{"damage_healed":0,"gold_gain":200,"player_choice":"Gold","damage_taken":0,"max_hp_gain":0,"max_hp_loss":0,"event_name":"Wheel of Change","floor":30,"gold_loss":0},{"cards_removed":["Shrug It Off"],"damage_healed":0,"gold_gain":0,"player_choice":"Removed Skill","damage_taken":0,"max_hp_gain":0,"max_hp_loss":0,"event_name":"Falling","floor":38,"gold_loss":0},{"damage_healed":0,"gold_gain":999,"player_choice":"Gold","damage_taken":0,"max_hp_gain":0,"max_hp_loss":0,"event_name":"MindBloom","floor":39,"gold_loss":0,"cards_obtained":["Normality","Normality"]}],"is_beta":true,"boss_relics":[{"not_picked":["Runic Cube","Orrery"],"picked":"Cursed Key"},{"not_picked":["Tiny House","Lizard Tail"],"picked":"Empty Cage"}],"items_purged_floors":[3,11,37],"is_endless":false,"potions_floor_spawned":[4,5,8,16,19,24,25,28,35,36],"killed_by":"Reptomancer","ascension_level":20}