{"gold_per_floor":[116,116,116,132,143,143,176,176,199,66,80,106,119,131,131,234,234,248,154,154,173,193,193,46,46,46,46,75,75,102,102,102,102],"floor_reached":33,"playtime":4003,"items_purged":[],"score":318,"play_id":"77e6ecf8-3fc1-4d78-b6dc-c320f4de10d9","local_time":"20190627215817","is_ascension_mode":false,"campfire_choices":[{"data":"Double Tap","floor":6,"key":"SMITH"},{"floor":8,"key":"REST"},{"data":"1","floor":15,"key":"LIFT"},{"floor":23,"key":"REST"},{"data":"2","floor":25,"key":"LIFT"},{"data":"3","floor":27,"key":"LIFT"},{"floor":32,"key":"REST"}],"neow_cost":"NONE","seed_source_timestamp":975218439205,"circlet_count":0,"master_deck":["Strike_R","Strike_R","Strike_R","Strike_R","Strike_R","Defend_R","Defend_R","Defend_R","Defend_R","Bash+1","Whirlwind","Anger","Double Tap+1","Battle Trance","Flame Barrier","Cleave","Shrug It Off","Seeing Red","Intimidate","Carnage","Body Slam","Feed","Infernal Blade","Shrug It Off","Cleave","Metallicize","Clothesline","Burning Pact+1","Metallicize","Headbutt","Blood for Blood","Inflame","Dramatic Entrance","Iron Wave","Twin Strike","Reaper"],"relics":["Burning Blood","Happy Flower","Oddly Smooth Stone","Girya","Orrery","Paper Frog","Question Card","Anchor"],"potions_floor_usage":[7,16,16,16,18,22,30],"damage_taken":[{"damage":1,"enemies":"Jaw Worm","floor":1,"turns":6},{"damage":0,"enemies":"2 Louse","floor":4,"turns":2},{"damage":1,"enemies":"Cultist","floor":5,"turns":3},{"damage":25,"enemies":"Gremlin Nob","floor":7,"turns":4},{"damage":3,"enemies":"Blue Slaver","floor":11,"turns":5},{"damage":15,"enemies":"Lagavulin","floor":12,"turns":6},{"damage":0,"enemies":"Large Slime","floor":13,"turns":6},{"damage":8,"enemies":"3 Louse","floor":14,"turns":4},{"damage":16,"enemies":"Slime Boss","floor":16,"turns":9},{"damage":17,"enemies":"Spheric Guardian","floor":18,"turns":4},{"damage":20,"enemies":"Shell Parasite","floor":21,"turns":8},{"damage":1,"enemies":"Snecko","floor":22,"turns":4},{"damage":56,"enemies":"Book of Stabbing","floor":28,"turns":8},{"damage":27,"enemies":"Gremlin Leader","floor":30,"turns":5},{"damage":47,"enemies":"Champ","floor":33,"turns":6}],"seed_played":"-811627860084097862","potions_obtained":[{"floor":0,"key":"Strength Potion"},{"floor":0,"key":"Regen Potion"},{"floor":0,"key":"BloodPotion"},{"floor":1,"key":"Swift Potion"},{"floor":5,"key":"Explosive Potion"},{"floor":14,"key":"SteroidPotion"},{"floor":16,"key":"SkillPotion"},{"floor":18,"key":"Energy Potion"},{"floor":21,"key":"Swift Potion"}],"is_trial":false,"path_per_floor":["M","?","?","M","M","R","E","R","T","$","M","E","M","M","R","B",null,"M","$","?","M","M","R","$","R","T","R","E","?","E","?","R","B"],"character_chosen":"IRONCLAD","items_purchased":["Flame Barrier","Cleave","Shrug It Off","Metallicize","Headbutt","Dramatic Entrance","Iron Wave"],"campfire_rested":3,"item_purchase_floors":[10,10,10,19,19,24,24],"current_hp_per_floor":[80,80,80,80,80,80,61,80,80,80,80,71,77,75,75,73,80,69,69,69,55,60,80,80,80,80,80,30,30,9,9,33,0],"gold":102,"neow_bonus":"THREE_SMALL_POTIONS","is_prod":false,"is_daily":false,"chose_seed":false,"campfire_upgraded":1,"win_rate":0.0,"timestamp":1561669097,"path_taken":["M","?","?","M","M","R","E","R","T","$","M","E","M","M","R","BOSS","M","$","?","M","M","R","$","R","T","R","E","?","E","?","R","BOSS"],"build_version":"2019-01-23","purchased_purges":0,"victory":false,"max_hp_per_floor":[80,80,80,80,80,80,80,80,80,80,80,80,80,80,80,80,80,80,80,80,80,80,80,80,80,80,80,80,80,80,80,80,80],"card_choices":[{"not_picked":["Shrug It Off","Bloodletting"],"picked":"Whirlwind","floor":1},{"not_picked":["Infernal Blade","Perfected Strike"],"picked":"Anger","floor":4},{"not_picked":["Whirlwind","Armaments"],"picked":"Double Tap","floor":5},{"not_picked":["Headbutt","Fire Breathing"],"picked":"Battle Trance","floor":7},{"not_picked":["Sword Boomerang","Whirlwind"],"picked":"Seeing Red","floor":11},{"not_picked":["Entrench","Cleave"],"picked":"Intimidate","floor":12},{"not_picked":["Headbutt","True Grit"],"picked":"Carnage","floor":13},{"not_picked":["Ghostly Armor","True Grit"],"picked":"Body Slam","floor":14},{"not_picked":["Offering","Dark Embrace"],"picked":"Feed","floor":16},{"not_picked":["Flex","Twin Strike"],"picked":"Infernal Blade","floor":17},{"not_picked":["Clothesline","True Grit"],"picked":"Shrug It Off","floor":17},{"not_picked":["Perfected Strike","Body Slam"],"picked":"Cleave","floor":17},{"not_picked":["Clash","Flame Barrier"],"picked":"Metallicize","floor":17},{"not_picked":["Dark Embrace","Warcry"],"picked":"Clothesline","floor":17},{"not_picked":["Clothesline","Sever Soul"],"picked":"Burning Pact+1","floor":18},{"not_picked":["Reckless Charge","Dropkick"],"picked":"Blood for Blood","floor":21},{"not_picked":["Clothesline","Hemokinesis"],"picked":"Inflame","floor":22},{"not_picked":["Double Tap","Hemokinesis"],"picked":"Twin Strike","floor":28},{"not_picked":["Sever Soul","Entrench","Infernal Blade"],"picked":"Reaper","floor":30}],"player_experience":4587,"relics_obtained":[{"floor":7,"key":"Happy Flower"},{"floor":9,"key":"Oddly Smooth Stone"},{"floor":12,"key":"Girya"},{"floor":26,"key":"Paper Frog"},{"floor":28,"key":"Question Card"},{"floor":30,"key":"Anchor"}],"event_choices":[{"damage_healed":0,"gold_gain":0,"player_choice":"Grow","damage_taken":0,"max_hp_gain":0,"max_hp_loss":0,"event_name":"Living Wall","floor":2,"gold_loss":0,"cards_upgraded":["Bash"]},{"damage_healed":0,"gold_gain":0,"player_choice":"Ignored","damage_taken":0,"max_hp_gain":0,"max_hp_loss":0,"event_name":"Liars Game","floor":3,"gold_loss":0},{"damage_healed":0,"gold_gain":0,"player_choice":"Ignored","damage_taken":0,"max_hp_gain":0,"max_hp_loss":0,"event_name":"Vampires","floor":20,"gold_loss":0},{"damage_healed":0,"gold_gain":0,"player_choice":"Ignored","damage_taken":0,"max_hp_gain":0,"max_hp_loss":0,"event_name":"The Mausoleum","floor":31,"gold_loss":0}],"is_beta":false,"boss_relics":[{"not_picked":["Busted Crown","Philosopher\u0027s Stone"],"picked":"Orrery"}],"items_purged_floors":[],"is_endless":false,"potions_floor_spawned":[1,5,14,16,18,21],"killed_by":"Champ","ascension_level":0}