{"gold_per_floor":[118,43,63,83,101,129,129,158,158,158,173,206,43,72,72,143,143,158,176,186,186],"floor_reached":21,"playtime":1241,"items_purged":["Strike_G"],"score":472,"play_id":"50dab143-d1c2-43ac-988b-249b1f6eb1a7","local_time":"20190613225849","is_ascension_mode":true,"campfire_choices":[{"floor":7,"key":"REST"},{"floor":10,"key":"REST"},{"data":"Catalyst","floor":15,"key":"SMITH"}],"neow_cost":"NONE","seed_source_timestamp":1361154552887255,"circlet_count":0,"master_deck":["AscendersBane","Defend_G","Defend_G","Defend_G","Defend_G","Defend_G","Strike_G","Strike_G","Strike_G","Strike_G","Survivor","Neutralize","Infinite Blades","Poisoned Stab","After Image","Catalyst+1","All Out Attack","Burst","Backflip","Footwork","Well Laid Plans","Leg Sweep","Backflip","PiercingWail","Poisoned Stab+1"],"special_seed":0,"relics":["Ring of the Snake","NeowsBlessing","Bottled Tornado","Pantograph","Snake Skull","Question Card","Sozu"],"potions_floor_usage":[8,14,14,20],"damage_taken":[{"damage":0.0,"enemies":"Cultist","floor":1.0,"turns":1.0},{"damage":0.0,"enemies":"Jaw Worm","floor":3.0,"turns":1.0},{"damage":0.0,"enemies":"2 Louse","floor":4.0,"turns":1.0},{"damage":9.0,"enemies":"Large Slime","floor":5.0,"turns":6.0},{"damage":19.0,"enemies":"Lagavulin","floor":6.0,"turns":7.0},{"damage":33,"enemies":"Gremlin Nob","floor":8,"turns":5},{"damage":14,"enemies":"Lots of Slimes","floor":11,"turns":4},{"damage":16,"enemies":"3 Sentries","floor":12,"turns":9},{"damage":0,"enemies":"Lagavulin","floor":14,"turns":11},{"damage":14,"enemies":"Hexaghost","floor":16,"turns":7},{"damage":1,"enemies":"Shell Parasite","floor":18,"turns":8},{"damage":33,"enemies":"3 Byrds","floor":19,"turns":8},{"damage":17,"enemies":"Cultist and Chosen","floor":20,"turns":10},{"damage":7,"enemies":"3 Cultists","floor":21,"turns":3}],"seed_played":"2097843649284407927","potions_obtained":[{"floor":3.0,"key":"Explosive Potion"},{"floor":4.0,"key":"PowerPotion"},{"floor":12,"key":"Swift Potion"},{"floor":16,"key":"AttackPotion"}],"is_trial":false,"path_per_floor":["M","$","M","M","M","E","R","E","T","R","M","E","$","E","R","B",null,"M","M","M","M"],"character_chosen":"THE_SILENT","items_purchased":["EssenceOfSteel","Well Laid Plans"],"campfire_rested":2,"item_purchase_floors":[13,13],"current_hp_per_floor":[59,59,59,59,50,31,50,17,17,36,22,6,6,6,6,17,54,53,20,3,0],"gold":186,"neow_bonus":"THREE_ENEMY_KILL","is_prod":false,"is_daily":false,"chose_seed":false,"campfire_upgraded":1,"win_rate":0,"timestamp":1560484729,"path_taken":["M","$","M","?","M","E","R","E","T","R","M","E","$","E","R","BOSS","M","M","M","?"],"build_version":"2019-01-23","purchased_purges":1,"victory":false,"max_hp_per_floor":[66,66,66,66,66,66,66,66,66,66,66,66,66,66,66,66,66,66,66,66,66],"card_choices":[{"not_picked":["Dagger Spray","Flying Knee"],"picked":"Infinite Blades","floor":1.0},{"not_picked":["Flying Knee","Slice"],"picked":"Poisoned Stab","floor":3.0},{"not_picked":["Dash","Sucker Punch"],"picked":"After Image","floor":4.0},{"not_picked":["Terror","Slice"],"picked":"Catalyst","floor":5.0},{"not_picked":["Underhanded Strike","Dodge and Roll"],"picked":"All Out Attack","floor":6},{"not_picked":["Blade Dance","Underhanded Strike"],"picked":"Burst","floor":8},{"not_picked":["Acrobatics","Eviscerate"],"picked":"Backflip","floor":11},{"not_picked":["Distraction","Flying Knee"],"picked":"Footwork","floor":12},{"not_picked":["Blur","Terror"],"picked":"Leg Sweep","floor":14},{"not_picked":["Backstab","Slice","Bane"],"picked":"Backflip","floor":18},{"not_picked":["Endless Agony","Choke","Eviscerate"],"picked":"PiercingWail","floor":19},{"not_picked":["Reflex","Cloak And Dagger","Blur+1"],"picked":"Poisoned Stab+1","floor":20}],"player_experience":1770128,"relics_obtained":[{"floor":8,"key":"Bottled Tornado"},{"floor":9,"key":"Pantograph"},{"floor":12,"key":"Snake Skull"},{"floor":14,"key":"Question Card"}],"event_choices":[],"is_beta":false,"boss_relics":[{"not_picked":["Empty Cage","Philosopher\u0027s Stone"],"picked":"Sozu"}],"items_purged_floors":[2],"is_endless":false,"potions_floor_spawned":[3,4,12,16,18],"killed_by":"3 Cultists","ascension_level":20}