{"gold_per_floor":[116,116,131,131,281,307,322,322,322,322,354,354,0,17,17,94,94,106,118,168,168,5,5,38,51,51,51],"floor_reached":27,"playtime":875,"items_purged":["Doubt"],"score":528,"play_id":"ad634c63-1bd0-4ab5-86f1-685f69aaa42e","local_time":"20190609230613","is_ascension_mode":true,"campfire_choices":[{"data":"Bash","floor":8,"key":"SMITH"},{"data":"Offering","floor":10,"key":"SMITH"},{"data":"Pommel Strike","floor":12,"key":"SMITH"},{"data":"Anger","floor":15,"key":"SMITH"},{"data":"Armaments","floor":23,"key":"SMITH"}],"neow_cost":"NONE","seed_source_timestamp":1016373548603782,"circlet_count":0,"master_deck":["AscendersBane","Strike_R","Strike_R","Strike_R","Strike_R","Strike_R","Defend_R+1","Defend_R+1","Defend_R","Defend_R","Bash+1","Headbutt","Offering+1","Pommel Strike+1","Iron Wave","Shrug It Off","Metallicize","Shrug It Off","Armaments+1","Anger+1","Juggernaut","True Grit","True Grit","Burning Pact","Clothesline+1"],"relics":["Burning Blood","NeowsBlessing","The Courier","Lantern","Question Card","Singing Bowl","Membership Card","War Paint","Philosopher\u0027s Stone","PreservedInsect","Self Forming Clay","Molten Egg 2","Bottled Lightning"],"potions_floor_usage":[16,24,25,27],"damage_taken":[{"damage":0,"enemies":"Small Slimes","floor":1,"turns":1},{"damage":0,"enemies":"2 Louse","floor":3,"turns":1},{"damage":0,"enemies":"Gremlin Nob","floor":6,"turns":1},{"damage":6,"enemies":"Cultist","floor":7,"turns":2},{"damage":41,"enemies":"Lagavulin","floor":11,"turns":7},{"damage":0,"enemies":"Exordium Wildlife","floor":14,"turns":3},{"damage":53,"enemies":"Hexaghost","floor":16,"turns":10},{"damage":15,"enemies":"Chosen","floor":18,"turns":4},{"damage":13,"enemies":"Shell Parasite","floor":19,"turns":4},{"damage":18,"enemies":"Slavers","floor":24,"turns":4},{"damage":43,"enemies":"Chosen and Byrds","floor":25,"turns":8},{"damage":12,"enemies":"Centurion and Healer","floor":27,"turns":3}],"seed_played":"-2459442185034107502","potions_obtained":[{"floor":14,"key":"Regen Potion"},{"floor":16,"key":"Strength Potion"},{"floor":18,"key":"BloodPotion"},{"floor":25,"key":"AttackPotion"}],"is_trial":false,"path_per_floor":["M","?","M","?","?","E","M","R","T","R","E","R","$","M","R","B",null,"M","M","?","?","$","R","E","M","T","M"],"character_chosen":"IRONCLAD","items_purchased":["Membership Card","Metallicize","War Paint","Shrug It Off","Armaments","PreservedInsect","Self Forming Clay"],"campfire_rested":0,"item_purchase_floors":[13,13,13,13,13,22,22],"current_hp_per_floor":[74,79,80,69,69,75,75,75,75,75,40,40,40,46,46,14,64,55,48,48,48,48,48,36,7,7,0],"gold":51,"neow_bonus":"THREE_ENEMY_KILL","is_prod":false,"is_daily":false,"chose_seed":false,"campfire_upgraded":5,"win_rate":0,"timestamp":1560139573,"path_taken":["M","?","M","?","?","E","M","R","T","R","E","R","$","M","R","BOSS","M","M","?","?","$","R","E","M","T","M"],"build_version":"2019-01-23","purchased_purges":1,"victory":false,"max_hp_per_floor":[75,80,80,80,80,80,80,80,80,80,80,80,80,80,80,80,80,80,80,80,80,80,80,80,80,80,80],"card_choices":[{"not_picked":["Perfected Strike","Havoc"],"picked":"Headbutt","floor":1},{"not_picked":["Warcry","Flex"],"picked":"Offering","floor":3},{"not_picked":["Heavy Blade","Cleave"],"picked":"Pommel Strike","floor":6},{"not_picked":["Sword Boomerang","Clash"],"picked":"Iron Wave","floor":7},{"not_picked":["Dark Embrace","Armaments","Heavy Blade"],"picked":"Shrug It Off","floor":11},{"not_picked":["Havoc","Sword Boomerang","Power Through"],"picked":"Anger","floor":14},{"not_picked":["Limit Break","Fiend Fire","Bludgeon"],"picked":"Juggernaut","floor":16},{"not_picked":["Headbutt","Clash","Thunderclap+1"],"picked":"True Grit","floor":18},{"not_picked":["Thunderclap+1","Second Wind","Wild Strike"],"picked":"True Grit","floor":19},{"not_picked":["Seeing Red","Clash","Intimidate"],"picked":"Burning Pact","floor":24},{"not_picked":["Cleave+1","Searing Blow+1","Anger+1"],"picked":"Clothesline+1","floor":25}],"player_experience":1747629,"relics_obtained":[{"floor":6,"key":"Lantern"},{"floor":9,"key":"Question Card"},{"floor":11,"key":"Singing Bowl"},{"floor":24,"key":"Molten Egg 2"},{"floor":26,"key":"Bottled Lightning"}],"event_choices":[{"damage_healed":0,"gold_gain":0,"player_choice":"Donut","damage_taken":0,"max_hp_gain":5,"max_hp_loss":0,"event_name":"Big Fish","floor":2,"gold_loss":0},{"damage_healed":0,"gold_gain":0,"player_choice":"Success","damage_taken":11,"relics_obtained":["The Courier"],"max_hp_gain":0,"max_hp_loss":0,"event_name":"Scrap Ooze","floor":4,"gold_loss":0},{"damage_healed":0,"gold_gain":150,"player_choice":"AGREE","damage_taken":0,"max_hp_gain":0,"max_hp_loss":0,"event_name":"Liars Game","floor":5,"gold_loss":0,"cards_obtained":["Doubt"]},{"damage_healed":0,"gold_gain":50,"player_choice":"Stole From Cult","damage_taken":0,"max_hp_gain":0,"max_hp_loss":0,"event_name":"Nest","floor":20,"gold_loss":0},{"damage_healed":0,"gold_gain":0,"player_choice":"0 cards matched","damage_taken":0,"max_hp_gain":0,"max_hp_loss":0,"event_name":"Match and Keep!","floor":21,"gold_loss":0,"cards_obtained":[]}],"is_beta":false,"boss_relics":[{"not_picked":["Black Star","Coffee Dripper"],"picked":"Philosopher\u0027s Stone"}],"items_purged_floors":[13],"is_endless":false,"potions_floor_spawned":[14,16,18,25],"killed_by":"Centurion and Healer","ascension_level":20}