{"gold_per_floor":[13,13,32,32,32,43,73,73,73,73,138,153,163,177,177,277,277,293,293,68,83,83,83,83,83,108,108,33,33,47,79,79,178,178,194,210,56,107,107],"floor_reached":39,"playtime":2105,"items_purged":["Shame"],"score":422,"play_id":"a98fc695-f72c-456a-bfa6-ce229628ef83","local_time":"20190709154607","is_ascension_mode":false,"campfire_choices":[{"data":"Night Terror","floor":8,"key":"SMITH"},{"data":"Deadly Poison","floor":10,"key":"SMITH"},{"data":"Bouncing Flask","floor":15,"key":"SMITH"},{"data":"Noxious Fumes","floor":23,"key":"SMITH"},{"data":"RitualDagger","floor":27,"key":"SMITH"},{"data":"Envenom","floor":29,"key":"SMITH"},{"data":"Catalyst","floor":32,"key":"SMITH"}],"neow_cost":"NO_GOLD","seed_source_timestamp":856721966470855,"circlet_count":0,"master_deck":["Strike_G","Strike_G","Defend_G+1","Defend_G","Defend_G+1","Defend_G+1","Survivor","Neutralize","Backflip+1","All Out Attack","Endless Agony","Night Terror+1","Deadly Poison+1","Bouncing Flask","PiercingWail","Catalyst+1","Bouncing Flask+1","Envenom+1","Deadly Poison","Noxious Fumes+1","Secret Technique","RitualDagger+1","Venomology","Adrenaline","Acrobatics","Bouncing Flask+1","Dodge and Roll+1"],"relics":["Ring of the Snake","War Paint","Blood Vial","Cursed Key","Snake Skull","Juzu Bracelet","Runic Dome","Lantern","Calipers"],"potions_floor_usage":[7,7,16,21,33,36,39],"damage_taken":[{"damage":0,"enemies":"2 Louse","floor":1,"turns":2},{"damage":0,"enemies":"Jaw Worm","floor":3,"turns":6},{"damage":0,"enemies":"Small Slimes","floor":6,"turns":3},{"damage":30,"enemies":"Gremlin Nob","floor":7,"turns":5},{"damage":16,"enemies":"3 Sentries","floor":11,"turns":6},{"damage":7,"enemies":"Blue Slaver","floor":12,"turns":4},{"damage":0,"enemies":"3 Louse","floor":13,"turns":2},{"damage":1,"enemies":"2 Fungi Beasts","floor":14,"turns":3},{"damage":1,"enemies":"The Guardian","floor":16,"turns":6},{"damage":2,"enemies":"Shell Parasite","floor":18,"turns":4},{"damage":0,"enemies":"3 Byrds","floor":21,"turns":5},{"damage":0,"enemies":"Centurion and Healer","floor":30,"turns":4},{"damage":23,"enemies":"Book of Stabbing","floor":31,"turns":5},{"damage":20,"enemies":"Collector","floor":33,"turns":6},{"damage":10,"enemies":"Orb Walker","floor":35,"turns":2},{"damage":27,"enemies":"3 Darklings","floor":36,"turns":4},{"damage":41,"enemies":"2 Orb Walkers","floor":38,"turns":4},{"damage":5,"enemies":"Mind Bloom Boss Battle","floor":39,"turns":4}],"seed_played":"8378562464820556702","potions_obtained":[{"floor":1,"key":"Block Potion"},{"floor":3,"key":"Explosive Potion"},{"floor":7,"key":"Dexterity Potion"},{"floor":11,"key":"Poison Potion"},{"floor":14,"key":"Block Potion"},{"floor":18,"key":"Fire Potion"},{"floor":31,"key":"SpeedPotion"}],"is_trial":false,"path_per_floor":["M","?","M","?","$","M","E","R","T","R","?","M","M","M","R","B",null,"M","?","$","M","?","R","?","?","T","R","$","R","M","E","R","B",null,"M","M","$","?","?"],"character_chosen":"THE_SILENT","items_purchased":["Noxious Fumes","Secret Technique","Lantern"],"campfire_rested":0,"item_purchase_floors":[20,20,37],"current_hp_per_floor":[70,70,70,56,56,56,26,26,26,26,10,5,7,8,8,9,70,68,68,68,70,57,57,57,51,51,51,51,51,53,32,32,14,75,65,40,40,1,0],"gold":107,"neow_bonus":"TRANSFORM_TWO_CARDS","is_prod":false,"is_daily":false,"chose_seed":false,"campfire_upgraded":7,"win_rate":0,"timestamp":1562654767,"path_taken":["M","?","M","?","?","M","E","R","T","R","?","M","M","?","R","BOSS","M","?","$","M","?","R","?","?","T","R","?","R","?","E","R","BOSS","M","M","?","?","?"],"build_version":"2019-07-05","purchased_purges":1,"victory":false,"max_hp_per_floor":[70,70,70,70,70,70,70,70,70,70,70,70,70,70,70,70,70,70,70,70,70,75,75,75,75,75,75,75,75,75,75,75,75,75,75,75,75,75,75],"card_choices":[{"not_picked":["Flying Knee","Cloak And Dagger"],"picked":"Endless Agony","floor":1},{"not_picked":["Bane","Flechettes","Underhanded Strike"],"picked":"SKIP","floor":3},{"not_picked":["Tactician","Prepared"],"picked":"Deadly Poison","floor":6},{"not_picked":["Outmaneuver","Dagger Throw","Accuracy"],"picked":"SKIP","floor":7},{"not_picked":["Caltrops","Deflect"],"picked":"Bouncing Flask","floor":11},{"not_picked":["Dagger Throw","Deadly Poison"],"picked":"PiercingWail","floor":12},{"not_picked":["Masterful Stab","Predator"],"picked":"Catalyst","floor":13},{"not_picked":["Quick Slash","Terror"],"picked":"Bouncing Flask","floor":14},{"not_picked":["Glass Knife","Unload"],"picked":"Envenom","floor":16},{"not_picked":["Flying Knee","Prepared"],"picked":"Deadly Poison","floor":18},{"not_picked":["Flying Knee","Blade Dance","Accuracy"],"picked":"SKIP","floor":21},{"not_picked":["Underhanded Strike","Outmaneuver","Slice+1"],"picked":"SKIP","floor":30},{"not_picked":["Distraction","Bane"],"picked":"Venomology","floor":31},{"not_picked":["A Thousand Cuts","Malaise"],"picked":"Adrenaline","floor":33},{"not_picked":["Blade Dance","Masterful Stab"],"picked":"Acrobatics","floor":35},{"not_picked":["Poisoned Stab+1","Dagger Spray+1"],"picked":"Bouncing Flask+1","floor":36},{"not_picked":["Prepared","A Thousand Cuts"],"picked":"Dodge and Roll+1","floor":38}],"player_experience":127158,"relics_obtained":[{"floor":7,"key":"War Paint"},{"floor":11,"key":"Blood Vial"},{"floor":26,"key":"Snake Skull"},{"floor":31,"key":"Juzu Bracelet"},{"floor":38,"key":"Calipers"}],"event_choices":[{"damage_healed":0,"gold_gain":0,"cards_transformed":["Strike_G"],"player_choice":"Change","damage_taken":0,"max_hp_gain":0,"max_hp_loss":0,"event_name":"Living Wall","floor":2,"gold_loss":0,"cards_obtained":["Night Terror"]},{"damage_healed":0,"gold_gain":0,"player_choice":"Entered Light","damage_taken":14,"max_hp_gain":0,"max_hp_loss":0,"event_name":"Shining Light","floor":4,"gold_loss":0,"cards_upgraded":["Defend_G","Backflip"]},{"damage_healed":0,"gold_gain":0,"player_choice":"Searched \u00271\u0027 times","damage_taken":0,"max_hp_gain":0,"max_hp_loss":0,"event_name":"Dead Adventurer","floor":11,"gold_loss":0},{"cards_removed":["Strike_G"],"damage_healed":0,"gold_gain":0,"player_choice":"Elegance","damage_taken":0,"max_hp_gain":0,"max_hp_loss":0,"event_name":"Back to Basics","floor":19,"gold_loss":0},{"damage_healed":0,"gold_gain":0,"player_choice":"Shed Blood","damage_taken":18,"max_hp_gain":5,"max_hp_loss":0,"event_name":"Forgotten Altar","floor":22,"gold_loss":0},{"damage_healed":0,"gold_gain":0,"player_choice":"Ignored","damage_taken":0,"max_hp_gain":0,"max_hp_loss":0,"event_name":"Ghosts","floor":24,"gold_loss":0},{"damage_healed":0,"gold_gain":0,"player_choice":"Joined the Cult","damage_taken":6,"max_hp_gain":0,"max_hp_loss":0,"event_name":"Nest","floor":25,"gold_loss":0,"cards_obtained":["RitualDagger"]},{"damage_healed":0,"gold_gain":0,"player_choice":"Fight","damage_taken":0,"max_hp_gain":0,"max_hp_loss":0,"event_name":"Mysterious Sphere","floor":38,"gold_loss":0},{"damage_healed":0,"gold_gain":0,"player_choice":"Fight","damage_taken":0,"max_hp_gain":0,"max_hp_loss":0,"event_name":"MindBloom","floor":39,"gold_loss":0}],"is_beta":false,"boss_relics":[{"not_picked":["Philosopher\u0027s Stone","Ring of the Serpent"],"picked":"Cursed Key"},{"not_picked":["Tiny House","Velvet Choker"],"picked":"Runic Dome"}],"items_purged_floors":[28],"is_endless":false,"potions_floor_spawned":[1,3,7,11,14,18,31,33,35,38],"killed_by":"Mind Bloom Boss Battle","ascension_level":0}