{"gold_per_floor":[116,129,143,153,166,166,198,8,8,26,26,42,52,79,79,156,156,169,179,179,205,221,221,249,261,273,285],"floor_reached":27,"playtime":1037,"items_purged":[],"score":494,"play_id":"1d2c2f95-61c7-412b-86dd-540a0523a63e","local_time":"20190618234630","is_ascension_mode":true,"campfire_choices":[{"floor":6,"key":"REST"},{"data":"Zap","floor":15,"key":"SMITH"},{"floor":23,"key":"REST"},{"floor":25,"key":"REST"}],"neow_cost":"NONE","seed_source_timestamp":1796228934410249,"circlet_count":0,"master_deck":["AscendersBane","Strike_B","Strike_B","Defend_B","Defend_B","Defend_B","Defend_B","Zap+1","Dualcast","Doom and Gloom","Rip and Tear","Seek","Compile Driver","Coolheaded","Hologram","Electrodynamics","Conserve Battery","Core Surge","Coolheaded","Loop","Core Surge","Capacitor"],"relics":["Cracked Core","NeowsBlessing","Happy Flower","PreservedInsect","Pantograph","Blue Candle","Velvet Choker","Bronze Scales","MawBank","DataDisk"],"potions_floor_usage":[7,10,24,24],"damage_taken":[{"damage":0,"enemies":"Cultist","floor":1,"turns":1},{"damage":0,"enemies":"Small Slimes","floor":2,"turns":1},{"damage":0,"enemies":"Jaw Worm","floor":3,"turns":1},{"damage":36,"enemies":"Exordium Wildlife","floor":4,"turns":6},{"damage":1,"enemies":"Exordium Thugs","floor":5,"turns":4},{"damage":16,"enemies":"Lagavulin","floor":7,"turns":5},{"damage":0,"enemies":"3 Louse","floor":10,"turns":1},{"damage":6,"enemies":"Large Slime","floor":12,"turns":5},{"damage":4,"enemies":"Blue Slaver","floor":13,"turns":4},{"damage":10,"enemies":"3 Sentries","floor":14,"turns":3},{"damage":14,"enemies":"The Guardian","floor":16,"turns":13},{"damage":23,"enemies":"2 Thieves","floor":18,"turns":3},{"damage":3,"enemies":"Chosen","floor":19,"turns":4},{"damage":26,"enemies":"Snake Plant","floor":22,"turns":3},{"damage":16,"enemies":"Slavers","floor":24,"turns":3},{"damage":42,"enemies":"Book of Stabbing","floor":27,"turns":4}],"seed_played":"7270443732913216033","potions_obtained":[{"floor":1,"key":"SkillPotion"},{"floor":2,"key":"Energy Potion"},{"floor":3,"key":"SteroidPotion"},{"floor":12,"key":"Dexterity Potion"},{"floor":14,"key":"Fire Potion"},{"floor":18,"key":"Fire Potion"}],"is_trial":false,"path_per_floor":["M","M","M","M","M","R","E","$","T","M","?","M","M","E","R","B",null,"M","M","?","T","M","R","E","R","T","E"],"character_chosen":"DEFECT","items_purchased":["PreservedInsect","Coolheaded"],"campfire_rested":3,"item_purchase_floors":[8,8],"current_hp_per_floor":[64,64,64,28,27,48,32,32,32,32,37,31,27,17,17,28,64,41,38,38,38,12,34,18,40,40,0],"gold":285,"neow_bonus":"THREE_ENEMY_KILL","is_prod":false,"is_daily":false,"chose_seed":false,"campfire_upgraded":1,"win_rate":0,"timestamp":1560919590,"path_taken":["M","?","M","M","M","R","E","$","T","M","?","M","M","E","R","BOSS","M","M","?","?","M","R","E","R","T","E"],"build_version":"2019-01-23","purchased_purges":0,"victory":false,"max_hp_per_floor":[71,71,71,71,71,71,71,71,71,71,76,76,76,76,76,76,76,76,76,76,76,76,76,76,76,76,76],"card_choices":[{"not_picked":["Darkness","Rip and Tear"],"picked":"Doom and Gloom","floor":1},{"not_picked":["Recycle","Steam","Hologram"],"picked":"SKIP","floor":2},{"not_picked":["Redo","Steam","Rebound"],"picked":"SKIP","floor":3},{"not_picked":["Rebound","Steam Power"],"picked":"Rip and Tear","floor":4},{"not_picked":["Steam","Sweeping Beam"],"picked":"Seek","floor":5},{"not_picked":["Auto Shields","Steam"],"picked":"Compile Driver","floor":7},{"not_picked":["Reprogram","Gash"],"picked":"Hologram","floor":10},{"not_picked":["Fusion","Sweeping Beam","Cold Snap"],"picked":"SKIP","floor":12},{"not_picked":["Rebound","Coolheaded"],"picked":"Electrodynamics","floor":13},{"not_picked":["Beam Cell","Heatsinks"],"picked":"Conserve Battery","floor":14},{"not_picked":["Machine Learning","Multi-Cast"],"picked":"Core Surge","floor":16},{"not_picked":["Reprogram","Gash","Go for the Eyes"],"picked":"SKIP","floor":18},{"not_picked":["Conserve Battery+1","Compile Driver"],"picked":"Coolheaded","floor":19},{"not_picked":["Turbo","Steam"],"picked":"Capacitor","floor":22},{"not_picked":["Auto Shields","Sweeping Beam","Creative AI"],"picked":"SKIP","floor":24}],"player_experience":1798603,"relics_obtained":[{"floor":7,"key":"Happy Flower"},{"floor":9,"key":"Pantograph"},{"floor":14,"key":"Blue Candle"},{"floor":21,"key":"Bronze Scales"},{"floor":24,"key":"MawBank"},{"floor":26,"key":"DataDisk"}],"event_choices":[{"damage_healed":0,"gold_gain":0,"player_choice":"Donut","damage_taken":0,"max_hp_gain":5,"max_hp_loss":0,"event_name":"Big Fish","floor":11,"gold_loss":0},{"damage_healed":0,"gold_gain":0,"cards_transformed":["Strike_B","Strike_B"],"player_choice":"Became Test Subject","damage_taken":0,"max_hp_gain":0,"max_hp_loss":0,"event_name":"Drug Dealer","floor":20,"gold_loss":0,"cards_obtained":["Loop","Core Surge"]}],"is_beta":false,"boss_relics":[{"not_picked":["Nuclear Battery","Lizard Tail"],"picked":"Velvet Choker"}],"items_purged_floors":[],"is_endless":false,"potions_floor_spawned":[1,2,3,12,14,18,19],"killed_by":"Book of Stabbing","ascension_level":20}