{"gold_per_floor":[119,132,207,42,61,61,77,94,120,85,85,95,151,172,172,172],"floor_reached":16,"playtime":496,"items_purged":[],"score":204,"play_id":"02177c62-e07c-4543-a111-8c07282340ff","local_time":"20190601033732","is_ascension_mode":true,"campfire_choices":[{"data":"Biased Cognition","floor":6,"key":"SMITH"},{"data":"Zap","floor":11,"key":"SMITH"},{"data":"Hologram","floor":15,"key":"SMITH"}],"neow_cost":"PERCENT_DAMAGE","seed_source_timestamp":255432681818761,"circlet_count":0,"master_deck":["AscendersBane","Strike_B","Strike_B","Strike_B","Strike_B","Defend_B","Defend_B","Defend_B","Defend_B","Zap+1","Dualcast","Seek","Ball Lightning","FTL","Biased Cognition+1","Doom and Gloom","Hologram+1","Chill","Compile Driver","Conserve Battery"],"relics":["Cracked Core","Bag of Preparation","Juzu Bracelet","Tiny Chest","Odd Mushroom"],"potions_floor_usage":[14],"damage_taken":[{"damage":0,"enemies":"Cultist","floor":1,"turns":3},{"damage":3,"enemies":"2 Louse","floor":2,"turns":2},{"damage":2,"enemies":"Small Slimes","floor":5,"turns":2},{"damage":2,"enemies":"3 Louse","floor":7,"turns":3},{"damage":2,"enemies":"Looter","floor":8,"turns":3},{"damage":3,"enemies":"Lots of Slimes","floor":12,"turns":2},{"damage":1,"enemies":"Gremlin Nob","floor":13,"turns":3},{"damage":0,"enemies":"The Mushroom Lair","floor":14,"turns":3},{"damage":43,"enemies":"The Guardian","floor":16,"turns":5}],"seed_played":"8332504207781168779","potions_obtained":[{"floor":1,"key":"Energy Potion"},{"floor":7,"key":"SmokeBomb"}],"is_trial":false,"path_per_floor":["M","M","?","$","M","R","M","M","T","?","R","M","E","?","R","B"],"character_chosen":"DEFECT","items_purchased":["Bag of Preparation"],"campfire_rested":0,"item_purchase_floors":[4],"current_hp_per_floor":[46,43,32,32,30,30,28,26,26,43,43,40,39,39,39,0],"gold":172,"neow_bonus":"THREE_RARE_CARDS","is_prod":false,"is_daily":false,"chose_seed":false,"campfire_upgraded":3,"win_rate":0,"timestamp":1559378252,"path_taken":["M","?","?","$","M","R","M","M","T","?","R","M","E","?","R","BOSS"],"build_version":"2019-01-23","purchased_purges":0,"victory":false,"max_hp_per_floor":[71,71,71,71,71,71,71,71,71,71,71,71,71,71,71,71],"card_choices":[{"not_picked":["Amplify","Reboot"],"picked":"Seek","floor":0},{"not_picked":["Compile Driver","Darkness"],"picked":"Ball Lightning","floor":1},{"not_picked":["Go for the Eyes","Undo"],"picked":"FTL","floor":2},{"not_picked":["Redo","Tempest"],"picked":"Biased Cognition","floor":5},{"not_picked":["Sweeping Beam","Reprogram"],"picked":"Doom and Gloom","floor":7},{"not_picked":["Beam Cell","Heatsinks"],"picked":"Hologram","floor":8},{"not_picked":["Hologram","Barrage"],"picked":"Chill","floor":12},{"not_picked":["Doom and Gloom","Creative AI"],"picked":"Compile Driver","floor":13},{"not_picked":["Recycle","Hello World"],"picked":"Conserve Battery","floor":14}],"player_experience":1647010,"relics_obtained":[{"floor":9,"key":"Juzu Bracelet"},{"floor":13,"key":"Tiny Chest"},{"floor":14,"key":"Odd Mushroom"}],"event_choices":[{"damage_healed":0,"gold_gain":75,"player_choice":"Gather Gold","damage_taken":11,"max_hp_gain":0,"max_hp_loss":0,"event_name":"World of Goop","floor":3,"gold_loss":0},{"damage_healed":17,"gold_gain":0,"player_choice":"Healed","damage_taken":0,"max_hp_gain":0,"max_hp_loss":0,"event_name":"The Cleric","floor":10,"gold_loss":35},{"damage_healed":0,"gold_gain":0,"player_choice":"Fought Mushrooms","damage_taken":0,"max_hp_gain":0,"max_hp_loss":0,"event_name":"Mushrooms","floor":14,"gold_loss":0}],"is_beta":false,"boss_relics":[],"items_purged_floors":[],"is_endless":false,"potions_floor_spawned":[1,7],"killed_by":"The Guardian","ascension_level":20}