{"gold_per_floor":[118,118,17,31,47,81,31,31,57,68,87,114,138,155,155,256,256,268,268,286,297,297,331,331,366,366,386,402,421,431,431,431,533,533,543,63,75,87,104,124,137,137,137,155,155,175,175,185,185,185],"floor_reached":51,"playtime":13581,"items_purged":["Defend_R"],"score":709,"play_id":"496a2fd9-6f46-43de-b450-bd69a35b59c1","local_time":"20190612003546","is_ascension_mode":false,"campfire_choices":[{"data":"Armaments","floor":8,"key":"SMITH"},{"floor":15,"key":"REST"},{"floor":24,"key":"REST"},{"floor":32,"key":"REST"},{"floor":42,"key":"REST"},{"floor":45,"key":"REST"},{"floor":49,"key":"REST"}],"neow_cost":"","seed_source_timestamp":2399530608652490,"circlet_count":0,"master_deck":["Strike_R","Strike_R","Strike_R","Defend_R","Defend_R","Defend_R","Bash","Cleave+1","Armaments+1","Battle Trance","Iron Wave+1","Cleave","Rampage","Anger","Rage","Armaments+1","Pommel Strike","Shrug It Off","Impervious","Body Slam","RitualDagger","Thunderclap+1","Metallicize","Dark Shackles","Combust","Fiend Fire","Iron Wave","Ghostly Armor+1","True Grit+1","Warcry","Sword Boomerang","Reaper","Flex+1","Mayhem","Power Through","Feel No Pain+1","Body Slam","Pommel Strike+1","Parasite","Uppercut+1","Twin Strike+1","Inflame+1","Flex"],"relics":["Burning Blood","Whetstone","Pen Nib","Vajra","Odd Mushroom","Fusion Hammer","Centennial Puzzle","Nunchaku","Shuriken","Runic Pyramid","Bottled Tornado","Question Card","Unceasing Top"],"potions_floor_usage":[16,50,50],"damage_taken":[{"damage":9,"enemies":"Small Slimes","floor":1,"turns":6},{"damage":0,"enemies":"2 Louse","floor":4,"turns":2},{"damage":1,"enemies":"Cultist","floor":5,"turns":3},{"damage":25,"enemies":"Gremlin Nob","floor":6,"turns":4},{"damage":11,"enemies":"3 Louse","floor":10,"turns":2},{"damage":13,"enemies":"Red Slaver","floor":11,"turns":2},{"damage":9,"enemies":"3 Sentries","floor":12,"turns":5},{"damage":0,"enemies":"The Mushroom Lair","floor":13,"turns":2},{"damage":0,"enemies":"2 Fungi Beasts","floor":14,"turns":2},{"damage":22,"enemies":"The Guardian","floor":16,"turns":9},{"damage":0,"enemies":"2 Thieves","floor":18,"turns":4},{"damage":5,"enemies":"3 Byrds","floor":20,"turns":5},{"damage":10,"enemies":"3 Cultists","floor":21,"turns":4},{"damage":27,"enemies":"Gremlin Leader","floor":23,"turns":5},{"damage":22,"enemies":"Slavers","floor":25,"turns":4},{"damage":10,"enemies":"Snecko","floor":27,"turns":3},{"damage":2,"enemies":"Chosen and Byrds","floor":28,"turns":4},{"damage":11,"enemies":"Snake Plant","floor":29,"turns":2},{"damage":0,"enemies":"Cultist and Chosen","floor":30,"turns":4},{"damage":10,"enemies":"Champ","floor":33,"turns":9},{"damage":2,"enemies":"3 Shapes","floor":35,"turns":3},{"damage":0,"enemies":"Orb Walker","floor":37,"turns":4},{"damage":6,"enemies":"Sphere and 2 Shapes","floor":38,"turns":3},{"damage":16,"enemies":"Maw","floor":39,"turns":7},{"damage":1,"enemies":"3 Darklings","floor":40,"turns":4},{"damage":0,"enemies":"Writhing Mass","floor":41,"turns":5},{"damage":12,"enemies":"Spire Growth","floor":44,"turns":3},{"damage":0,"enemies":"Maw","floor":46,"turns":5},{"damage":26,"enemies":"3 Darklings","floor":48,"turns":3},{"damage":55,"enemies":"Awakened One","floor":50,"turns":10}],"seed_played":"-8869779872066748212","potions_obtained":[{"floor":1,"key":"Poison Potion"},{"floor":11,"key":"Dexterity Potion"},{"floor":12,"key":"Energy Potion"},{"floor":13,"key":"Fire Potion"},{"floor":18,"key":"SmokeBomb"},{"floor":27,"key":"GamblersBrew"},{"floor":28,"key":"Regen Potion"},{"floor":40,"key":"SpeedPotion"}],"is_trial":false,"path_per_floor":["M","?","$","M","M","E","?","R","T","M","M","E","?","M","R","B",null,"M","?","M","M","?","E","R","E","T","M","M","M","M","?","R","B",null,"M","$","M","M","M","M","M","R","T","M","R","M","T","M","R","B",null],"character_chosen":"IRONCLAD","items_purchased":["Armaments","Battle Trance","Mayhem","Bottled Tornado"],"campfire_rested":6,"item_purchase_floors":[3,3,36,36],"current_hp_per_floor":[77,70,70,76,80,61,61,61,61,56,49,46,52,58,80,64,80,80,74,75,71,71,50,74,58,58,54,58,53,59,59,80,76,80,80,80,80,80,70,75,80,80,80,74,80,80,80,80,80,59],"gold":185,"neow_bonus":"","is_prod":false,"is_daily":false,"chose_seed":false,"campfire_upgraded":1,"win_rate":0.0,"timestamp":1560314146,"path_taken":["M","?","$","M","M","E","?","R","T","M","M","E","?","M","R","BOSS","M","?","M","M","?","E","R","E","T","M","?","M","M","?","R","BOSS","M","$","M","M","M","M","M","R","T","M","R","M","?","M","R","BOSS"],"build_version":"2019-01-23","purchased_purges":1,"victory":true,"max_hp_per_floor":[80,80,80,80,80,80,80,80,80,80,80,80,80,80,80,80,80,80,80,80,80,80,80,80,80,80,80,80,80,80,80,80,80,80,80,80,80,80,80,80,80,80,80,80,80,80,80,80,80,80],"card_choices":[{"not_picked":["Body Slam","Twin Strike"],"picked":"Cleave","floor":1},{"not_picked":["Sword Boomerang","Dropkick"],"picked":"Iron Wave","floor":4},{"not_picked":["Entrench","Body Slam"],"picked":"Cleave","floor":5},{"not_picked":["Twin Strike","Clash"],"picked":"Rampage","floor":6},{"not_picked":["Clothesline","Warcry"],"picked":"Anger","floor":10},{"not_picked":["Cleave","Pommel Strike"],"picked":"Rage","floor":11},{"not_picked":["Feel No Pain","Body Slam"],"picked":"Armaments","floor":12},{"not_picked":["Warcry","Feel No Pain"],"picked":"Pommel Strike","floor":13},{"not_picked":["Burning Pact","Clothesline"],"picked":"Shrug It Off","floor":14},{"not_picked":["Double Tap","Brutality"],"picked":"Impervious","floor":16},{"not_picked":["Shrug It Off","Cleave"],"picked":"Body Slam","floor":18},{"not_picked":["Pommel Strike+1","Warcry"],"picked":"Thunderclap+1","floor":20},{"not_picked":["Twin Strike","Demon Form"],"picked":"Metallicize","floor":21},{"not_picked":["Perfected Strike","Armaments","Pummel"],"picked":"SKIP","floor":23},{"not_picked":["True Grit+1","Thunderclap"],"picked":"Iron Wave","floor":25},{"not_picked":["Shockwave+1","Hemokinesis"],"picked":"Ghostly Armor+1","floor":27},{"not_picked":["Perfected Strike","Flex"],"picked":"True Grit+1","floor":28},{"not_picked":["Whirlwind","Perfected Strike+1"],"picked":"Warcry","floor":29},{"not_picked":["Sever Soul","Burning Pact"],"picked":"Sword Boomerang","floor":30},{"not_picked":["Impervious","Juggernaut"],"picked":"Reaper","floor":33},{"not_picked":["Warcry","Bloodletting+1"],"picked":"Flex+1","floor":35},{"not_picked":["Pommel Strike","Shrug It Off"],"picked":"Power Through","floor":37},{"not_picked":["Iron Wave+1","Metallicize"],"picked":"Feel No Pain+1","floor":38},{"not_picked":["Reckless Charge","Twin Strike+1"],"picked":"Body Slam","floor":39},{"not_picked":["Flame Barrier","Berserk"],"picked":"Pommel Strike+1","floor":40},{"not_picked":["Pummel+1","Body Slam"],"picked":"Uppercut+1","floor":41},{"not_picked":["Power Through+1","Burning Pact","Thunderclap"],"picked":"Twin Strike+1","floor":44},{"not_picked":["Seeing Red+1","Blood for Blood","Iron Wave+1"],"picked":"Inflame+1","floor":46},{"not_picked":["Pommel Strike","Twin Strike+1","Pummel"],"picked":"Flex","floor":48}],"player_experience":0,"relics_obtained":[{"floor":6,"key":"Whetstone"},{"floor":9,"key":"Pen Nib"},{"floor":12,"key":"Vajra"},{"floor":13,"key":"Odd Mushroom"},{"floor":23,"key":"Centennial Puzzle"},{"floor":25,"key":"Nunchaku"},{"floor":26,"key":"Shuriken"},{"floor":43,"key":"Question Card"},{"floor":47,"key":"Unceasing Top"}],"event_choices":[{"cards_removed":["Strike_R"],"damage_healed":0,"gold_gain":0,"player_choice":"Card Removal","damage_taken":7,"max_hp_gain":0,"max_hp_loss":0,"event_name":"Golden Wing","floor":2,"gold_loss":0},{"cards_removed":["Strike_R"],"damage_healed":0,"gold_gain":0,"player_choice":"Card Removal","damage_taken":0,"max_hp_gain":0,"max_hp_loss":0,"event_name":"The Cleric","floor":7,"gold_loss":50},{"damage_healed":0,"gold_gain":0,"player_choice":"Fought Mushrooms","damage_taken":0,"max_hp_gain":0,"max_hp_loss":0,"event_name":"Mushrooms","floor":13,"gold_loss":0},{"damage_healed":0,"gold_gain":0,"player_choice":"Joined the Cult","damage_taken":6,"max_hp_gain":0,"max_hp_loss":0,"event_name":"Nest","floor":19,"gold_loss":0,"cards_obtained":["RitualDagger"]},{"damage_healed":0,"gold_gain":0,"player_choice":"3 cards matched","damage_taken":0,"max_hp_gain":0,"max_hp_loss":0,"event_name":"Match and Keep!","floor":22,"gold_loss":0,"cards_obtained":["Dark Shackles","Combust","Fiend Fire"]},{"damage_healed":0,"gold_gain":0,"player_choice":"3 cards matched","damage_taken":0,"max_hp_gain":0,"max_hp_loss":0,"event_name":"Match and Keep!","floor":22,"gold_loss":0,"cards_obtained":["Dark Shackles","Combust","Fiend Fire"]},{"damage_healed":0,"gold_gain":0,"player_choice":"Upgraded","damage_taken":0,"max_hp_gain":0,"max_hp_loss":0,"event_name":"Upgrade Shrine","floor":31,"gold_loss":0,"cards_upgraded":["Armaments"]}],"is_beta":false,"boss_relics":[{"not_picked":["Eternal Feather","Runic Dome"],"picked":"Fusion Hammer"},{"not_picked":["Lizard Tail","Calling Bell"],"picked":"Runic Pyramid"}],"items_purged_floors":[36],"is_endless":false,"potions_floor_spawned":[1,11,12,13,18,25,27,28,29,35,40,41,46],"ascension_level":0}