{"gold_per_floor":[112,123,133,133,151,183,114,133,209,209,225,558,558,574,574,674,674,689,689,707,707,717,717,748,760,772,804,816,828,852,75,75,75],"floor_reached":33,"playtime":2129,"items_purged":[],"score":329,"play_id":"123f7e56-8e25-4ff1-a824-d754a85dbc76","local_time":"20190703200145","is_ascension_mode":false,"campfire_choices":[{"data":"Armaments","floor":13,"key":"SMITH"},{"data":"Armaments","floor":15,"key":"SMITH"},{"data":"Combust","floor":23,"key":"SMITH"},{"data":"RitualDagger","floor":25,"key":"SMITH"},{"data":"Berserk","floor":29,"key":"SMITH"},{"data":"Ghostly","floor":32,"key":"SMITH"}],"neow_cost":"NONE","seed_source_timestamp":353633234020160,"circlet_count":0,"master_deck":["Strike_R","Strike_R","Strike_R","Strike_R","Strike_R","Defend_R+1","Defend_R","Defend_R+1","Bash","Uppercut","Dropkick","Combust+1","Armaments+1","Armaments+1","Infernal Blade","Perfected Strike","Perfected Strike","Flame Barrier","Uppercut","Berserk+1","Battle Trance+1","RitualDagger+1","Body Slam+1","Necronomicurse","Blood for Blood+1","Seeing Red+1","Rampage","Ghostly+1","Ghostly","Ghostly","Ghostly","Ghostly","Headbutt","Berserk","The Bomb","Shrug It Off"],"relics":["Burning Blood","War Paint","Letter Opener","Old Coin","Mark of Pain","Necronomicon","MawBank","Pear","Molten Egg 2","Juzu Bracelet"],"potions_floor_usage":[12,16,33,33],"damage_taken":[{"damage":5,"enemies":"Small Slimes","floor":1,"turns":4},{"damage":1,"enemies":"Cultist","floor":2,"turns":3},{"damage":0,"enemies":"2 Louse","floor":3,"turns":2},{"damage":13,"enemies":"Lots of Slimes","floor":5,"turns":4},{"damage":41,"enemies":"Lagavulin","floor":6,"turns":10},{"damage":3,"enemies":"Large Slime","floor":8,"turns":6},{"damage":7,"enemies":"Looter","floor":11,"turns":3},{"damage":1,"enemies":"Gremlin Nob","floor":12,"turns":3},{"damage":0,"enemies":"Blue Slaver","floor":14,"turns":2},{"damage":43,"enemies":"Hexaghost","floor":16,"turns":11},{"damage":0,"enemies":"Chosen","floor":18,"turns":3},{"damage":5,"enemies":"3 Byrds","floor":20,"turns":4},{"damage":21,"enemies":"Snake Plant","floor":22,"turns":2},{"damage":18,"enemies":"Book of Stabbing","floor":24,"turns":4},{"damage":16,"enemies":"Centurion and Healer","floor":27,"turns":3},{"damage":6,"enemies":"Chosen and Byrds","floor":30,"turns":4},{"damage":69,"enemies":"Automaton","floor":33,"turns":6}],"seed_played":"-1718499749353967057","potions_obtained":[{"floor":1,"key":"Fire Potion"},{"floor":2,"key":"Weak Potion"},{"floor":5,"key":"Energy Potion"},{"floor":6,"key":"SkillPotion"},{"floor":18,"key":"Strength Potion"},{"floor":27,"key":"SpeedPotion"}],"is_trial":false,"path_per_floor":["M","M","M","?","M","E","$","M","T","?","M","E","R","M","R","B",null,"M","?","M","?","M","R","E","R","T","M","?","R","M","$","R","B"],"character_chosen":"IRONCLAD","items_purchased":["Infernal Blade","Molten Egg 2","Juzu Bracelet","Berserk","The Bomb","Shrug It Off"],"campfire_rested":0,"item_purchase_floors":[7,31,31,31,31,31],"current_hp_per_floor":[88,88,88,88,81,46,46,49,49,49,48,53,53,59,59,22,88,88,82,83,67,52,52,40,40,50,40,40,40,40,40,40,0],"gold":75,"neow_bonus":"TEN_PERCENT_HP_BONUS","is_prod":false,"is_daily":false,"chose_seed":false,"campfire_upgraded":6,"win_rate":0.0,"timestamp":1562151705,"path_taken":["M","M","M","?","?","E","?","M","T","?","M","E","R","?","R","BOSS","M","?","M","?","M","R","E","R","T","M","?","R","M","$","R","BOSS"],"build_version":"2019-07-01","purchased_purges":0,"victory":false,"max_hp_per_floor":[88,88,88,88,88,88,88,88,88,88,88,88,88,88,88,88,88,88,88,88,88,88,88,88,88,98,98,49,49,49,49,49,49],"card_choices":[{"not_picked":["Intimidate","Flex"],"picked":"Uppercut","floor":1},{"not_picked":["Dual Wield","Intimidate"],"picked":"Dropkick","floor":2},{"not_picked":["Clothesline","Twin Strike"],"picked":"Combust","floor":3},{"not_picked":["Rupture","Burning Pact"],"picked":"Armaments","floor":5},{"not_picked":["Twin Strike","Clothesline"],"picked":"Armaments","floor":6},{"not_picked":["Power Through","Twin Strike"],"picked":"Perfected Strike","floor":8},{"not_picked":["True Grit","Clash"],"picked":"Perfected Strike","floor":11},{"not_picked":["Pommel Strike","Perfected Strike"],"picked":"Flame Barrier","floor":12},{"not_picked":["Thunderclap","Shockwave"],"picked":"Uppercut","floor":14},{"not_picked":["Fiend Fire","Bludgeon"],"picked":"Berserk","floor":16},{"not_picked":["Rampage","Body Slam"],"picked":"Battle Trance+1","floor":18},{"not_picked":["Thunderclap","Heavy Blade+1"],"picked":"Body Slam+1","floor":20},{"not_picked":["Clothesline","Flex"],"picked":"Blood for Blood+1","floor":22},{"not_picked":["Clothesline","Clash"],"picked":"Seeing Red+1","floor":24},{"not_picked":["Perfected Strike+1","Disarm"],"picked":"Rampage","floor":27},{"not_picked":["Hemokinesis","Clash+1"],"picked":"Headbutt","floor":30}],"player_experience":3500,"relics_obtained":[{"floor":6,"key":"War Paint"},{"floor":9,"key":"Letter Opener"},{"floor":12,"key":"Old Coin"},{"floor":21,"key":"Necronomicon"},{"floor":24,"key":"MawBank"},{"floor":26,"key":"Pear"}],"event_choices":[{"damage_healed":0,"gold_gain":0,"player_choice":"Full Heal","damage_taken":0,"max_hp_gain":0,"max_hp_loss":0,"event_name":"Wheel of Change","floor":4,"gold_loss":0},{"cards_removed":["Defend_R"],"damage_healed":0,"gold_gain":0,"player_choice":"Purged","damage_taken":0,"max_hp_gain":0,"max_hp_loss":0,"event_name":"Purifier","floor":10,"gold_loss":0},{"damage_healed":0,"gold_gain":0,"player_choice":"Joined the Cult","damage_taken":6,"max_hp_gain":0,"max_hp_loss":0,"event_name":"Nest","floor":19,"gold_loss":0,"cards_obtained":["RitualDagger"]},{"damage_healed":0,"gold_gain":0,"player_choice":"Obtained Book","damage_taken":16,"max_hp_gain":0,"max_hp_loss":0,"event_name":"Cursed Tome","floor":21,"gold_loss":0},{"damage_healed":0,"gold_gain":0,"player_choice":"Became a Ghost","damage_taken":0,"max_hp_gain":0,"max_hp_loss":49,"event_name":"Ghosts","floor":28,"gold_loss":0,"cards_obtained":["Ghostly","Ghostly","Ghostly","Ghostly","Ghostly"]}],"is_beta":false,"boss_relics":[{"not_picked":["Tiny House","Eternal Feather"],"picked":"Mark of Pain"}],"items_purged_floors":[],"is_endless":false,"potions_floor_spawned":[1,2,5,6,18,27],"killed_by":"Automaton","ascension_level":0}