{"gold_per_floor":[114,134,147,97,97,130,130,130,130,130,150,164,164,164,164,164],"floor_reached":16,"playtime":2809,"items_purged":[],"score":125,"play_id":"f17410b9-0e52-4e1a-bd68-1ce373e5c30d","local_time":"20190709195828","is_ascension_mode":false,"campfire_choices":[{"data":"Dodge and Roll","floor":8,"key":"SMITH"},{"data":"Blur","floor":10,"key":"SMITH"},{"data":"Deflect","floor":13,"key":"SMITH"},{"data":"Crippling Poison","floor":15,"key":"SMITH"}],"neow_cost":"NONE","seed_source_timestamp":0,"circlet_count":0,"master_deck":["Strike_G","Strike_G","Strike_G","Strike_G","Strike_G","Defend_G","Defend_G","Defend_G","Defend_G","Survivor","Neutralize","Deflect+1","Dodge and Roll+1","Blur+1","Crippling Poison+1","Cloak And Dagger"],"special_seed":0,"relics":["Ring of the Snake","Pear","Ninja Scroll"],"potions_floor_usage":[16,16],"damage_taken":[{"damage":0.0,"enemies":"Cultist","floor":1.0,"turns":4.0},{"damage":7.0,"enemies":"Jaw Worm","floor":2.0,"turns":6.0},{"damage":2.0,"enemies":"Small Slimes","floor":3.0,"turns":4.0},{"damage":45,"enemies":"3 Sentries","floor":6,"turns":26},{"damage":3,"enemies":"Blue Slaver","floor":11,"turns":4},{"damage":0,"enemies":"Red Slaver","floor":12,"turns":5},{"damage":50,"enemies":"Slime Boss","floor":16,"turns":14}],"seed_played":"-2379346115745550991","potions_obtained":[{"floor":2.0,"key":"Block Potion"},{"floor":3.0,"key":"EssenceOfSteel"},{"floor":11,"key":"Energy Potion"},{"floor":14,"key":"Strength Potion"},{"floor":14,"key":"Regen Potion"}],"is_trial":false,"path_per_floor":["M","M","M","?","?","E","T","R","T","R","M","M","R","?","R","B"],"character_chosen":"THE_SILENT","items_purchased":[],"campfire_rested":0,"item_purchase_floors":[],"current_hp_per_floor":[77,70,68,68,73,38,38,38,38,38,35,35,35,35,35,0],"gold":164,"neow_bonus":"TEN_PERCENT_HP_BONUS","is_prod":false,"is_daily":false,"chose_seed":false,"campfire_upgraded":4,"win_rate":0,"timestamp":1562669908,"path_taken":["M","M","?","?","?","E","?","R","T","R","?","M","R","?","R","BOSS"],"build_version":"2019-07-05","purchased_purges":0,"victory":false,"max_hp_per_floor":[77,77,77,77,82,92,92,92,92,92,92,92,92,92,92,92],"card_choices":[{"not_picked":["Infinite Blades","Underhanded Strike"],"picked":"Deflect","floor":1.0},{"not_picked":["Underhanded Strike","Deflect"],"picked":"Dodge and Roll","floor":2.0},{"not_picked":["Dodge and Roll","Phantasmal Killer"],"picked":"Blur","floor":3.0},{"not_picked":["PiercingWail","Quick Slash"],"picked":"Crippling Poison","floor":6},{"not_picked":["Setup","Glass Knife"],"picked":"Cloak And Dagger","floor":11},{"not_picked":["Flying Knee","Prepared","Riddle With Holes"],"picked":"SKIP","floor":12}],"player_experience":130907,"relics_obtained":[{"floor":6,"key":"Pear"},{"floor":9,"key":"Ninja Scroll"}],"event_choices":[{"cards_removed":["Defend_G"],"damage_healed":0.0,"max_hp_gain":0.0,"max_hp_loss":0.0,"gold_gain":0.0,"event_name":"The Cleric","player_choice":"Card Removal","floor":4.0,"gold_loss":50.0,"damage_taken":0.0},{"damage_healed":0,"gold_gain":0,"player_choice":"Donut","damage_taken":0,"max_hp_gain":5,"max_hp_loss":0,"event_name":"Big Fish","floor":5,"gold_loss":0},{"damage_healed":0,"gold_gain":0,"player_choice":"Got Potions","damage_taken":0,"max_hp_gain":0,"max_hp_loss":0,"event_name":"Lab","floor":14,"gold_loss":0}],"is_beta":false,"boss_relics":[],"items_purged_floors":[],"is_endless":false,"potions_floor_spawned":[2,3,11],"killed_by":"Slime Boss","ascension_level":0}