{"gold_per_floor":[116,41,41,52,65,97,97,122,146,146,156,156,168,195,195,269,269,285,5,5,23,23,23,53,53,78,105,105,105,132,144,144,144],"floor_reached":33,"playtime":1506,"items_purged":[],"score":642,"play_id":"8488beae-7866-477d-ad75-a559e48cc791","local_time":"20190619223206","is_ascension_mode":true,"campfire_choices":[{"data":"Bludgeon","floor":7,"key":"SMITH"},{"data":"Bash","floor":10,"key":"SMITH"},{"floor":12,"key":"REST"},{"floor":15,"key":"REST"},{"data":"Evolve","floor":23,"key":"SMITH"},{"data":"Armaments","floor":25,"key":"SMITH"},{"floor":29,"key":"REST"},{"floor":32,"key":"REST"}],"neow_cost":"CURSE","seed_source_timestamp":1877695017717746,"circlet_count":0,"master_deck":["AscendersBane","Strike_R","Strike_R+1","Defend_R","Defend_R","Defend_R","Defend_R","Bash+1","Bludgeon+1","Battle Trance","Disarm","Evolve+1","Disarm","Thunderclap+1","Rampage","Carnage","Juggernaut","Fiend Fire","Disarm","Shrug It Off","Armaments+1","Whirlwind","Headbutt","Sentinel","Anger"],"relics":["Burning Blood","Oddly Smooth Stone","Whetstone","PreservedInsect","Gremlin Horn","Sozu","Medical Kit","Mango","Juzu Bracelet","Vajra","Sundial","FossilizedHelix"],"potions_floor_usage":[14,16,24],"damage_taken":[{"damage":9,"enemies":"2 Louse","floor":1,"turns":3},{"damage":1,"enemies":"Cultist","floor":4,"turns":3},{"damage":0,"enemies":"Small Slimes","floor":5,"turns":3},{"damage":36,"enemies":"Lagavulin","floor":6,"turns":7},{"damage":24,"enemies":"3 Sentries","floor":8,"turns":5},{"damage":11,"enemies":"Exordium Thugs","floor":11,"turns":4},{"damage":22,"enemies":"Lots of Slimes","floor":13,"turns":5},{"damage":18,"enemies":"Lagavulin","floor":14,"turns":4},{"damage":18,"enemies":"Slime Boss","floor":16,"turns":8},{"damage":25,"enemies":"2 Thieves","floor":18,"turns":4},{"damage":12,"enemies":"3 Byrds","floor":21,"turns":7},{"damage":12,"enemies":"Book of Stabbing","floor":24,"turns":6},{"damage":31,"enemies":"Slavers","floor":27,"turns":4},{"damage":24,"enemies":"Book of Stabbing","floor":30,"turns":6},{"damage":0,"enemies":"Centurion and Healer","floor":31,"turns":5},{"damage":73,"enemies":"Automaton","floor":33,"turns":10}],"seed_played":"6777456290000299145","potions_obtained":[{"floor":6,"key":"SpeedPotion"},{"floor":8,"key":"PowerPotion"},{"floor":16,"key":"FearPotion"}],"is_trial":false,"path_per_floor":["M","?","?","M","M","E","R","E","T","R","M","R","M","E","R","B",null,"M","$","?","M","T","R","E","R","T","E","?","R","E","M","R","B"],"character_chosen":"IRONCLAD","items_purchased":["Medical Kit","Shrug It Off"],"campfire_rested":4,"item_purchase_floors":[19,19],"current_hp_per_floor":[65,65,65,70,75,45,45,27,27,27,22,44,28,16,38,26,63,44,44,44,38,52,52,46,46,46,21,21,47,29,35,61,0],"gold":144,"neow_bonus":"THREE_RARE_CARDS","is_prod":false,"is_daily":false,"chose_seed":false,"campfire_upgraded":4,"win_rate":0,"timestamp":1561001526,"path_taken":["M","?","?","M","M","E","R","E","T","R","?","R","M","E","R","BOSS","M","$","?","M","?","R","E","R","T","E","?","R","E","M","R","BOSS"],"build_version":"2019-01-23","purchased_purges":0,"victory":false,"max_hp_per_floor":[75,75,75,75,75,75,75,75,75,75,75,75,75,75,75,75,75,75,75,75,75,89,89,89,89,89,89,89,89,89,89,89,89],"card_choices":[{"not_picked":["Demon Form","Double Tap"],"picked":"Bludgeon","floor":0},{"not_picked":["True Grit","Clash"],"picked":"Battle Trance","floor":1},{"not_picked":["Warcry","Heavy Blade"],"picked":"Disarm","floor":4},{"not_picked":["True Grit","Rage"],"picked":"Evolve","floor":5},{"not_picked":["Shockwave","Reckless Charge"],"picked":"Disarm","floor":6},{"not_picked":["Clash","Sentinel"],"picked":"Thunderclap","floor":8},{"not_picked":["Pummel","Cleave"],"picked":"Rampage","floor":11},{"not_picked":["Sword Boomerang","Heavy Blade"],"picked":"Carnage","floor":13},{"not_picked":["Iron Wave","Flex"],"picked":"Juggernaut","floor":14},{"not_picked":["Reaper","Demon Form"],"picked":"Fiend Fire","floor":16},{"not_picked":["Pommel Strike","Body Slam+1"],"picked":"Disarm","floor":18},{"not_picked":["Body Slam","Clothesline","Perfected Strike"],"picked":"SKIP","floor":21},{"not_picked":["Pommel Strike","Warcry"],"picked":"Armaments","floor":24},{"not_picked":["Iron Wave+1","Warcry"],"picked":"Whirlwind","floor":27},{"not_picked":["Clash","Sever Soul"],"picked":"Anger","floor":30},{"not_picked":["Dropkick","Evolve","Clash"],"picked":"SKIP","floor":31}],"player_experience":1808068,"relics_obtained":[{"floor":6,"key":"Oddly Smooth Stone"},{"floor":8,"key":"Whetstone"},{"floor":9,"key":"PreservedInsect"},{"floor":14,"key":"Gremlin Horn"},{"floor":22,"key":"Mango"},{"floor":24,"key":"Juzu Bracelet"},{"floor":26,"key":"Vajra"},{"floor":27,"key":"Sundial"},{"floor":30,"key":"FossilizedHelix"}],"event_choices":[{"cards_removed":["Regret"],"damage_healed":0,"gold_gain":0,"player_choice":"Card Removal","damage_taken":0,"max_hp_gain":0,"max_hp_loss":0,"event_name":"The Cleric","floor":2,"gold_loss":75},{"cards_removed":["Strike_R"],"damage_healed":0,"gold_gain":0,"player_choice":"Offered Basic","damage_taken":0,"max_hp_gain":0,"max_hp_loss":0,"event_name":"Bonfire Elementals","floor":3,"gold_loss":0},{"damage_healed":0,"gold_gain":0,"player_choice":"Ignored","damage_taken":0,"max_hp_gain":0,"max_hp_loss":0,"event_name":"The Mausoleum","floor":20,"gold_loss":0},{"damage_healed":0,"gold_gain":0,"cards_transformed":["Strike_R","Strike_R"],"player_choice":"Became Test Subject","damage_taken":0,"max_hp_gain":0,"max_hp_loss":0,"event_name":"Drug Dealer","floor":28,"gold_loss":0,"cards_obtained":["Headbutt","Sentinel"]}],"is_beta":false,"boss_relics":[{"not_picked":["Lizard Tail","Philosopher\u0027s Stone"],"picked":"Sozu"}],"items_purged_floors":[],"is_endless":false,"potions_floor_spawned":[6,8,11,16,18,21,27,30],"killed_by":"Automaton","ascension_level":20}