{"gold_per_floor":[113,133,144,155,167,167,199,210,210,48,13,13,13,42,42,113,113,123,135,10,10,22,22,22,22,22,57,77,93,35,35],"floor_reached":31,"playtime":1449,"items_purged":["Strike_R"],"score":584,"play_id":"7b5d0f76-14cc-406a-8992-c9a43a70cd12","local_time":"20190614001945","is_ascension_mode":true,"campfire_choices":[{"data":"Bash","floor":6,"key":"SMITH"},{"data":"Feed","floor":12,"key":"SMITH"},{"data":"Inflame","floor":15,"key":"SMITH"},{"floor":23,"key":"REST"},{"data":"Armaments","floor":25,"key":"SMITH"}],"neow_cost":"PERCENT_DAMAGE","seed_source_timestamp":1365812444973486,"circlet_count":0,"master_deck":["AscendersBane","Strike_R","Strike_R","Strike_R","Strike_R","Defend_R","Defend_R","Defend_R","Defend_R","Bash+1","Feed+1","Twin Strike","Clothesline","Anger","Inflame+1","Whirlwind","Offering","Armaments+1","Perfected Strike","Metallicize","Pommel Strike","Headbutt","Inflame","Perfected Strike","Armaments","Pommel Strike","Juggernaut","Shrug It Off"],"relics":["Burning Blood","PreservedInsect","Art of War","Bag of Marbles","Centennial Puzzle","Orrery","MutagenicStrength","Letter Opener","Potion Belt"],"potions_floor_usage":[8,16,27,28],"damage_taken":[{"damage":9,"enemies":"Small Slimes","floor":1,"turns":4},{"damage":11,"enemies":"Jaw Worm","floor":2,"turns":5},{"damage":2,"enemies":"Cultist","floor":3,"turns":4},{"damage":15,"enemies":"3 Louse","floor":4,"turns":4},{"damage":15,"enemies":"Gremlin Gang","floor":5,"turns":6},{"damage":20,"enemies":"Gremlin Nob","floor":7,"turns":4},{"damage":16,"enemies":"Exordium Wildlife","floor":8,"turns":6},{"damage":25,"enemies":"Lagavulin","floor":14,"turns":7},{"damage":15,"enemies":"Hexaghost","floor":16,"turns":7},{"damage":30,"enemies":"Spheric Guardian","floor":18,"turns":4},{"damage":37,"enemies":"Shell Parasite","floor":19,"turns":6},{"damage":15,"enemies":"Cultist and Chosen","floor":22,"turns":7},{"damage":20,"enemies":"Gremlin Leader","floor":27,"turns":5},{"damage":38,"enemies":"Chosen and Byrds","floor":28,"turns":6},{"damage":5,"enemies":"Centurion and Healer","floor":29,"turns":5},{"damage":40,"enemies":"Sentry and Sphere","floor":31,"turns":5}],"seed_played":"-6020860735264504747","potions_obtained":[{"floor":2,"key":"Poison Potion"},{"floor":3,"key":"Dexterity Potion"},{"floor":7,"key":"LiquidBronze"},{"floor":14,"key":"FearPotion"},{"floor":22,"key":"Weak Potion"},{"floor":27,"key":"Regen Potion"},{"floor":29,"key":"Poison Potion"}],"is_trial":false,"path_per_floor":["M","M","M","M","M","R","E","M","T","$","?","R","$","E","R","B",null,"M","M","$","?","M","R","?","R","T","E","M","M","$","M"],"character_chosen":"IRONCLAD","items_purchased":["Bag of Marbles","Perfected Strike","Shrug It Off"],"campfire_rested":1,"item_purchase_floors":[10,20,30],"current_hp_per_floor":[50,48,55,49,43,43,32,22,22,22,45,45,45,30,30,25,82,58,31,31,31,22,53,53,53,53,39,26,31,31,0],"gold":35,"neow_bonus":"THREE_RARE_CARDS","is_prod":false,"is_daily":false,"chose_seed":false,"campfire_upgraded":4,"win_rate":0,"timestamp":1560489585,"path_taken":["M","M","M","M","M","R","E","M","T","$","?","R","$","E","R","BOSS","M","M","$","?","M","R","?","R","T","E","M","M","?","M"],"build_version":"2019-01-23","purchased_purges":1,"victory":false,"max_hp_per_floor":[78,81,84,87,90,90,93,93,93,93,93,93,93,97,97,101,101,101,105,105,105,105,105,105,105,105,105,109,113,113,113],"card_choices":[{"not_picked":["Bludgeon","Barricade"],"picked":"Feed","floor":0},{"not_picked":["Flex","Seeing Red","Havoc"],"picked":"SKIP","floor":1},{"not_picked":["Warcry","Iron Wave"],"picked":"Twin Strike","floor":2},{"not_picked":["Havoc","Cleave"],"picked":"Clothesline","floor":3},{"not_picked":["Sword Boomerang","Second Wind"],"picked":"Anger","floor":4},{"not_picked":["Power Through","Thunderclap","Anger"],"picked":"SKIP","floor":5},{"not_picked":["Clothesline","Warcry","Double Tap"],"picked":"SKIP","floor":7},{"not_picked":["Perfected Strike","Hemokinesis"],"picked":"Inflame","floor":8},{"not_picked":["Iron Wave","Wild Strike"],"picked":"Whirlwind","floor":14},{"not_picked":["Bludgeon","Brutality"],"picked":"Offering","floor":16},{"not_picked":["Cleave","Flex"],"picked":"Armaments","floor":17},{"not_picked":["Bloodletting","Sword Boomerang"],"picked":"Perfected Strike","floor":17},{"not_picked":["Pummel","Clothesline"],"picked":"Metallicize","floor":17},{"not_picked":["Wild Strike","Headbutt"],"picked":"Pommel Strike","floor":17},{"not_picked":["Warcry","Bloodletting"],"picked":"Headbutt","floor":17},{"not_picked":["Sword Boomerang","Flex+1","Sentinel"],"picked":"SKIP","floor":18},{"not_picked":["Brutality","Heavy Blade"],"picked":"Inflame","floor":19},{"not_picked":["Anger","Thunderclap"],"picked":"Armaments","floor":22},{"not_picked":["Metallicize","Second Wind"],"picked":"Pommel Strike","floor":27},{"not_picked":["Inflame","Clash"],"picked":"Juggernaut","floor":28},{"not_picked":["Entrench","Sword Boomerang","Body Slam"],"picked":"SKIP","floor":29}],"player_experience":1772933,"relics_obtained":[{"floor":7,"key":"PreservedInsect"},{"floor":9,"key":"Art of War"},{"floor":14,"key":"Centennial Puzzle"},{"floor":26,"key":"Letter Opener"},{"floor":27,"key":"Potion Belt"}],"event_choices":[{"damage_healed":23,"gold_gain":0,"player_choice":"Healed","damage_taken":0,"max_hp_gain":0,"max_hp_loss":0,"event_name":"The Cleric","floor":11,"gold_loss":35},{"damage_healed":0,"gold_gain":0,"player_choice":"Inject Mutagens","damage_taken":0,"relics_obtained":["MutagenicStrength"],"max_hp_gain":0,"max_hp_loss":0,"event_name":"Drug Dealer","floor":21,"gold_loss":0},{"damage_healed":0,"gold_gain":0,"player_choice":"Ignored","damage_taken":0,"max_hp_gain":0,"max_hp_loss":0,"event_name":"Beggar","floor":24,"gold_loss":0}],"is_beta":false,"boss_relics":[{"not_picked":["Runic Dome","Lizard Tail"],"picked":"Orrery"}],"items_purged_floors":[20],"is_endless":false,"potions_floor_spawned":[2,3,7,14,22,27,29],"killed_by":"Sentry and Sphere","ascension_level":20}