{"gold_per_floor":[117,127,127,127,139,173,173,201,250,269,269,286,286,300,300,395,395,407,407,424,349,166,166,181,201,224,224,224,124,138,138,138,138],"floor_reached":33,"playtime":2290,"items_purged":["Strike_B","Strike_B"],"score":272,"play_id":"a04fdd40-5706-490d-9be3-d2467d310c2e","local_time":"20190707103718","is_ascension_mode":false,"campfire_choices":[{"floor":7,"key":"REST"},{"data":"Dualcast","floor":11,"key":"SMITH"},{"floor":13,"key":"REST"},{"data":"Zap","floor":15,"key":"SMITH"},{"data":"Defragment","floor":23,"key":"SMITH"},{"data":"Defragment","floor":32,"key":"SMITH"}],"neow_cost":"NONE","seed_source_timestamp":1765406621452300,"circlet_count":0,"master_deck":["Strike_B","Defend_B","Defend_B","Defend_B","Defend_B","Zap+1","Dualcast+1","Turbo+1","Double Energy","Coolheaded","Streamline","Skim","FTL","Scrape","Electrodynamics","Beam Cell","Consume","FTL","Defragment+1","Gash","Ghostly","Ghostly","Ghostly","Ghostly","Ghostly","J.A.X.","Defragment+1"],"relics":["Cracked Core","Happy Flower","Potion Belt","Odd Mushroom","Boot","Inserter","NlothsMask","PreservedInsect"],"potions_floor_usage":[6,16,16,33],"damage_taken":[{"damage":2,"enemies":"Small Slimes","floor":1,"turns":4},{"damage":6,"enemies":"Jaw Worm","floor":2,"turns":3},{"damage":0,"enemies":"Cultist","floor":5,"turns":3},{"damage":23,"enemies":"Lagavulin","floor":6,"turns":7},{"damage":18,"enemies":"The Mushroom Lair","floor":8,"turns":6},{"damage":3,"enemies":"Looter","floor":10,"turns":2},{"damage":12,"enemies":"Blue Slaver","floor":12,"turns":3},{"damage":0,"enemies":"2 Fungi Beasts","floor":14,"turns":2},{"damage":15,"enemies":"Hexaghost","floor":16,"turns":9},{"damage":20,"enemies":"2 Thieves","floor":18,"turns":2},{"damage":0,"enemies":"Chosen","floor":20,"turns":4},{"damage":21,"enemies":"3 Cultists","floor":24,"turns":4},{"damage":1,"enemies":"Centurion and Healer","floor":25,"turns":4},{"damage":11,"enemies":"Shelled Parasite and Fungi","floor":30,"turns":6},{"damage":42,"enemies":"Automaton","floor":33,"turns":6}],"seed_played":"-4683076808271169281","potions_obtained":[{"floor":5,"key":"Swift Potion"},{"floor":6,"key":"Poison Potion"},{"floor":10,"key":"FocusPotion"},{"floor":12,"key":"GamblersBrew"},{"floor":24,"key":"Poison Potion"},{"floor":25,"key":"LiquidBronze"},{"floor":30,"key":"Dexterity Potion"}],"is_trial":false,"path_per_floor":["M","M","?","?","M","E","R","?","T","M","R","M","R","M","R","B",null,"M","?","M","?","$","R","M","M","T","?","?","$","M","T","R","B"],"character_chosen":"DEFECT","items_purchased":["FTL","Defragment"],"campfire_rested":2,"item_purchase_floors":[22,22],"current_hp_per_floor":[73,67,67,67,67,44,66,48,48,45,45,33,55,55,55,40,75,55,55,55,55,55,55,34,33,33,33,33,33,22,22,22,0],"gold":138,"neow_bonus":"RANDOM_COMMON_RELIC","is_prod":false,"is_daily":false,"chose_seed":false,"campfire_upgraded":4,"win_rate":0.0,"timestamp":1562510238,"path_taken":["M","M","?","?","M","E","R","?","T","M","R","M","R","M","R","BOSS","M","?","?","?","$","R","M","M","T","?","?","?","M","?","R","BOSS"],"build_version":"2019-07-05","purchased_purges":2,"victory":false,"max_hp_per_floor":[75,75,75,75,75,75,75,75,75,75,75,75,75,75,75,75,75,75,75,75,75,75,75,75,75,75,37,37,37,37,37,37,37],"card_choices":[{"not_picked":["Leap","Beam Cell"],"picked":"Turbo","floor":1},{"not_picked":["Hologram","Storm"],"picked":"Double Energy","floor":2},{"not_picked":["Compile Driver","Stack"],"picked":"Coolheaded","floor":5},{"not_picked":["Ball Lightning","Skim"],"picked":"Streamline","floor":6},{"not_picked":["Force Field","Recycle"],"picked":"Skim","floor":8},{"not_picked":["Stack","Thunder Strike","Fusion"],"picked":"SKIP","floor":10},{"not_picked":["Compile Driver","Beam Cell"],"picked":"FTL","floor":12},{"not_picked":["Undo","Redo"],"picked":"Scrape","floor":14},{"not_picked":["Core Surge","Meteor Strike"],"picked":"Electrodynamics","floor":16},{"not_picked":["Barrage","Compile Driver"],"picked":"Beam Cell","floor":18},{"not_picked":["Compile Driver","Lockon"],"picked":"Consume","floor":20},{"not_picked":["Cold Snap","Skim","Ball Lightning+1"],"picked":"SKIP","floor":24},{"not_picked":["Ball Lightning+1","Streamline+1"],"picked":"Gash","floor":25},{"not_picked":["Conserve Battery","Compile Driver+1"],"picked":"Defragment","floor":30}],"player_experience":97386,"relics_obtained":[{"floor":6,"key":"Potion Belt"},{"floor":8,"key":"Odd Mushroom"},{"floor":9,"key":"Boot"},{"floor":31,"key":"PreservedInsect"}],"event_choices":[{"damage_healed":0,"gold_gain":0,"player_choice":"Ignored","damage_taken":0,"max_hp_gain":0,"max_hp_loss":0,"event_name":"Shining Light","floor":3,"gold_loss":0},{"damage_healed":0,"gold_gain":0,"player_choice":"Grow","damage_taken":0,"max_hp_gain":0,"max_hp_loss":0,"event_name":"Living Wall","floor":4,"gold_loss":0,"cards_upgraded":["Turbo"]},{"damage_healed":0,"gold_gain":0,"player_choice":"Fought Mushrooms","damage_taken":0,"max_hp_gain":0,"max_hp_loss":0,"event_name":"Mushrooms","floor":8,"gold_loss":0},{"damage_healed":0,"gold_gain":0,"player_choice":"Trade","damage_taken":0,"relics_obtained":["NlothsMask"],"max_hp_gain":0,"max_hp_loss":0,"event_name":"FaceTrader","floor":19,"gold_loss":0},{"cards_removed":["Strike_B"],"damage_healed":0,"gold_gain":0,"player_choice":"Gave Gold","damage_taken":0,"max_hp_gain":0,"max_hp_loss":0,"event_name":"Beggar","floor":21,"gold_loss":75},{"damage_healed":0,"gold_gain":0,"player_choice":"Became a Ghost","damage_taken":0,"max_hp_gain":0,"max_hp_loss":38,"event_name":"Ghosts","floor":27,"gold_loss":0,"cards_obtained":["Ghostly","Ghostly","Ghostly","Ghostly","Ghostly"]},{"damage_healed":0,"gold_gain":0,"player_choice":"Obtain J.A.X.","damage_taken":0,"max_hp_gain":0,"max_hp_loss":0,"event_name":"Drug Dealer","floor":28,"gold_loss":0,"cards_obtained":["J.A.X."]}],"is_beta":false,"boss_relics":[{"not_picked":["Coffee Dripper","Cursed Key"],"picked":"Inserter"}],"items_purged_floors":[22,29],"is_endless":false,"potions_floor_spawned":[5,6,10,12,24,25,30],"killed_by":"Automaton","ascension_level":0}