{"gold_per_floor":[111,131,147,147,147,177,196,211,211,226,245,245,277,291,291,390,390,405,420,111,130,55,55,86,96,96,96,121,121,141,161,161,161],"floor_reached":33,"playtime":1361,"items_purged":["Uppercut"],"score":353,"play_id":"a52073f2-e67b-494a-8016-e46dc195eb1b","local_time":"20190702150602","is_ascension_mode":false,"campfire_choices":[{"data":"Perfected Strike","floor":15,"key":"SMITH"},{"data":"Pommel Strike","floor":23,"key":"SMITH"},{"data":"Perfected Strike","floor":29,"key":"SMITH"},{"data":"Feed","floor":32,"key":"PURGE"}],"neow_cost":"NONE","seed_source_timestamp":135532744571007,"circlet_count":0,"master_deck":["Strike_R","Strike_R","Strike_R","Strike_R","Strike_R","Defend_R","Defend_R","Defend_R+1","Bash+1","Power Through","Combust","Pommel Strike","Headbutt","Perfected Strike+1","Twin Strike","Perfected Strike+1","Seeing Red","Rupture+1","Inflame","Pommel Strike+1","Hemokinesis","Burning Pact","Armaments+1","Warcry","Battle Trance+1","Heavy Blade+1"],"relics":["Coffee Dripper","Bronze Scales","Pantograph","Mummified Hand","Sozu","Lantern","Mercury Hourglass","Peace Pipe","Letter Opener"],"potions_floor_usage":[6,16,19,24],"damage_taken":[{"damage":1,"enemies":"Jaw Worm","floor":1,"turns":3},{"damage":0,"enemies":"Cultist","floor":2,"turns":2},{"damage":0,"enemies":"2 Louse","floor":3,"turns":2},{"damage":6,"enemies":"Gremlin Nob","floor":6,"turns":3},{"damage":0,"enemies":"Exordium Wildlife","floor":7,"turns":3},{"damage":7,"enemies":"3 Louse","floor":8,"turns":2},{"damage":0,"enemies":"Blue Slaver","floor":10,"turns":3},{"damage":0,"enemies":"2 Fungi Beasts","floor":11,"turns":3},{"damage":16,"enemies":"3 Sentries","floor":13,"turns":4},{"damage":1,"enemies":"Gremlin Gang","floor":14,"turns":2},{"damage":28,"enemies":"Hexaghost","floor":16,"turns":5},{"damage":1,"enemies":"3 Byrds","floor":18,"turns":3},{"damage":1,"enemies":"Spheric Guardian","floor":19,"turns":2},{"damage":28,"enemies":"Centurion and Healer","floor":21,"turns":4},{"damage":20,"enemies":"Book of Stabbing","floor":24,"turns":4},{"damage":3,"enemies":"Snecko","floor":25,"turns":3},{"damage":2,"enemies":"Gremlin Leader","floor":28,"turns":3},{"damage":10,"enemies":"Cultist and Chosen","floor":30,"turns":2},{"damage":29,"enemies":"Shelled Parasite and Fungi","floor":31,"turns":3},{"damage":42,"enemies":"Champ","floor":33,"turns":5}],"seed_played":"-8262610296030919649","potions_obtained":[{"floor":2,"key":"Weak Potion"},{"floor":3,"key":"Swift Potion"},{"floor":5,"key":"Strength Potion"},{"floor":7,"key":"Explosive Potion"}],"is_trial":false,"path_per_floor":["M","M","M","?","?","E","M","M","T","M","M","?","E","M","R","B",null,"M","M","$","M","?","R","E","M","T","?","E","R","M","M","R","B"],"character_chosen":"IRONCLAD","items_purchased":["Pommel Strike","Hemokinesis","Lantern"],"campfire_rested":0,"item_purchase_floors":[20,20,20],"current_hp_per_floor":[79,79,79,63,63,57,57,53,53,53,56,56,43,45,45,42,92,94,93,93,65,65,65,45,42,42,42,44,44,34,5,5,0],"gold":161,"neow_bonus":"BOSS_RELIC","is_prod":false,"is_daily":false,"chose_seed":false,"campfire_upgraded":3,"win_rate":0.0,"timestamp":1562043962,"path_taken":["M","M","M","?","?","E","?","M","T","?","M","?","E","M","R","BOSS","M","M","$","M","?","R","E","M","T","?","E","R","M","M","R","BOSS"],"build_version":"2019-07-01","purchased_purges":1,"victory":false,"max_hp_per_floor":[80,80,80,80,80,80,80,83,83,83,86,86,89,92,92,92,92,95,95,95,95,95,95,95,95,95,95,99,99,99,99,99,99],"card_choices":[{"not_picked":["Iron Wave","Reckless Charge"],"picked":"Uppercut","floor":1},{"not_picked":["Entrench","Feel No Pain"],"picked":"Power Through","floor":2},{"not_picked":["Body Slam","Warcry"],"picked":"Combust","floor":3},{"not_picked":["Sword Boomerang","Armaments"],"picked":"Pommel Strike","floor":6},{"not_picked":["Clothesline","Burning Pact"],"picked":"Feed","floor":7},{"not_picked":["Iron Wave","Anger"],"picked":"Headbutt","floor":8},{"not_picked":["Second Wind","True Grit"],"picked":"Perfected Strike","floor":10},{"not_picked":["Ghostly Armor","Hemokinesis"],"picked":"Twin Strike","floor":11},{"not_picked":["Burning Pact","Entrench"],"picked":"Perfected Strike","floor":13},{"not_picked":["Sword Boomerang","Iron Wave"],"picked":"Seeing Red","floor":14},{"not_picked":["Limit Break","Barricade"],"picked":"Fiend Fire","floor":16},{"not_picked":["Flex","Thunderclap"],"picked":"Rupture+1","floor":18},{"not_picked":["Warcry+1","Battle Trance"],"picked":"Inflame","floor":19},{"not_picked":["Clash","True Grit"],"picked":"Burning Pact","floor":21},{"not_picked":["True Grit","Flex"],"picked":"Armaments+1","floor":24},{"not_picked":["Rampage+1","Iron Wave+1"],"picked":"Warcry","floor":25},{"not_picked":["Headbutt","Carnage+1"],"picked":"Battle Trance+1","floor":28},{"not_picked":["Entrench","Blood for Blood"],"picked":"Heavy Blade+1","floor":30},{"not_picked":["Barricade","Cleave","Iron Wave"],"picked":"SKIP","floor":31}],"player_experience":2356,"relics_obtained":[{"floor":6,"key":"Bronze Scales"},{"floor":9,"key":"Pantograph"},{"floor":13,"key":"Mummified Hand"},{"floor":24,"key":"Mercury Hourglass"},{"floor":26,"key":"Peace Pipe"},{"floor":28,"key":"Letter Opener"}],"event_choices":[{"damage_healed":0,"gold_gain":0,"player_choice":"Entered Light","damage_taken":16,"max_hp_gain":0,"max_hp_loss":0,"event_name":"Shining Light","floor":4,"gold_loss":0,"cards_upgraded":["Defend_R","Bash"]},{"damage_healed":0,"gold_gain":0,"player_choice":"Got Potions","damage_taken":0,"max_hp_gain":0,"max_hp_loss":0,"event_name":"Lab","floor":5,"gold_loss":0},{"cards_removed":["Defend_R"],"damage_healed":0,"gold_gain":0,"player_choice":"Forget","damage_taken":0,"max_hp_gain":0,"max_hp_loss":0,"event_name":"Living Wall","floor":12,"gold_loss":0},{"cards_removed":["Fiend Fire"],"damage_healed":0,"gold_gain":0,"player_choice":"Gave Gold","damage_taken":0,"max_hp_gain":0,"max_hp_loss":0,"event_name":"Beggar","floor":22,"gold_loss":75},{"damage_healed":0,"gold_gain":0,"player_choice":"Ignored","damage_taken":0,"max_hp_gain":0,"max_hp_loss":0,"event_name":"Vampires","floor":27,"gold_loss":0}],"is_beta":false,"boss_relics":[{"not_picked":["Orrery","Fusion Hammer"],"picked":"Sozu"}],"items_purged_floors":[20],"is_endless":false,"potions_floor_spawned":[2,3,7,8,10,18,21,30,31],"killed_by":"Champ","ascension_level":0}