{"gold_per_floor":[110,125,25,25,25,25,37,53,104,104,124,124,144,5,5,107,107,124,49,65,65,18,50,50,70,70,70,81,81,95,95,95,95],"floor_reached":33,"playtime":2215,"items_purged":[],"score":255,"play_id":"897a3875-cd29-4f77-9250-a38445c67e32","local_time":"20190703235341","is_ascension_mode":false,"campfire_choices":[{"data":"Flex","floor":6,"key":"SMITH"},{"data":"Offering","floor":10,"key":"SMITH"},{"floor":12,"key":"REST"},{"data":"Berserk","floor":15,"key":"SMITH"},{"floor":24,"key":"REST"},{"floor":27,"key":"REST"},{"floor":32,"key":"REST"}],"neow_cost":"NONE","seed_source_timestamp":17509841470506,"circlet_count":0,"master_deck":["Strike_R","Strike_R+1","Strike_R","Defend_R","Defend_R+1","Defend_R","Bash","Perfected Strike","Warcry","Flex+1","Shrug It Off","Offering+1","Headbutt","Blood for Blood","Twin Strike","Berserk+1","Reaper+1","Twin Strike","Dropkick","Shrug It Off","Inflame","Headbutt+1","Flex"],"relics":["Burning Blood","Orichalcum","Boot","Odd Mushroom","Empty Cage","Enchiridion","Regal Pillow","Sundial","Lantern"],"potions_floor_usage":[8,16,16,23,23,28,33],"damage_taken":[{"damage":1,"enemies":"Cultist","floor":1,"turns":4},{"damage":0,"enemies":"2 Louse","floor":2,"turns":3},{"damage":4,"enemies":"Jaw Worm","floor":7,"turns":3},{"damage":0,"enemies":"Looter","floor":8,"turns":3},{"damage":12,"enemies":"Exordium Thugs","floor":11,"turns":5},{"damage":6,"enemies":"The Mushroom Lair","floor":13,"turns":5},{"damage":37,"enemies":"Hexaghost","floor":16,"turns":8},{"damage":8,"enemies":"Chosen","floor":18,"turns":4},{"damage":9,"enemies":"Spheric Guardian","floor":20,"turns":4},{"damage":64,"enemies":"Book of Stabbing","floor":23,"turns":6},{"damage":26,"enemies":"3 Cultists","floor":25,"turns":6},{"damage":30,"enemies":"Shelled Parasite and Fungi","floor":28,"turns":5},{"damage":18,"enemies":"Snake Plant","floor":30,"turns":2},{"damage":84,"enemies":"Automaton","floor":33,"turns":6}],"seed_played":"6830478035134541518","potions_obtained":[{"floor":2,"key":"Block Potion"},{"floor":11,"key":"BloodPotion"},{"floor":13,"key":"Block Potion"},{"floor":16,"key":"SkillPotion"},{"floor":20,"key":"Strength Potion"},{"floor":23,"key":"SteroidPotion"},{"floor":28,"key":"Ancient Potion"},{"floor":30,"key":"AttackPotion"}],"is_trial":false,"path_per_floor":["M","M","$","?","?","R","M","M","T","R","M","R","?","$","R","B",null,"M","?","M","?","$","E","R","M","T","R","M","?","M","?","R","B"],"character_chosen":"IRONCLAD","items_purchased":["Flex","Shrug It Off","Berserk","Shrug It Off"],"campfire_rested":4,"item_purchase_floors":[3,3,14,22],"current_hp_per_floor":[80,80,80,80,64,64,66,72,72,72,66,80,80,80,80,69,80,80,80,77,61,61,9,48,52,52,80,62,62,50,50,80,0],"gold":95,"neow_bonus":"RANDOM_COMMON_RELIC","is_prod":false,"is_daily":false,"chose_seed":false,"campfire_upgraded":3,"win_rate":0,"timestamp":1562194421,"path_taken":["M","M","$","?","?","R","M","M","T","R","M","R","?","$","R","BOSS","M","?","M","?","$","E","R","M","T","R","?","?","?","?","R","BOSS"],"build_version":"2019-07-01","purchased_purges":0,"victory":false,"max_hp_per_floor":[80,80,80,80,80,80,80,80,80,80,80,80,80,80,80,80,80,80,80,80,80,80,80,80,80,80,80,80,80,80,80,80,80],"card_choices":[{"not_picked":["True Grit","Corruption"],"picked":"Perfected Strike","floor":1},{"not_picked":["Sword Boomerang","Heavy Blade"],"picked":"Warcry","floor":2},{"not_picked":["Feel No Pain","Pommel Strike"],"picked":"Offering","floor":7},{"not_picked":["Perfected Strike","Bloodletting"],"picked":"Headbutt","floor":8},{"not_picked":["Searing Blow","Clash"],"picked":"Blood for Blood","floor":11},{"not_picked":["Havoc","Sever Soul"],"picked":"Twin Strike","floor":13},{"not_picked":["Feed","Immolate"],"picked":"Reaper","floor":16},{"not_picked":["Reckless Charge","Fire Breathing"],"picked":"Twin Strike","floor":18},{"not_picked":["Wild Strike","Body Slam+1"],"picked":"Dropkick","floor":20},{"not_picked":["Cleave","Twin Strike"],"picked":"Inflame","floor":23},{"not_picked":["Sentinel","Body Slam"],"picked":"Headbutt+1","floor":25},{"not_picked":["Clash","Havoc","Clothesline+1"],"picked":"SKIP","floor":28},{"not_picked":["Uppercut+1","Warcry"],"picked":"Flex","floor":30}],"player_experience":43831,"relics_obtained":[{"floor":9,"key":"Boot"},{"floor":13,"key":"Odd Mushroom"},{"floor":21,"key":"Enchiridion"},{"floor":23,"key":"Regal Pillow"},{"floor":26,"key":"Sundial"}],"event_choices":[{"damage_healed":0,"gold_gain":0,"player_choice":"Ignored","damage_taken":0,"max_hp_gain":0,"max_hp_loss":0,"event_name":"Golden Wing","floor":4,"gold_loss":0},{"damage_healed":0,"gold_gain":0,"player_choice":"Entered Light","damage_taken":16,"max_hp_gain":0,"max_hp_loss":0,"event_name":"Shining Light","floor":5,"gold_loss":0,"cards_upgraded":["Defend_R","Strike_R"]},{"damage_healed":0,"gold_gain":0,"player_choice":"Fought Mushrooms","damage_taken":0,"max_hp_gain":0,"max_hp_loss":0,"event_name":"Mushrooms","floor":13,"gold_loss":0},{"cards_removed":["Strike_R"],"damage_healed":0,"gold_gain":0,"player_choice":"Gave Gold","damage_taken":0,"max_hp_gain":0,"max_hp_loss":0,"event_name":"Beggar","floor":19,"gold_loss":75},{"damage_healed":0,"gold_gain":0,"player_choice":"Obtained Book","damage_taken":16,"max_hp_gain":0,"max_hp_loss":0,"event_name":"Cursed Tome","floor":21,"gold_loss":0},{"damage_healed":0,"gold_gain":0,"player_choice":"Gave Potion","damage_taken":0,"relics_obtained":["Lantern"],"max_hp_gain":0,"max_hp_loss":0,"event_name":"WeMeetAgain","floor":29,"gold_loss":0},{"damage_healed":0,"gold_gain":0,"player_choice":"Upgraded","damage_taken":0,"max_hp_gain":0,"max_hp_loss":0,"event_name":"Upgrade Shrine","floor":31,"gold_loss":0,"cards_upgraded":["Reaper"]}],"is_beta":false,"boss_relics":[{"not_picked":["Sozu","Cursed Key"],"picked":"Empty Cage"}],"items_purged_floors":[],"is_endless":false,"potions_floor_spawned":[2,11,13,16,20,23,28,30],"killed_by":"Automaton","ascension_level":0}