{"gold_per_floor":[112,132,149,159,159,194,194,194,221,221,78,117,117,138,138,259,259,284,88,72,35,56,95,134,134,134,157,176,176,189,230,230,351,351,374,395,40,40,55,55,80,123,123,142,142,182,207,207,207,207],"floor_reached":51,"playtime":5445,"items_purged":["Strike_B","Strike_B","Defend_B"],"score":797,"play_id":"d4dbfe7c-69db-46e7-85fe-ed2353f26c88","local_time":"20190712230748","is_ascension_mode":true,"campfire_choices":[{"floor":7,"key":"REST"},{"floor":10,"key":"REST"},{"floor":13,"key":"REST"},{"floor":15,"key":"RECALL"},{"floor":25,"key":"REST"},{"floor":29,"key":"REST"},{"floor":32,"key":"REST"},{"floor":40,"key":"REST"},{"floor":45,"key":"REST"},{"floor":49,"key":"REST"}],"neow_cost":"NONE","seed_source_timestamp":48909622792800,"circlet_count":0,"master_deck":["Defend_B","Defend_B","Zap","Dualcast","Undo","Sunder","Turbo+1","Cold Snap","Reinforced Body","Echo Form","Conserve Battery","Machine Learning","Ball Lightning","Cold Snap","Conserve Battery+1","Melter","Blizzard","Compile Driver+1","Melter","Defragment+1","Cold Snap","Barrage","Conserve Battery","Reboot","Ball Lightning+1","Redo+1","Turbo","Hologram","Zap","Dark Shackles","Hologram","Ball Lightning+1","Leap+1","Biased Cognition"],"relics":["Fusion Hammer","Golden Idol","Lantern","Strawberry","Anchor","Runic Pyramid","Ornamental Fan","Red Mask","War Paint","Bronze Scales","Empty Cage","PreservedInsect","Bag of Preparation","Toxic Egg 2","Oddly Smooth Stone"],"potions_floor_usage":[4,6,24,27,28,28,41,42,50,50,50],"damage_taken":[{"damage":3,"enemies":"Jaw Worm","floor":1,"turns":4},{"damage":0,"enemies":"2 Louse","floor":2,"turns":2},{"damage":1,"enemies":"Cultist","floor":3,"turns":3},{"damage":0,"enemies":"Looter","floor":4,"turns":2},{"damage":20,"enemies":"Gremlin Nob","floor":6,"turns":4},{"damage":0,"enemies":"3 Sentries","floor":12,"turns":9},{"damage":1,"enemies":"Red Slaver","floor":14,"turns":3},{"damage":10,"enemies":"Hexaghost","floor":16,"turns":12},{"damage":1,"enemies":"Chosen","floor":18,"turns":6},{"damage":1,"enemies":"2 Thieves","floor":20,"turns":4},{"damage":0,"enemies":"Shelled Parasite and Fungi","floor":22,"turns":5},{"damage":22,"enemies":"Gremlin Leader","floor":23,"turns":8},{"damage":13,"enemies":"Masked Bandits","floor":24,"turns":5},{"damage":0,"enemies":"Snake Plant","floor":27,"turns":4},{"damage":9,"enemies":"Cultist and Chosen","floor":28,"turns":7},{"damage":0,"enemies":"Snecko","floor":30,"turns":4},{"damage":15,"enemies":"Slavers","floor":31,"turns":5},{"damage":14,"enemies":"Champ","floor":33,"turns":11},{"damage":17,"enemies":"3 Shapes","floor":35,"turns":6},{"damage":29,"enemies":"3 Darklings","floor":36,"turns":5},{"damage":11,"enemies":"Sphere and 2 Shapes","floor":39,"turns":4},{"damage":19,"enemies":"Transient","floor":41,"turns":5},{"damage":20,"enemies":"Giant Head","floor":42,"turns":5},{"damage":3,"enemies":"Jaw Worm Horde","floor":44,"turns":4},{"damage":0,"enemies":"Nemesis","floor":46,"turns":7},{"damage":0,"enemies":"Maw","floor":47,"turns":7},{"damage":42,"enemies":"Time Eater","floor":50,"turns":11}],"seed_played":"5649969914167947142","potions_obtained":[{"floor":1,"key":"Fire Potion"},{"floor":2,"key":"SkillPotion"},{"floor":3,"key":"Weak Potion"},{"floor":6,"key":"FearPotion"},{"floor":22,"key":"Swift Potion"},{"floor":27,"key":"Regen Potion"},{"floor":28,"key":"Strength Potion"},{"floor":30,"key":"Poison Potion"},{"floor":33,"key":"SkillPotion"},{"floor":39,"key":"Ancient Potion"},{"floor":41,"key":"Ancient Potion"},{"floor":46,"key":"AttackPotion"}],"is_trial":false,"path_per_floor":["M","M","M","M","?","E","R","?","T","R","$","E","R","M","R","B",null,"M","$","M","$","M","E","?","R","T","M","M","R","M","E","R","B",null,"M","M","$","?","M","R","M","E","T","M","R","E","M","?","R","B",null],"character_chosen":"DEFECT","items_purchased":["Reinforced Body","Cold Snap","Conserve Battery","Blizzard","Turbo","Hologram","PreservedInsect"],"campfire_rested":9,"item_purchase_floors":[11,19,19,21,37,37,37],"current_hp_per_floor":[72,72,71,71,53,33,55,55,62,82,82,82,82,81,81,71,82,81,81,80,80,80,58,45,69,69,69,69,82,82,67,82,68,82,65,36,36,36,25,49,30,10,10,7,31,31,31,31,54,12],"gold":207,"neow_bonus":"BOSS_RELIC","is_prod":false,"is_daily":false,"chose_seed":false,"campfire_upgraded":0,"win_rate":0,"timestamp":1562940468,"path_taken":["M","M","M","M","?","E","R","?","T","R","$","E","R","?","R","BOSS","M","$","M","$","M","E","?","R","T","M","M","R","M","E","R","BOSS","M","M","$","?","?","R","M","E","T","M","R","E","M","?","R","BOSS"],"build_version":"2019-07-05","purchased_purges":3,"victory":true,"max_hp_per_floor":[75,75,75,75,75,75,75,75,82,82,82,82,82,82,82,82,82,82,82,82,82,82,82,82,82,82,82,82,82,82,82,82,82,82,82,82,82,82,82,82,82,82,82,82,82,82,82,78,78,78],"card_choices":[{"not_picked":["Reprogram","Double Energy"],"picked":"Undo","floor":1},{"not_picked":["Steam Power","Skim"],"picked":"Sunder","floor":2},{"not_picked":["Stack","Streamline"],"picked":"Turbo","floor":3},{"not_picked":["Skim","Fusion"],"picked":"Cold Snap","floor":4},{"not_picked":["Meteor Strike","Static Discharge","Gash"],"picked":"SKIP","floor":6},{"not_picked":["Amplify","Chaos"],"picked":"Echo Form","floor":12},{"not_picked":["Gash","Storm"],"picked":"Conserve Battery","floor":14},{"not_picked":["Buffer","Electrodynamics"],"picked":"Machine Learning","floor":16},{"not_picked":["Coolheaded+1","Steam+1"],"picked":"Ball Lightning","floor":18},{"not_picked":["Gash","Cold Snap+1"],"picked":"Melter","floor":20},{"not_picked":["Melter","Stack"],"picked":"Compile Driver+1","floor":22},{"not_picked":["Aggregate","Consume"],"picked":"Melter","floor":23},{"not_picked":["Tempest","Sweeping Beam"],"picked":"Defragment+1","floor":27},{"not_picked":["Conserve Battery","Chaos"],"picked":"Cold Snap","floor":28},{"not_picked":["Streamline+1","Cold Snap"],"picked":"Barrage","floor":30},{"not_picked":["Streamline","Storm"],"picked":"Conserve Battery","floor":31},{"not_picked":["Echo Form","Multi-Cast"],"picked":"Reboot","floor":33},{"not_picked":["Rip and Tear+1","Steam+1"],"picked":"Ball Lightning+1","floor":35},{"not_picked":["BootSequence","Hello World+1"],"picked":"Redo+1","floor":36},{"not_picked":["Gash","Recycle+1"],"picked":"Hologram","floor":39},{"not_picked":["Beam Cell","Storm+1"],"picked":"Ball Lightning+1","floor":41},{"not_picked":["Stack+1","Gash","Ball Lightning+1"],"picked":"SKIP","floor":42},{"not_picked":["Rebound","Coolheaded+1"],"picked":"Leap+1","floor":44},{"not_picked":["Consume+1","Storm","Streamline"],"picked":"SKIP","floor":46},{"not_picked":["Gash+1","Streamline"],"picked":"Biased Cognition","floor":47}],"player_experience":132325,"relics_obtained":[{"floor":6,"key":"Lantern"},{"floor":9,"key":"Strawberry"},{"floor":12,"key":"Anchor"},{"floor":23,"key":"Ornamental Fan"},{"floor":24,"key":"Red Mask"},{"floor":26,"key":"War Paint"},{"floor":31,"key":"Bronze Scales"},{"floor":42,"key":"Bag of Preparation"},{"floor":43,"key":"Toxic Egg 2"},{"floor":46,"key":"Oddly Smooth Stone"}],"event_choices":[{"damage_healed":0,"gold_gain":0,"player_choice":"Take Damage","damage_taken":18,"relics_obtained":["Golden Idol"],"max_hp_gain":0,"max_hp_loss":0,"event_name":"Golden Idol","floor":5,"gold_loss":0},{"cards_removed":["Strike_B"],"damage_healed":0,"gold_gain":0,"player_choice":"Offered Basic","damage_taken":0,"max_hp_gain":0,"max_hp_loss":0,"event_name":"Bonfire Elementals","floor":8,"gold_loss":0},{"damage_healed":0,"gold_gain":0,"player_choice":"Fought Bandits","damage_taken":0,"max_hp_gain":0,"max_hp_loss":0,"event_name":"Masked Bandits","floor":24,"gold_loss":0},{"damage_healed":0,"gold_gain":0,"player_choice":"2 cards matched","damage_taken":0,"max_hp_gain":0,"max_hp_loss":0,"event_name":"Match and Keep!","floor":38,"gold_loss":0,"cards_obtained":["Zap","Dark Shackles"]},{"damage_healed":0,"gold_gain":0,"player_choice":"Max HP","damage_taken":0,"max_hp_gain":0,"max_hp_loss":4,"event_name":"Winding Halls","floor":48,"gold_loss":0}],"is_beta":false,"boss_relics":[{"not_picked":["Calling Bell","Eternal Feather"],"picked":"Runic Pyramid"},{"not_picked":["Coffee Dripper","Black Star"],"picked":"Empty Cage"}],"items_purged_floors":[11,19,37],"is_endless":false,"potions_floor_spawned":[1,2,3,6,22,27,28,30,33,39,41,46],"ascension_level":1}