{"gold_per_floor":[114,114,129,129,20,50,50,65,65,65,80,95,95,110,110,210,210,225,225,125,140,155,155,155],"floor_reached":24,"playtime":1385,"items_purged":["Regret","Strike_G"],"score":223,"play_id":"9d957a39-eacc-4a69-8435-4dce6e64d33c","local_time":"20190708213119","daily_mods":["Specialized","Red Cards","Lethality"],"is_ascension_mode":false,"campfire_choices":[{"floor":7,"key":"REST"},{"data":"Rage","floor":10,"key":"SMITH"},{"data":"Pommel Strike","floor":13,"key":"SMITH"},{"floor":15,"key":"REST"},{"floor":23,"key":"REST"}],"neow_cost":"","seed_source_timestamp":0,"circlet_count":0,"master_deck":["Strike_G","Strike_G","Strike_G","Strike_G","Defend_G+1","Defend_G","Defend_G","Defend_G","Defend_G","Survivor","Neutralize","Double Tap","Double Tap","Double Tap+1","Double Tap","Double Tap","Inflame","Inflame","Rage+1","Pommel Strike+1","Inflame","Infinite Blades","Shrug It Off","Phantasmal Killer","Dash+1","Pummel+1"],"special_seed":18086,"relics":["Ring of the Snake","Letter Opener","Vajra","Cursed Key","Nloth\u0027s Gift"],"potions_floor_usage":[16,24],"damage_taken":[{"damage":7,"enemies":"Jaw Worm","floor":1,"turns":5},{"damage":7,"enemies":"2 Louse","floor":3,"turns":3},{"damage":18,"enemies":"Lagavulin","floor":6,"turns":6},{"damage":0,"enemies":"Cultist","floor":8,"turns":2},{"damage":0,"enemies":"Looter","floor":11,"turns":2},{"damage":0,"enemies":"Large Slime","floor":12,"turns":2},{"damage":6,"enemies":"Exordium Thugs","floor":14,"turns":3},{"damage":19,"enemies":"Slime Boss","floor":16,"turns":8},{"damage":27,"enemies":"Chosen","floor":18,"turns":5},{"damage":26,"enemies":"2 Thieves","floor":21,"turns":4},{"damage":15,"enemies":"3 Cultists","floor":22,"turns":5},{"damage":23,"enemies":"Snake Plant","floor":24,"turns":2}],"seed_played":"2934690668443707342","potions_obtained":[{"floor":6,"key":"Regen Potion"},{"floor":12,"key":"Dexterity Potion"},{"floor":16,"key":"SteroidPotion"},{"floor":21,"key":"Ancient Potion"}],"is_trial":false,"path_per_floor":["M","?","M","?","$","E","R","M","T","R","M","M","R","M","R","B",null,"M","?","$","M","M","R","M"],"character_chosen":"THE_SILENT","items_purchased":["Rage"],"campfire_rested":3,"item_purchase_floors":[5],"current_hp_per_floor":[63,49,42,42,42,24,45,45,45,45,45,45,45,39,60,55,70,43,43,43,17,2,23,0],"gold":155,"neow_bonus":"","is_prod":false,"is_daily":true,"chose_seed":false,"campfire_upgraded":2,"win_rate":0,"timestamp":1562635879,"path_taken":["M","?","M","?","$","E","R","M","T","R","M","M","R","M","R","BOSS","M","?","$","M","?","R","M"],"build_version":"2019-07-05","purchased_purges":2,"victory":false,"max_hp_per_floor":[70,70,70,70,70,70,70,70,70,70,70,70,70,70,70,70,70,70,70,70,70,70,70,70],"card_choices":[{"not_picked":["Anger","Bouncing Flask"],"picked":"Inflame","floor":1},{"not_picked":["Wild Strike","Dagger Throw"],"picked":"Inflame","floor":3},{"not_picked":["Offering","Double Tap"],"picked":"Pommel Strike","floor":6},{"not_picked":["Anger","Shrug It Off"],"picked":"Inflame","floor":8},{"not_picked":["Backflip","Twin Strike"],"picked":"Infinite Blades","floor":11},{"not_picked":["Footwork","Rupture"],"picked":"Shrug It Off","floor":12},{"not_picked":["Pommel Strike","Underhanded Strike","Quick Slash"],"picked":"SKIP","floor":14},{"not_picked":["Wraith Form v2","Offering"],"picked":"Phantasmal Killer","floor":16},{"not_picked":["Poisoned Stab","Predator","Anger"],"picked":"SKIP","floor":18},{"not_picked":["Corpse Explosion","Footwork"],"picked":"Dash+1","floor":21},{"not_picked":["Crippling Poison","Concentrate"],"picked":"Pummel+1","floor":22}],"player_experience":129924,"relics_obtained":[{"floor":6,"key":"Vajra"},{"floor":9,"key":"The Specimen"}],"event_choices":[{"damage_healed":0,"gold_gain":0,"player_choice":"Entered Light","damage_taken":14,"max_hp_gain":0,"max_hp_loss":0,"event_name":"Shining Light","floor":2,"gold_loss":0,"cards_upgraded":["Defend_G","Double Tap"]},{"damage_healed":0,"gold_gain":0,"player_choice":"Box","damage_taken":0,"relics_obtained":["Letter Opener"],"max_hp_gain":0,"max_hp_loss":0,"event_name":"Big Fish","floor":4,"gold_loss":0,"cards_obtained":["Regret"]},{"damage_healed":0,"gold_gain":0,"player_choice":"Traded Relic","damage_taken":0,"relics_obtained":["Nloth\u0027s Gift"],"max_hp_gain":0,"max_hp_loss":0,"event_name":"N\u0027loth","floor":19,"relics_lost":["The Specimen"],"gold_loss":0}],"is_beta":false,"boss_relics":[{"not_picked":["Sozu","Lizard Tail"],"picked":"Cursed Key"}],"items_purged_floors":[5,20],"is_endless":false,"potions_floor_spawned":[6,12,16,21,22],"killed_by":"Snake Plant","ascension_level":0}