{"gold_per_floor":[112,112,187,205,217,245,245,257,257,274,274,284,301,312,312,414,414,428,117,134,151,169,169,169,189,215,130,130,163,163,182,182,284,284,296,312,322,322,322,322,322],"floor_reached":41,"playtime":3537,"items_purged":[],"score":469,"play_id":"cfea1413-8e9d-4e92-bd6d-5402f4e053be","local_time":"20190704171112","is_ascension_mode":false,"campfire_choices":[{"floor":7,"key":"REST"},{"floor":15,"key":"REST"},{"floor":23,"key":"REST"},{"floor":28,"key":"REST"},{"floor":30,"key":"REST"},{"data":"Blood for Blood","floor":32,"key":"SMITH"}],"neow_cost":"NONE","seed_source_timestamp":844429213681886,"circlet_count":0,"master_deck":["Strike_R","Strike_R","Strike_R","Strike_R","Defend_R","Defend_R","Defend_R","Defend_R","Bash","Anger","Anger","Shrug It Off","Rage","Rampage","Twin Strike","Blood for Blood+1","Anger","Impervious","Shockwave","Anger","Deep Breath","Body Slam","Anger","Cleave","Shrug It Off","RitualDagger","Twin Strike+1","Clumsy","Carnage","Uppercut","Juggernaut","Anger","Thunderclap+1","Headbutt+1","PanicButton","Mind Blast","Trip","Double Tap"],"relics":["Black Blood","Self Forming Clay","Unceasing Top","Cursed Key","Happy Flower","Bronze Scales","Calipers","Juzu Bracelet"],"potions_floor_usage":[16,16,16,31,33,33,33],"damage_taken":[{"damage":9,"enemies":"2 Louse","floor":1,"turns":4},{"damage":1,"enemies":"Jaw Worm","floor":4,"turns":3},{"damage":1,"enemies":"Cultist","floor":5,"turns":4},{"damage":37,"enemies":"Gremlin Nob","floor":6,"turns":5},{"damage":2,"enemies":"Large Slime","floor":8,"turns":5},{"damage":5,"enemies":"Looter","floor":10,"turns":3},{"damage":4,"enemies":"2 Fungi Beasts","floor":12,"turns":3},{"damage":12,"enemies":"Blue Slaver","floor":13,"turns":3},{"damage":10,"enemies":"Exordium Thugs","floor":14,"turns":6},{"damage":40,"enemies":"Slime Boss","floor":16,"turns":9},{"damage":10,"enemies":"3 Byrds","floor":18,"turns":5},{"damage":20,"enemies":"2 Thieves","floor":20,"turns":5},{"damage":26,"enemies":"Centurion and Healer","floor":21,"turns":7},{"damage":14,"enemies":"Sentry and Sphere","floor":22,"turns":5},{"damage":2,"enemies":"Cultist and Chosen","floor":25,"turns":4},{"damage":31,"enemies":"Book of Stabbing","floor":29,"turns":5},{"damage":3,"enemies":"Snecko","floor":31,"turns":3},{"damage":42,"enemies":"Champ","floor":33,"turns":7},{"damage":37,"enemies":"3 Darklings","floor":35,"turns":6},{"damage":4,"enemies":"3 Shapes","floor":36,"turns":4},{"damage":17,"enemies":"Maw","floor":37,"turns":7},{"damage":66,"enemies":"Giant Head","floor":41,"turns":7}],"seed_played":"-5170907851021536750","potions_obtained":[{"floor":10,"key":"LiquidBronze"},{"floor":12,"key":"Block Potion"},{"floor":14,"key":"LiquidBronze"},{"floor":16,"key":"Fruit Juice"},{"floor":20,"key":"FearPotion"},{"floor":22,"key":"PowerPotion"},{"floor":31,"key":"Poison Potion"},{"floor":33,"key":"Strength Potion"}],"is_trial":false,"path_per_floor":["M","?","?","M","M","E","R","M","T","M","?","M","M","M","R","B",null,"M","$","M","M","M","R","?","M","T","?","R","E","R","M","R","B",null,"M","M","M","?","?","?","E"],"character_chosen":"IRONCLAD","items_purchased":["Happy Flower","Anger","Deep Breath","Body Slam"],"campfire_rested":5,"item_purchase_floors":[19,19,19,19],"current_hp_per_floor":[85,85,74,79,84,53,79,83,83,84,84,86,80,76,88,54,88,84,84,70,50,42,68,62,66,66,66,88,63,88,93,93,57,93,66,72,65,55,55,55,0],"gold":322,"neow_bonus":"TEN_PERCENT_HP_BONUS","is_prod":false,"is_daily":false,"chose_seed":false,"campfire_upgraded":1,"win_rate":0.0,"timestamp":1562274672,"path_taken":["M","?","?","M","M","E","R","M","T","M","?","M","M","M","R","BOSS","M","?","M","M","M","R","?","M","T","?","R","E","R","M","R","BOSS","M","M","M","?","?","?","E"],"build_version":"2019-07-01","purchased_purges":0,"victory":false,"max_hp_per_floor":[88,88,88,88,88,88,88,88,88,88,88,88,88,88,88,88,88,88,88,88,88,88,88,88,88,88,88,88,88,88,93,93,93,93,93,93,93,93,93,93,93],"card_choices":[{"not_picked":["Cleave","Warcry"],"picked":"Anger","floor":1},{"not_picked":["Twin Strike","Heavy Blade"],"picked":"Anger","floor":4},{"not_picked":["Cleave","Iron Wave"],"picked":"Shrug It Off","floor":5},{"not_picked":["Power Through","Sword Boomerang"],"picked":"Rage","floor":6},{"not_picked":["Rupture","True Grit"],"picked":"Bloodletting","floor":8},{"not_picked":["Shrug It Off","Iron Wave"],"picked":"Rampage","floor":10},{"not_picked":["Pommel Strike","Perfected Strike"],"picked":"Twin Strike","floor":12},{"not_picked":["Iron Wave","Flame Barrier"],"picked":"Blood for Blood","floor":13},{"not_picked":["Pommel Strike","Combust"],"picked":"Anger","floor":14},{"not_picked":["Brutality","Feed"],"picked":"Impervious","floor":16},{"not_picked":["Iron Wave","Rupture+1"],"picked":"Shockwave","floor":18},{"not_picked":["Headbutt","Clash"],"picked":"Anger","floor":20},{"not_picked":["Clothesline","Shockwave"],"picked":"Cleave","floor":21},{"not_picked":["Perfected Strike","Disarm"],"picked":"Shrug It Off","floor":22},{"not_picked":["Flex","True Grit"],"picked":"Twin Strike+1","floor":25},{"not_picked":["Berserk","Perfected Strike"],"picked":"Carnage","floor":29},{"not_picked":["True Grit","Reckless Charge"],"picked":"Uppercut","floor":31},{"not_picked":["Brutality","Offering"],"picked":"Juggernaut","floor":33},{"not_picked":["Sword Boomerang+1","Uppercut"],"picked":"Anger","floor":35},{"not_picked":["Combust+1","Perfected Strike+1"],"picked":"Thunderclap+1","floor":36},{"not_picked":["Iron Wave+1","Corruption+1"],"picked":"Headbutt+1","floor":37},{"not_picked":["Forethought","Transmutation"],"picked":"PanicButton","floor":38},{"not_picked":["Metamorphosis","Swift Strike"],"picked":"Mind Blast","floor":38},{"not_picked":["Blind","Magnetism"],"picked":"Trip","floor":38}],"player_experience":4325,"relics_obtained":[{"floor":6,"key":"Self Forming Clay"},{"floor":9,"key":"Unceasing Top"},{"floor":26,"key":"Bronze Scales"},{"floor":29,"key":"Juzu Bracelet"}],"event_choices":[{"damage_healed":0,"gold_gain":0,"player_choice":"Leave","damage_taken":0,"max_hp_gain":0,"max_hp_loss":0,"event_name":"The Cleric","floor":2,"gold_loss":0},{"damage_healed":0,"gold_gain":75,"player_choice":"Gather Gold","damage_taken":11,"max_hp_gain":0,"max_hp_loss":0,"event_name":"World of Goop","floor":3,"gold_loss":0},{"cards_removed":["Bloodletting"],"damage_healed":0,"gold_gain":0,"player_choice":"Purged","damage_taken":0,"max_hp_gain":0,"max_hp_loss":0,"event_name":"Purifier","floor":11,"gold_loss":0},{"damage_healed":0,"gold_gain":0,"player_choice":"Joined the Cult","damage_taken":6,"max_hp_gain":0,"max_hp_loss":0,"event_name":"Nest","floor":24,"gold_loss":0,"cards_obtained":["RitualDagger"]},{"damage_healed":0,"gold_gain":0,"player_choice":"Obtained Relic","damage_taken":0,"relics_obtained":["Calipers"],"max_hp_gain":0,"max_hp_loss":0,"event_name":"Addict","floor":27,"gold_loss":85},{"damage_healed":0,"gold_gain":0,"player_choice":"Memory 3","damage_taken":10,"max_hp_gain":0,"max_hp_loss":0,"event_name":"SensoryStone","floor":38,"gold_loss":0},{"damage_healed":0,"gold_gain":0,"player_choice":"Ignored","damage_taken":0,"max_hp_gain":0,"max_hp_loss":0,"event_name":"Mysterious Sphere","floor":39,"gold_loss":0},{"damage_healed":0,"gold_gain":0,"cards_transformed":["Strike_R"],"player_choice":"Transformed","damage_taken":0,"max_hp_gain":0,"max_hp_loss":0,"event_name":"Transmorgrifier","floor":40,"gold_loss":0,"cards_obtained":["Double Tap"]}],"is_beta":false,"boss_relics":[{"not_picked":["Black Star","Tiny House"],"picked":"Cursed Key"},{"not_picked":["Sozu","Busted Crown"],"picked":"Black Blood"}],"items_purged_floors":[],"is_endless":false,"potions_floor_spawned":[10,12,14,16,20,22,31,33],"killed_by":"Giant Head","ascension_level":0}