{"gold_per_floor":[116,116,133,153,169,197,197,217,217,33,59,59,59,84,84,185,185,198,224,240,240,13,13,13,13,66,81,94,105,131,157,169,181],"floor_reached":33,"playtime":4070,"items_purged":["Strike_R","Strike_R"],"score":287,"play_id":"9d4ee731-1424-444a-af9e-6cecc6621fd8","local_time":"20190713194818","is_ascension_mode":false,"campfire_choices":[{"data":"Bash","floor":7.0,"key":"SMITH"},{"floor":13,"key":"REST"},{"floor":15,"key":"REST"},{"data":"Pommel Strike","floor":23,"key":"SMITH"},{"floor":25,"key":"REST"},{"floor":32,"key":"REST"}],"neow_cost":"NONE","seed_source_timestamp":0,"circlet_count":0,"master_deck":["Strike_R","Strike_R","Strike_R","Defend_R","Defend_R","Defend_R","Defend_R","Bash+1","Disarm","Clothesline","Combust","Pommel Strike+1","Hemokinesis","Shockwave","Rupture","Anger","Double Tap","Carnage","Hemokinesis+1","Shrug It Off","Immolate","Battle Trance"],"special_seed":0,"relics":["Burning Blood","Happy Flower","Dodecahedron","FossilizedHelix","Letter Opener","Philosopher\u0027s Stone","Red Mask","Red Skull","MawBank"],"potions_floor_usage":[14,18,19,27,27,29,30,31,31,33],"damage_taken":[{"damage":2.0,"enemies":"2 Louse","floor":1.0,"turns":4.0},{"damage":19.0,"enemies":"Cultist","floor":3.0,"turns":6.0},{"damage":5.0,"enemies":"Jaw Worm","floor":4.0,"turns":6.0},{"damage":3.0,"enemies":"Looter","floor":5.0,"turns":4.0},{"damage":28.0,"enemies":"Gremlin Nob","floor":6.0,"turns":4.0},{"damage":7.0,"enemies":"Red Slaver","floor":8.0,"turns":4.0},{"damage":37,"enemies":"3 Sentries","floor":11,"turns":6},{"damage":26,"enemies":"Lagavulin","floor":14,"turns":5},{"damage":43,"enemies":"Hexaghost","floor":16,"turns":8},{"damage":15,"enemies":"Spheric Guardian","floor":18,"turns":3},{"damage":32,"enemies":"Masked Bandits","floor":19,"turns":4},{"damage":4,"enemies":"Chosen","floor":20,"turns":4},{"damage":18,"enemies":"Snake Plant","floor":27,"turns":3},{"damage":30,"enemies":"Cultist and Chosen","floor":28,"turns":5},{"damage":28,"enemies":"3 Cultists","floor":29,"turns":5},{"damage":16,"enemies":"Gremlin Leader","floor":30,"turns":4},{"damage":14,"enemies":"Sentry and Sphere","floor":31,"turns":5},{"damage":76,"enemies":"Collector","floor":33,"turns":6}],"seed_played":"-3210325525360735051","potions_obtained":[{"floor":0.0,"key":"Ancient Potion"},{"floor":0.0,"key":"Regen Potion"},{"floor":0.0,"key":"Fruit Juice"},{"floor":3.0,"key":"SteroidPotion"},{"floor":5.0,"key":"Explosive Potion"},{"floor":6.0,"key":"Ancient Potion"},{"floor":11,"key":"Swift Potion"},{"floor":18,"key":"SkillPotion"},{"floor":28,"key":"Block Potion"},{"floor":29,"key":"LiquidBronze"},{"floor":30,"key":"SteroidPotion"},{"floor":31,"key":"Dexterity Potion"}],"is_trial":false,"path_per_floor":["M","?","M","M","M","E","R","M","T","$","E","?","R","E","R","B",null,"M","?","M","?","$","R","?","R","T","M","M","M","E","M","R","B"],"character_chosen":"IRONCLAD","items_purchased":["Hemokinesis","Shockwave","BloodPotion","Dexterity Potion"],"campfire_rested":4,"item_purchase_floors":[10,10,22,22],"current_hp_per_floor":[85,85,72,73,76,63,63,62,62,62,31,31,56,36,61,24,85,76,50,52,52,52,52,36,61,61,70,46,45,35,27,52,0],"gold":181,"neow_bonus":"THREE_SMALL_POTIONS","is_prod":false,"is_daily":false,"chose_seed":false,"campfire_upgraded":2,"win_rate":0,"timestamp":1563072498,"path_taken":["M","?","M","?","M","E","R","M","T","$","E","?","R","E","R","BOSS","M","?","M","?","$","R","?","R","T","M","M","?","E","M","R","BOSS"],"build_version":"2019-07-05","purchased_purges":2,"victory":false,"max_hp_per_floor":[85,85,85,85,85,85,85,85,85,85,85,85,85,85,85,85,85,85,85,85,85,85,85,85,85,85,85,85,85,85,85,85,85],"card_choices":[{"not_picked":["Wild Strike","Impervious"],"picked":"Disarm","floor":1.0},{"not_picked":["Twin Strike","Flame Barrier"],"picked":"Clothesline","floor":3.0},{"not_picked":["Havoc","Perfected Strike","Wild Strike"],"picked":"SKIP","floor":4.0},{"not_picked":["Perfected Strike","True Grit"],"picked":"Combust","floor":5.0},{"not_picked":["Clothesline","Thunderclap","Rampage"],"picked":"SKIP","floor":6.0},{"not_picked":["Armaments","Exhume"],"picked":"Pommel Strike","floor":8},{"not_picked":["Warcry","Clash"],"picked":"Rupture","floor":11},{"not_picked":["Twin Strike","Havoc"],"picked":"Anger","floor":14},{"not_picked":["Bludgeon","Demon Form"],"picked":"Double Tap","floor":16},{"not_picked":["Havoc","Entrench","Clash+1"],"picked":"SKIP","floor":18},{"not_picked":["Perfected Strike","Clothesline"],"picked":"Carnage","floor":20},{"not_picked":["Clothesline","Corruption"],"picked":"Hemokinesis+1","floor":27},{"not_picked":["Headbutt","Sword Boomerang+1"],"picked":"Shrug It Off","floor":28},{"not_picked":["Clothesline+1","Iron Wave+1"],"picked":"Immolate","floor":29},{"not_picked":["Sever Soul","Dropkick","Clash"],"picked":"SKIP","floor":30},{"not_picked":["Cleave","Corruption"],"picked":"Battle Trance","floor":31}],"player_experience":138174,"relics_obtained":[{"floor":6.0,"key":"Happy Flower"},{"floor":9,"key":"Dodecahedron"},{"floor":11,"key":"FossilizedHelix"},{"floor":14,"key":"Letter Opener"},{"floor":19,"key":"Red Mask"},{"floor":26,"key":"Red Skull"},{"floor":30,"key":"MawBank"}],"event_choices":[{"damage_healed":0.0,"max_hp_gain":0.0,"max_hp_loss":0.0,"gold_gain":0.0,"event_name":"FaceTrader","player_choice":"Leave","floor":2.0,"gold_loss":0.0,"damage_taken":0.0},{"damage_healed":0,"gold_gain":0,"player_choice":"Ignored","damage_taken":0,"max_hp_gain":0,"max_hp_loss":0,"event_name":"Golden Idol","floor":12,"gold_loss":0},{"damage_healed":0,"gold_gain":0,"player_choice":"Fought Bandits","damage_taken":0,"max_hp_gain":0,"max_hp_loss":0,"event_name":"Masked Bandits","floor":19,"gold_loss":0},{"damage_healed":0,"gold_gain":0,"player_choice":"Ignored","damage_taken":0,"max_hp_gain":0,"max_hp_loss":0,"event_name":"Cursed Tome","floor":21,"gold_loss":0},{"damage_healed":0,"gold_gain":0,"player_choice":"POTION ","damage_taken":16,"max_hp_gain":0,"max_hp_loss":0,"event_name":"Knowing Skull","floor":24,"potions_obtained":["BloodPotion"],"gold_loss":0,"cards_obtained":[]}],"is_beta":false,"boss_relics":[{"not_picked":["Coffee Dripper","Calling Bell"],"picked":"Philosopher\u0027s Stone"}],"items_purged_floors":[10,22],"is_endless":false,"potions_floor_spawned":[3,5,6,11,18,28,29,30,31],"killed_by":"Collector","ascension_level":0}