{"gold_per_floor":[110,110,121,137,151,176,176,186,186,217,230,248,248,280,280,381,381,397,397,36,36,54,88,98,98,148,166,166,91,91,91,91,186,236,248,248,267,277,132,132,0,0,0,15,35,35,45,45,45,45],"floor_reached":50,"playtime":1925,"items_purged":["Strike_R"],"score":534,"play_id":"846eaa7e-693f-472e-9059-77a804c988f7","local_time":"20190710145602","is_ascension_mode":false,"campfire_choices":[{"data":"Wild Strike","floor":7,"key":"SMITH"},{"data":"Havoc","floor":13,"key":"SMITH"},{"data":"Havoc","floor":15,"key":"SMITH"},{"data":"Exhume","floor":25,"key":"SMITH"},{"data":"Wild Strike","floor":32,"key":"SMITH"},{"data":"Offering","floor":40,"key":"SMITH"},{"data":"Bash","floor":42,"key":"SMITH"},{"floor":49,"key":"REST"}],"neow_cost":"PERCENT_DAMAGE","seed_source_timestamp":584634260436861,"circlet_count":0,"master_deck":["Strike_R","Strike_R","Strike_R","Defend_R","Defend_R","Defend_R","Defend_R+1","Bash+1","Immolate+1","Sentinel","Wild Strike+1","Headbutt","Wild Strike+1","Fiend Fire+1","Thunderclap+1","Havoc+1","Havoc+1","Exhume+1","Sentinel+1","Feel No Pain+1","Thinking Ahead","Purity","Sentinel+1","Uppercut+1","Wild Strike+1","Feel No Pain+1","Ghostly","Ghostly","Ghostly","Ghostly","Ghostly","Headbutt+1","Offering+1","Second Wind","Strike_R","Warcry+1","Carnage+1","Flame Barrier+1","Perfected Strike+1","Finesse","Madness","Good Instincts","Second Wind+1"],"relics":["Burning Blood","Molten Egg 2","Frozen Egg 2","Kunai","Bottled Lightning","Velvet Choker","Shuriken","Pear","Oddly Smooth Stone","StoneCalendar","Tiny House","Red Skull","Red Mask","Pantograph","GremlinMask"],"potions_floor_usage":[6,14,16,33,33,33,38,38,50],"damage_taken":[{"damage":13,"enemies":"Jaw Worm","floor":1,"turns":3},{"damage":0,"enemies":"Cultist","floor":3,"turns":2},{"damage":2,"enemies":"2 Louse","floor":4,"turns":2},{"damage":4,"enemies":"Blue Slaver","floor":5,"turns":3},{"damage":31,"enemies":"Lagavulin","floor":6,"turns":4},{"damage":0,"enemies":"2 Fungi Beasts","floor":8,"turns":1},{"damage":14,"enemies":"Gremlin Nob","floor":10,"turns":3},{"damage":11,"enemies":"Large Slime","floor":11,"turns":3},{"damage":0,"enemies":"3 Louse","floor":12,"turns":1},{"damage":13,"enemies":"Lagavulin","floor":14,"turns":4},{"damage":4,"enemies":"Slime Boss","floor":16,"turns":7},{"damage":0,"enemies":"3 Byrds","floor":18,"turns":4},{"damage":21,"enemies":"Shell Parasite","floor":22,"turns":4},{"damage":11,"enemies":"Book of Stabbing","floor":23,"turns":5},{"damage":20,"enemies":"Cultist and Chosen","floor":24,"turns":7},{"damage":6,"enemies":"Snecko","floor":27,"turns":4},{"damage":20,"enemies":"Collector","floor":33,"turns":7},{"damage":14,"enemies":"3 Darklings","floor":35,"turns":5},{"damage":1,"enemies":"Orb Walker","floor":37,"turns":3},{"damage":28,"enemies":"Writhing Mass","floor":38,"turns":7},{"damage":19,"enemies":"Maw","floor":44,"turns":7},{"damage":0,"enemies":"Transient","floor":45,"turns":5},{"damage":0,"enemies":"3 Darklings","floor":47,"turns":6},{"damage":54,"enemies":"Donu and Deca","floor":50,"turns":12}],"seed_played":"-7073995077245853422","potions_obtained":[{"floor":1,"key":"AttackPotion"},{"floor":10,"key":"Strength Potion"},{"floor":11,"key":"EssenceOfSteel"},{"floor":12,"key":"Poison Potion"},{"floor":16,"key":"Regen Potion"},{"floor":22,"key":"EssenceOfSteel"},{"floor":33,"key":"GamblersBrew"},{"floor":34,"key":"EssenceOfSteel"},{"floor":38,"key":"Energy Potion"},{"floor":47,"key":"FearPotion"}],"is_trial":false,"path_per_floor":["M","?","M","M","M","E","R","M","T","E","M","M","R","E","R","B",null,"M","?","$","?","M","E","M","R","T","M","?","?","T","?","R","B",null,"M","?","M","M","$","R","?","R","T","M","M","?","M","?","R","B"],"character_chosen":"IRONCLAD","items_purchased":["Thinking Ahead","Purity","Red Skull"],"campfire_rested":1,"item_purchase_floors":[20,20,39],"current_hp_per_floor":[49,49,55,59,61,36,36,42,42,34,29,35,35,28,28,30,80,80,80,80,80,65,70,56,56,56,56,45,45,45,45,45,45,50,42,42,47,25,25,25,25,25,25,12,18,8,14,14,29,0],"gold":45,"neow_bonus":"THREE_RARE_CARDS","is_prod":false,"is_daily":false,"chose_seed":false,"campfire_upgraded":7,"win_rate":0,"timestamp":1562734562,"path_taken":["M","?","M","?","M","E","R","M","T","E","M","M","R","E","R","BOSS","M","?","$","?","M","E","M","R","T","M","?","?","?","?","R","BOSS","M","?","?","M","$","R","?","R","T","M","M","?","M","?","R","BOSS"],"build_version":"2019-07-05","purchased_purges":1,"victory":false,"max_hp_per_floor":[80,80,80,80,80,80,80,80,80,80,80,80,80,80,80,80,80,80,80,80,80,80,90,90,90,90,90,45,45,45,45,45,45,50,50,50,50,50,50,50,50,50,50,50,50,50,50,50,50,50],"card_choices":[{"not_picked":["Feed","Fiend Fire"],"picked":"Immolate","floor":0},{"not_picked":["Twin Strike","Carnage"],"picked":"Sentinel","floor":1},{"not_picked":["Clothesline","Anger"],"picked":"Wild Strike","floor":3},{"not_picked":["Heavy Blade","Searing Blow"],"picked":"Headbutt","floor":4},{"not_picked":["Body Slam","Hemokinesis"],"picked":"Wild Strike","floor":5},{"not_picked":["Cleave","Pummel"],"picked":"Fiend Fire","floor":6},{"not_picked":["Sword Boomerang+1","Anger+1","Shrug It Off"],"picked":"SKIP","floor":8},{"not_picked":["Combust+1","Metallicize+1"],"picked":"Thunderclap+1","floor":10},{"not_picked":["Clothesline+1","Heavy Blade+1"],"picked":"Havoc","floor":11},{"not_picked":["Body Slam+1","Bloodletting"],"picked":"Havoc","floor":12},{"not_picked":["Armaments","Headbutt+1","Flex"],"picked":"SKIP","floor":14},{"not_picked":["Barricade+1","Limit Break"],"picked":"Exhume","floor":16},{"not_picked":["Whirlwind+1","Heavy Blade+1"],"picked":"Sentinel+1","floor":18},{"not_picked":["Rampage+1","Flex+1"],"picked":"Sentinel+1","floor":22},{"not_picked":["Feel No Pain+1","Sword Boomerang+1"],"picked":"Uppercut+1","floor":23},{"not_picked":["Twin Strike+1","Warcry+1"],"picked":"Wild Strike+1","floor":24},{"not_picked":["Twin Strike+1","Entrench"],"picked":"Feel No Pain+1","floor":27},{"not_picked":["Bludgeon+1","Juggernaut+1"],"picked":"Offering","floor":33},{"not_picked":["Ghostly Armor","Flex"],"picked":"Second Wind","floor":35},{"not_picked":["Sword Boomerang+1","Twin Strike+1"],"picked":"Warcry+1","floor":37},{"not_picked":["Flame Barrier","Warcry"],"picked":"Carnage+1","floor":38},{"not_picked":["Havoc+1","Cleave+1"],"picked":"Flame Barrier+1","floor":44},{"not_picked":["Armaments+1","Wild Strike+1"],"picked":"Perfected Strike+1","floor":45},{"not_picked":["Panache+1","Dark Shackles"],"picked":"Finesse","floor":46},{"not_picked":["Dramatic Entrance+1","Panacea"],"picked":"Madness","floor":46},{"not_picked":["Impatience","Finesse"],"picked":"Good Instincts","floor":46},{"not_picked":["Clash+1","Bloodletting+1"],"picked":"Second Wind+1","floor":47}],"player_experience":16380,"relics_obtained":[{"floor":6,"key":"Molten Egg 2"},{"floor":9,"key":"Frozen Egg 2"},{"floor":10,"key":"Kunai"},{"floor":14,"key":"Bottled Lightning"},{"floor":23,"key":"Pear"},{"floor":26,"key":"Oddly Smooth Stone"},{"floor":30,"key":"StoneCalendar"},{"floor":43,"key":"Pantograph"}],"event_choices":[{"damage_healed":0,"gold_gain":0,"player_choice":"Forge","damage_taken":0,"max_hp_gain":0,"max_hp_loss":0,"event_name":"Accursed Blacksmith","floor":2,"gold_loss":0,"cards_upgraded":["Immolate"]},{"damage_healed":0,"gold_gain":0,"player_choice":"Read","damage_taken":0,"max_hp_gain":0,"max_hp_loss":0,"event_name":"The Library","floor":19,"gold_loss":0,"cards_obtained":["Feel No Pain"]},{"damage_healed":0,"gold_gain":0,"player_choice":"Opened","damage_taken":0,"relics_obtained":["Shuriken"],"max_hp_gain":0,"max_hp_loss":0,"event_name":"The Mausoleum","floor":21,"gold_loss":0},{"damage_healed":0,"gold_gain":0,"player_choice":"Became a Ghost","damage_taken":0,"max_hp_gain":0,"max_hp_loss":45,"event_name":"Ghosts","floor":28,"gold_loss":0,"cards_obtained":["Ghostly","Ghostly","Ghostly","Ghostly","Ghostly"]},{"cards_removed":["Strike_R"],"damage_healed":0,"gold_gain":0,"player_choice":"Gave Gold","damage_taken":0,"max_hp_gain":0,"max_hp_loss":0,"event_name":"Beggar","floor":29,"gold_loss":75},{"damage_healed":0,"gold_gain":0,"player_choice":"2 cards matched","damage_taken":0,"max_hp_gain":0,"max_hp_loss":0,"event_name":"Match and Keep!","floor":31,"gold_loss":0,"cards_obtained":["Headbutt","Hemokinesis"]},{"cards_removed":["Hemokinesis"],"damage_healed":0,"gold_gain":0,"player_choice":"Took Card","damage_taken":0,"max_hp_gain":0,"max_hp_loss":0,"event_name":"NoteForYourself","floor":36,"gold_loss":0,"cards_obtained":["Strike_R"]},{"damage_healed":0,"gold_gain":0,"player_choice":"Paid","damage_taken":0,"relics_obtained":["Red Mask"],"max_hp_gain":0,"max_hp_loss":0,"event_name":"Tomb of Lord Red Mask","floor":41,"gold_loss":132},{"damage_healed":0,"gold_gain":0,"player_choice":"Memory 3","damage_taken":10,"max_hp_gain":0,"max_hp_loss":0,"event_name":"SensoryStone","floor":46,"gold_loss":0},{"damage_healed":0,"gold_gain":0,"player_choice":"Trade","damage_taken":0,"relics_obtained":["GremlinMask"],"max_hp_gain":0,"max_hp_loss":0,"event_name":"FaceTrader","floor":48,"gold_loss":0}],"is_beta":false,"boss_relics":[{"not_picked":["Philosopher\u0027s Stone","Eternal Feather"],"picked":"Velvet Choker"},{"not_picked":["Sozu","Runic Dome"],"picked":"Tiny House"}],"items_purged_floors":[20],"is_endless":false,"potions_floor_spawned":[1,10,11,12,16,22,27,33,38,47],"killed_by":"Donu and Deca","ascension_level":0}