{"gold_per_floor":[111,123,136,146,71,105,105,119,198,198,208,208,208,0,0,95,95,108,108,126,144,156,187,187,200,224,274],"floor_reached":27,"playtime":886,"items_purged":["Defend_R"],"score":237,"play_id":"cc243120-942c-4024-8aa7-7fb6b2da6c1b","local_time":"20190711165841","is_ascension_mode":false,"campfire_choices":[{"data":"Warcry","floor":7,"key":"SMITH"},{"data":"Whirlwind","floor":10,"key":"SMITH"},{"data":"Pommel Strike","floor":12,"key":"SMITH"},{"data":"Double Tap","floor":15,"key":"SMITH"},{"data":"Perfected Strike","floor":24,"key":"SMITH"}],"neow_cost":"TEN_PERCENT_HP_LOSS","seed_source_timestamp":78201150281934,"circlet_count":0,"master_deck":["Strike_R","Strike_R","Strike_R","Strike_R","Strike_R","Defend_R","Defend_R","Defend_R","Bash","Double Tap+1","Warcry","Headbutt","Perfected Strike","Pommel Strike+1","Warcry+1","Whirlwind+1","Perfected Strike+1","Regret","Berserk","Flex+1","Inflame","Thunderclap","Pommel Strike","Second Wind+1","Perfected Strike+1"],"relics":["Burning Blood","Blue Candle","Toxic Egg 2","Champion Belt","Chemical X","Runic Cube","SsserpentHead","Bag of Preparation","Strawberry"],"potions_floor_usage":[16,16,16,25],"damage_taken":[{"damage":1,"enemies":"Cultist","floor":1,"turns":3},{"damage":11,"enemies":"Jaw Worm","floor":2,"turns":4},{"damage":0,"enemies":"Small Slimes","floor":3,"turns":3},{"damage":11,"enemies":"Red Slaver","floor":4,"turns":3},{"damage":6,"enemies":"Gremlin Nob","floor":6,"turns":3},{"damage":20,"enemies":"Gremlin Gang","floor":8,"turns":4},{"damage":10,"enemies":"Exordium Thugs","floor":11,"turns":4},{"damage":46,"enemies":"The Guardian","floor":16,"turns":6},{"damage":10,"enemies":"Chosen","floor":18,"turns":3},{"damage":26,"enemies":"Spheric Guardian","floor":20,"turns":4},{"damage":21,"enemies":"Snake Plant","floor":21,"turns":3},{"damage":0,"enemies":"Snecko","floor":22,"turns":2},{"damage":23,"enemies":"Gremlin Leader","floor":23,"turns":5},{"damage":16,"enemies":"Chosen and Byrds","floor":25,"turns":3},{"damage":22,"enemies":"Snake Plant","floor":27,"turns":1}],"seed_played":"-4860002554578526536","potions_obtained":[{"floor":4,"key":"Energy Potion"},{"floor":6,"key":"Strength Potion"},{"floor":11,"key":"FearPotion"},{"floor":22,"key":"Dexterity Potion"},{"floor":23,"key":"SteroidPotion"},{"floor":25,"key":"Ancient Potion"}],"is_trial":false,"path_per_floor":["M","M","M","M","$","E","R","M","T","R","M","R","?","$","R","B",null,"M","?","M","M","M","E","R","M","T","M"],"character_chosen":"IRONCLAD","items_purchased":["Chemical X"],"campfire_rested":0,"item_purchase_floors":[14],"current_hp_per_floor":[72,67,72,67,67,67,67,53,53,53,49,49,49,49,49,9,72,68,68,48,33,39,22,22,12,19,0],"gold":274,"neow_bonus":"THREE_RARE_CARDS","is_prod":false,"is_daily":false,"chose_seed":false,"campfire_upgraded":5,"win_rate":0,"timestamp":1562828321,"path_taken":["M","?","M","M","$","E","R","M","T","R","M","R","?","?","R","BOSS","M","?","M","M","M","E","R","M","T","?"],"build_version":"2019-07-05","purchased_purges":1,"victory":false,"max_hp_per_floor":[72,72,72,72,72,72,72,72,72,72,72,72,72,72,72,72,72,72,72,72,72,72,72,72,72,79,79],"card_choices":[{"not_picked":["Impervious","Dark Embrace"],"picked":"Double Tap","floor":0},{"not_picked":["Twin Strike","Thunderclap"],"picked":"Warcry","floor":1},{"not_picked":["Twin Strike","Heavy Blade"],"picked":"Headbutt","floor":2},{"not_picked":["Havoc","Clothesline"],"picked":"Perfected Strike","floor":3},{"not_picked":["Battle Trance","Uppercut"],"picked":"Pommel Strike","floor":4},{"not_picked":["Headbutt","Whirlwind"],"picked":"Warcry","floor":6},{"not_picked":["Shockwave","Sword Boomerang"],"picked":"Whirlwind","floor":8},{"not_picked":["Shockwave+1","Pummel"],"picked":"Perfected Strike","floor":11},{"not_picked":["Impervious+1","Brutality"],"picked":"Berserk","floor":16},{"not_picked":["Cleave+1","Thunderclap"],"picked":"Flex+1","floor":18},{"not_picked":["Twin Strike","Wild Strike+1"],"picked":"Inflame","floor":20},{"not_picked":["Perfected Strike","Headbutt"],"picked":"Thunderclap","floor":21},{"not_picked":["Iron Wave","Metallicize+1"],"picked":"Pommel Strike","floor":22},{"not_picked":["Cleave","Bludgeon"],"picked":"Second Wind+1","floor":23},{"not_picked":["Fire Breathing+1","Combust+1"],"picked":"Perfected Strike+1","floor":25}],"player_experience":26153,"relics_obtained":[{"floor":6,"key":"Blue Candle"},{"floor":9,"key":"Toxic Egg 2"},{"floor":23,"key":"Bag of Preparation"},{"floor":26,"key":"Strawberry"}],"event_choices":[{"damage_healed":0,"gold_gain":0,"player_choice":"Box","damage_taken":0,"relics_obtained":["Champion Belt"],"max_hp_gain":0,"max_hp_loss":0,"event_name":"Big Fish","floor":13,"gold_loss":0,"cards_obtained":["Regret"]},{"damage_healed":0,"gold_gain":0,"player_choice":"Trade","damage_taken":0,"relics_obtained":["SsserpentHead"],"max_hp_gain":0,"max_hp_loss":0,"event_name":"FaceTrader","floor":19,"gold_loss":0}],"is_beta":false,"boss_relics":[{"not_picked":["Philosopher\u0027s Stone","White Beast Statue"],"picked":"Runic Cube"}],"items_purged_floors":[5],"is_endless":false,"potions_floor_spawned":[4,6,11,22,23,25],"killed_by":"Snake Plant","ascension_level":0}