{"gold_per_floor":[144,144,189,139,184,184,274,224,224,269,269,359,404,147,147,447,447,492,537,312,357,207,207,132,177,177,177,267,312,312,357,357,657,657,702,407,452,477,522,522],"floor_reached":40,"playtime":2593,"items_purged":[],"score":593,"play_id":"10ac8bb4-7336-419f-a8c8-2cb809c9dffd","local_time":"20190711230341","daily_mods":["Draft","Hoarder","Midas"],"is_ascension_mode":false,"campfire_choices":[{"floor":6,"key":"REST"},{"floor":15,"key":"REST"},{"floor":23,"key":"REST"},{"floor":32,"key":"REST"}],"neow_cost":"","seed_source_timestamp":0,"circlet_count":0,"master_deck":["Feel No Pain","Feel No Pain","Feel No Pain","Pummel","Pummel","Pummel","Cleave","Thunderclap","Thunderclap","Thunderclap","Pommel Strike","Pommel Strike","Pommel Strike","Shrug It Off","Shrug It Off","Shrug It Off","Uppercut","Uppercut","Uppercut","Body Slam","Body Slam","Body Slam","Spot Weakness","Spot Weakness","Spot Weakness","Fire Breathing","Fire Breathing","Fire Breathing","Headbutt","Headbutt","Headbutt","True Grit","True Grit","True Grit","Pommel Strike","Pommel Strike","Pommel Strike","Pommel Strike","Pommel Strike","Whirlwind","Whirlwind","Whirlwind+1","Fire Breathing","Fire Breathing","Fire Breathing","Feed+1","Feed","Feed","Entrench","Entrench","Entrench","Metallicize","Metallicize","Metallicize","Hemokinesis","Hemokinesis","Hemokinesis","Demon Form","Demon Form","Demon Form","Flex+1","Flex+1","Flex+1","Sever Soul+1","Sever Soul+1","Sever Soul+1","Carnage+1","Carnage+1","Carnage+1","Sentinel","Sentinel","Sentinel","Immolate","Immolate","Immolate","Brutality+1","Brutality+1","Brutality+1","Pommel Strike+1","Pommel Strike+1","Pommel Strike+1","Impervious+1","Impervious+1","Impervious+1","Shrug It Off+1","Shrug It Off+1","Shrug It Off+1","Iron Wave+1","Iron Wave+1","Iron Wave+1"],"special_seed":18089,"relics":["Burning Blood","Torii","Champion Belt","Boot","Oddly Smooth Stone","Membership Card","Black Star","Vajra","Nunchaku","Bronze Scales","Strawberry","Magic Flower","Centennial Puzzle","Pocketwatch","Astrolabe","Ice Cream","Tiny Chest","Medical Kit","Omamori"],"potions_floor_usage":[10,16,19,28,28,33,33,39],"damage_taken":[{"damage":6,"enemies":"Cultist","floor":1,"turns":3},{"damage":0,"enemies":"Small Slimes","floor":3,"turns":1},{"damage":7,"enemies":"Jaw Worm","floor":5,"turns":4},{"damage":29,"enemies":"Lagavulin","floor":7,"turns":5},{"damage":12,"enemies":"Blue Slaver","floor":10,"turns":3},{"damage":9,"enemies":"3 Sentries","floor":12,"turns":2},{"damage":12,"enemies":"Large Slime","floor":13,"turns":5},{"damage":31,"enemies":"Hexaghost","floor":16,"turns":10},{"damage":16,"enemies":"Chosen","floor":18,"turns":6},{"damage":46,"enemies":"Shell Parasite","floor":19,"turns":6},{"damage":24,"enemies":"Snake Plant","floor":21,"turns":6},{"damage":14,"enemies":"Chosen and Byrds","floor":25,"turns":4},{"damage":19,"enemies":"Slavers","floor":28,"turns":2},{"damage":11,"enemies":"Cultist and Chosen","floor":29,"turns":5},{"damage":21,"enemies":"Snake Plant","floor":31,"turns":4},{"damage":53,"enemies":"Collector","floor":33,"turns":7},{"damage":23,"enemies":"3 Shapes","floor":35,"turns":3},{"damage":21,"enemies":"3 Darklings","floor":37,"turns":5},{"damage":63,"enemies":"Maw","floor":39,"turns":8},{"damage":30,"enemies":"Giant Head","floor":40,"turns":2}],"seed_played":"-4884104574296109442","potions_obtained":[{"floor":5,"key":"BloodPotion"},{"floor":7,"key":"Swift Potion"},{"floor":12,"key":"SkillPotion"},{"floor":16,"key":"Energy Potion"},{"floor":18,"key":"Strength Potion"},{"floor":21,"key":"Dexterity Potion"},{"floor":29,"key":"Regen Potion"},{"floor":31,"key":"PowerPotion"},{"floor":37,"key":"PowerPotion"}],"is_trial":false,"path_per_floor":["M","?","M","$","M","R","E","?","T","M","T","E","M","$","R","B",null,"M","M","$","M","$","R","?","M","T","?","E","M","?","M","R","B",null,"M","$","M","T","M","E"],"character_chosen":"IRONCLAD","items_purchased":["FearPotion","Membership Card","Metallicize","Hemokinesis","Vajra","Nunchaku","Bronze Scales","Strawberry","Ice Cream","Tiny Chest","Medical Kit"],"campfire_rested":4,"item_purchase_floors":[4,14,14,14,20,20,22,22,36,36,36],"current_hp_per_floor":[80,80,80,80,79,80,57,57,57,71,71,68,65,65,83,58,83,73,33,33,15,22,49,49,41,41,41,31,34,34,28,57,37,97,89,89,77,77,23,0],"gold":522,"neow_bonus":"","is_prod":false,"is_daily":true,"chose_seed":false,"campfire_upgraded":0,"win_rate":0,"timestamp":1562900621,"path_taken":["M","?","M","$","M","R","E","?","T","M","?","E","M","$","R","BOSS","M","M","$","M","$","R","?","M","T","?","E","M","?","?","R","BOSS","M","$","M","?","M","E"],"build_version":"2019-07-05","purchased_purges":0,"victory":false,"max_hp_per_floor":[80,80,80,80,80,80,80,80,80,80,80,80,83,83,83,83,83,83,83,83,83,90,90,90,90,90,90,90,93,93,97,97,97,97,101,101,101,101,101,101],"card_choices":[{"not_picked":["Clothesline","Clash"],"picked":"Feel No Pain","floor":0.0},{"not_picked":["Headbutt","Armaments"],"picked":"Pummel","floor":0.0},{"not_picked":["Thunderclap","Carnage"],"picked":"Cleave","floor":0.0},{"not_picked":["Evolve","Clothesline"],"picked":"Thunderclap","floor":0.0},{"not_picked":["Anger","Havoc"],"picked":"Warcry","floor":0.0},{"not_picked":["Inflame","Iron Wave"],"picked":"Pommel Strike","floor":0.0},{"not_picked":["Havoc","Evolve"],"picked":"Shrug It Off","floor":0.0},{"not_picked":["Cleave","Warcry"],"picked":"Uppercut","floor":0.0},{"not_picked":["Cleave","Anger"],"picked":"Body Slam","floor":0.0},{"not_picked":["Cleave","True Grit"],"picked":"Spot Weakness","floor":0.0},{"not_picked":["Thunderclap","Combust"],"picked":"Fire Breathing","floor":0.0},{"not_picked":["Clothesline","Inflame"],"picked":"Headbutt","floor":0.0},{"not_picked":["Havoc","Armaments"],"picked":"True Grit","floor":0.0},{"not_picked":["Clash","Shrug It Off"],"picked":"Pommel Strike","floor":0.0},{"not_picked":["Cleave","Clash"],"picked":"Pommel Strike","floor":0.0},{"not_picked":["Warcry","Headbutt"],"picked":"Whirlwind","floor":1},{"not_picked":["Inflame","Pommel Strike","Dropkick"],"picked":"SKIP","floor":3},{"not_picked":["Thunderclap","Dropkick","Clash"],"picked":"SKIP","floor":5},{"not_picked":["Anger","Armaments"],"picked":"Fire Breathing","floor":7},{"not_picked":["Armaments","Body Slam"],"picked":"Feed","floor":10},{"not_picked":["Anger","Sever Soul","Clash"],"picked":"SKIP","floor":12},{"not_picked":["Burning Pact","Sentinel"],"picked":"Entrench","floor":13},{"not_picked":["Impervious","Reaper"],"picked":"Demon Form","floor":16},{"not_picked":["Armaments","Shrug It Off","Anger"],"picked":"SKIP","floor":18},{"not_picked":["Havoc","Headbutt","Fire Breathing"],"picked":"SKIP","floor":19},{"not_picked":["Fire Breathing","Rampage"],"picked":"Flex+1","floor":21},{"not_picked":["Warcry","Clash"],"picked":"Sever Soul+1","floor":25},{"not_picked":["Rage","Armaments","Pommel Strike"],"picked":"SKIP","floor":28},{"not_picked":["True Grit","Clothesline"],"picked":"Carnage+1","floor":29},{"not_picked":["Intimidate","Havoc+1"],"picked":"Sentinel","floor":31},{"not_picked":["Impervious","Bludgeon"],"picked":"Immolate","floor":33},{"not_picked":["Inflame+1","Twin Strike"],"picked":"Shrug It Off+1","floor":35},{"not_picked":["Wild Strike+1","Combust"],"picked":"Iron Wave+1","floor":37},{"not_picked":["Shrug It Off+1","Carnage","Immolate"],"picked":"SKIP","floor":39}],"player_experience":159559,"relics_obtained":[{"floor":7,"key":"Torii"},{"floor":9,"key":"Champion Belt"},{"floor":11,"key":"Boot"},{"floor":12,"key":"Oddly Smooth Stone"},{"floor":26,"key":"Magic Flower"},{"floor":28,"key":"Centennial Puzzle"},{"floor":28,"key":"Pocketwatch"},{"floor":38,"key":"Omamori"}],"event_choices":[{"damage_healed":0,"gold_gain":0,"player_choice":"Grow","damage_taken":0,"max_hp_gain":0,"max_hp_loss":0,"event_name":"Living Wall","floor":2,"gold_loss":0,"cards_upgraded":["Whirlwind"]},{"cards_removed":["Pommel Strike"],"damage_healed":0,"gold_gain":0,"player_choice":"Card Removal","damage_taken":0,"max_hp_gain":0,"max_hp_loss":0,"event_name":"The Cleric","floor":8,"gold_loss":50},{"cards_removed":["Cleave"],"damage_healed":0,"gold_gain":0,"player_choice":"Gave Gold","damage_taken":0,"max_hp_gain":0,"max_hp_loss":0,"event_name":"Beggar","floor":24,"gold_loss":75},{"cards_removed":["Warcry"],"damage_healed":0,"gold_gain":0,"player_choice":"Elegance","damage_taken":0,"max_hp_gain":0,"max_hp_loss":0,"event_name":"Back to Basics","floor":27,"gold_loss":0},{"damage_healed":0,"gold_gain":0,"player_choice":"Forge","damage_taken":0,"max_hp_gain":0,"max_hp_loss":0,"event_name":"Accursed Blacksmith","floor":30,"gold_loss":0,"cards_upgraded":["Feed"]}],"is_beta":false,"boss_relics":[{"not_picked":["Philosopher\u0027s Stone","Lizard Tail"],"picked":"Black Star"},{"not_picked":["Velvet Choker","Mark of Pain"],"picked":"Astrolabe"}],"items_purged_floors":[],"is_endless":false,"potions_floor_spawned":[5,7,12,13,16,18,21,25,29,31,37],"killed_by":"Giant Head","ascension_level":0}