{"gold_per_floor":[115,115,129,28,46,46,6,44,44,44,44,82,8,31,31,31],"floor_reached":16,"playtime":621,"items_purged":["Shame"],"score":216,"play_id":"02597462-f6a6-4d6d-b572-0e246021ab5a","local_time":"20190627021912","is_ascension_mode":true,"campfire_choices":[{"floor":6,"key":"REST"},{"floor":10,"key":"REST"},{"data":"Berserk","floor":11,"key":"SMITH"},{"floor":15,"key":"REST"}],"neow_cost":"CURSE","seed_source_timestamp":228381877507897,"circlet_count":0,"master_deck":["AscendersBane","Strike_R","Strike_R","Strike_R","Strike_R","Strike_R","Defend_R","Defend_R","Defend_R","Defend_R","Bash","Berserk+1","Headbutt","Shrug It Off","Twin Strike","Double Tap","Clothesline","Barricade","Demon Form","Anger"],"relics":["Burning Blood","Golden Idol","WingedGreaves","Letter Opener"],"potions_floor_usage":[8,16,16],"damage_taken":[{"damage":9,"enemies":"2 Louse","floor":1,"turns":4},{"damage":16,"enemies":"Jaw Worm","floor":3,"turns":4},{"damage":8,"enemies":"Small Slimes","floor":5,"turns":4},{"damage":12,"enemies":"Looter","floor":7,"turns":4},{"damage":22,"enemies":"Lagavulin","floor":8,"turns":7},{"damage":31,"enemies":"Gremlin Nob","floor":12,"turns":4},{"damage":7,"enemies":"2 Fungi Beasts","floor":14,"turns":4},{"damage":49,"enemies":"Slime Boss","floor":16,"turns":8}],"seed_played":"-7891686802797178716","potions_obtained":[{"floor":3,"key":"PowerPotion"},{"floor":5,"key":"PowerPotion"},{"floor":14,"key":"Block Potion"}],"is_trial":false,"path_per_floor":["M","?","M","$","M","R","M","E","T","R","R","E","$","M","R","B"],"character_chosen":"IRONCLAD","items_purchased":["Twin Strike","Demon Form"],"campfire_rested":3,"item_purchase_floors":[4,13],"current_hp_per_floor":[65,39,29,29,27,49,43,27,27,49,49,24,24,23,45,0],"gold":31,"neow_bonus":"THREE_RARE_CARDS","is_prod":false,"is_daily":false,"chose_seed":false,"campfire_upgraded":1,"win_rate":0,"timestamp":1561619952,"path_taken":["M","?","M","$","M","R","M","E","T","R","R","E","$","M","R","BOSS"],"build_version":"2019-06-24","purchased_purges":1,"victory":false,"max_hp_per_floor":[75,75,75,75,75,75,75,75,75,75,75,75,75,75,75,75],"card_choices":[{"not_picked":["Impervious","Exhume"],"picked":"Berserk","floor":0},{"not_picked":["Pommel Strike","True Grit"],"picked":"Headbutt","floor":1},{"not_picked":["Infernal Blade","Iron Wave"],"picked":"Shrug It Off","floor":3},{"not_picked":["Ghostly Armor","Clash"],"picked":"Double Tap","floor":5},{"not_picked":["Heavy Blade","Hemokinesis"],"picked":"Clothesline","floor":7},{"not_picked":["Intimidate","Heavy Blade","Warcry"],"picked":"SKIP","floor":8},{"not_picked":["Pummel","Searing Blow"],"picked":"Barricade","floor":12},{"not_picked":["Body Slam","Rage"],"picked":"Anger","floor":14}],"player_experience":1574447,"relics_obtained":[{"floor":8,"key":"WingedGreaves"},{"floor":12,"key":"Letter Opener"}],"event_choices":[{"damage_healed":0,"gold_gain":0,"player_choice":"Take Damage","damage_taken":26,"relics_obtained":["Golden Idol"],"max_hp_gain":0,"max_hp_loss":0,"event_name":"Golden Idol","floor":2,"gold_loss":0}],"is_beta":true,"boss_relics":[],"items_purged_floors":[4],"is_endless":false,"potions_floor_spawned":[3,5,14],"killed_by":"Slime Boss","ascension_level":20}