{"gold_per_floor":[119,199,199,215,228,228,257,257,257,257,257,282,312,349,361,478,490,515,527,539,562,574,586,598,610,645,657,684,722,734,781,793,902,914,942,380,400,415,429,429,429,429,455,455,555,578,612,630,630,630],"floor_reached":51,"playtime":4379,"items_purged":["Venomology+1"],"score":887,"play_id":"21d8f62c-6499-42d2-b13d-1f179897e394","local_time":"20190709212805","daily_mods":["SealedDeck","Vintage","Heirloom","Time Dilation","Flight"],"is_ascension_mode":false,"campfire_choices":[{"data":"Dodge and Roll","floor":6,"key":"SMITH"},{"data":"Dodge and Roll","floor":8,"key":"SMITH"},{"data":"Demon Form","floor":10,"key":"SMITH"},{"data":"Echo Form","floor":11,"key":"SMITH"},{"data":"Footwork","floor":15,"key":"SMITH"},{"data":"Blur","floor":23,"key":"SMITH"},{"data":"Deflect","floor":24,"key":"SMITH"},{"data":"Venomology","floor":25,"key":"SMITH"},{"data":"Dash","floor":30,"key":"SMITH"},{"data":"Wraith Form v2","floor":32,"key":"SMITH"},{"data":"Leg Sweep","floor":40,"key":"SMITH"},{"data":"Cloak And Dagger","floor":41,"key":"SMITH"},{"data":"Cloak And Dagger","floor":42,"key":"SMITH"},{"data":"Cloak And Dagger","floor":44,"key":"SMITH"},{"data":"Corpse Explosion","floor":49,"key":"SMITH"}],"neow_cost":"","seed_source_timestamp":0,"circlet_count":0,"master_deck":["Demon Form+1","Wraith Form v2+1","Echo Form+1","Well Laid Plans","Blur+1","Backstab+1","Dodge and Roll+1","Deflect+1","Sucker Punch+1","Cloak And Dagger+1","Backstab","Cloak And Dagger+1","Dodge and Roll+1","Cloak And Dagger+1","Footwork+1","Dash+1","Corpse Explosion+1","Leg Sweep+1","Master of Strategy","Backflip+1"],"relics":["Unceasing Top","Prayer Wheel","Kunai","Regal Pillow","Anchor","Art of War","StoneCalendar","Snake Skull","MawBank","Happy Flower","Black Star","Omamori","Pen Nib","Necronomicon","Bag of Marbles","Ancient Tea Set","Bag of Preparation","The Specimen","Strawberry","Potion Belt","Sozu","Mango","Whetstone","Tiny Chest","Meat on the Bone","PreservedInsect","Centennial Puzzle","Orichalcum","Torii","Smiling Mask","Mummified Hand","Oddly Smooth Stone","Juzu Bracelet"],"potions_floor_usage":[5,7,7,14,16,18,18,28,28,31,33],"damage_taken":[{"damage":0,"enemies":"Jaw Worm","floor":1,"turns":4},{"damage":0,"enemies":"Small Slimes","floor":4,"turns":2},{"damage":2,"enemies":"Cultist","floor":5,"turns":3},{"damage":2,"enemies":"3 Sentries","floor":7,"turns":6},{"damage":0,"enemies":"Lagavulin","floor":12,"turns":6},{"damage":18,"enemies":"3 Sentries","floor":13,"turns":6},{"damage":8,"enemies":"Lagavulin","floor":14,"turns":6},{"damage":1,"enemies":"Slime Boss","floor":16,"turns":4},{"damage":0,"enemies":"3 Byrds","floor":18,"turns":3},{"damage":20,"enemies":"Spheric Guardian","floor":21,"turns":7},{"damage":2,"enemies":"Chosen and Byrds","floor":28,"turns":10},{"damage":10,"enemies":"Book of Stabbing","floor":29,"turns":6},{"damage":11,"enemies":"Slavers","floor":31,"turns":5},{"damage":8,"enemies":"Collector","floor":33,"turns":6},{"damage":0,"enemies":"3 Darklings","floor":35,"turns":2},{"damage":0,"enemies":"3 Shapes","floor":37,"turns":4},{"damage":0,"enemies":"Maw","floor":38,"turns":6},{"damage":0,"enemies":"Sphere and 2 Shapes","floor":39,"turns":6},{"damage":1,"enemies":"Mind Bloom Boss Battle","floor":45,"turns":6},{"damage":2,"enemies":"Reptomancer","floor":47,"turns":5},{"damage":0,"enemies":"4 Shapes","floor":48,"turns":3},{"damage":0,"enemies":"Time Eater","floor":50,"turns":9}],"seed_played":"8935301038555962718","potions_obtained":[{"floor":1,"key":"Swift Potion"},{"floor":3,"key":"AttackPotion"},{"floor":3,"key":"Fruit Juice"},{"floor":3,"key":"Block Potion"},{"floor":5,"key":"Explosive Potion"},{"floor":16,"key":"Explosive Potion"},{"floor":33,"key":"Ancient Potion"}],"is_trial":true,"path_per_floor":["M","?","?","M","M","R","E","R","T","R","R","E","E","E","R","B",null,"M","?","?","M","?","R","R","R","T","?","M","E","R","E","R","B",null,"M","$","M","M","M","R","R","R","T","R","?","T","E","M","R","B",null],"character_chosen":"THE_SILENT","items_purchased":["Whetstone","Tiny Chest","Leg Sweep","Master of Strategy"],"campfire_rested":0,"item_purchase_floors":[36,36,36,36],"current_hp_per_floor":[70,70,70,70,73,73,71,71,71,71,71,71,53,45,45,44,75,75,61,90,70,54,54,54,54,54,54,52,42,42,38,38,30,97,111,111,111,111,111,111,111,111,111,111,110,110,108,108,108,108],"gold":630,"neow_bonus":"","is_prod":false,"is_daily":false,"chose_seed":false,"campfire_upgraded":15,"win_rate":0,"timestamp":1562675285,"path_taken":["M","?","?","?","?","R","E","R","T","R","R","E","E","E","R","BOSS","M","?","?","?","?","R","R","R","T","?","?","E","R","E","R","BOSS","M","$","M","?","M","R","R","R","T","R","?","?","E","M","R","BOSS"],"build_version":"2019-07-05","purchased_purges":1,"victory":true,"max_hp_per_floor":[70,70,70,70,75,75,75,75,75,75,75,75,75,75,75,75,75,75,80,90,90,90,90,90,90,90,90,90,90,90,97,97,97,97,111,111,111,111,111,111,111,111,111,111,111,111,111,111,111,111],"card_choices":[{"not_picked":["Expertise","Calculated Gamble"],"picked":"Cloak And Dagger","floor":7},{"not_picked":["Poisoned Stab","Bane"],"picked":"Venomology","floor":12},{"not_picked":["Sucker Punch","Dagger Throw"],"picked":"Footwork","floor":13},{"not_picked":["Outmaneuver","Prepared"],"picked":"Bullet Time","floor":14},{"not_picked":["Eviscerate","Dagger Spray"],"picked":"Dash","floor":29},{"not_picked":["Cloak And Dagger","Underhanded Strike+1","Masterful Stab"],"picked":"SKIP","floor":31},{"not_picked":["Malaise","Phantasmal Killer"],"picked":"Corpse Explosion","floor":33},{"not_picked":["Flying Knee+1","Predator+1"],"picked":"Backflip+1","floor":47}],"player_experience":134111,"relics_obtained":[{"floor":1,"key":"Kunai"},{"floor":4,"key":"Regal Pillow"},{"floor":5,"key":"Anchor"},{"floor":7,"key":"Art of War"},{"floor":9,"key":"StoneCalendar"},{"floor":12,"key":"Snake Skull"},{"floor":13,"key":"MawBank"},{"floor":14,"key":"Happy Flower"},{"floor":18,"key":"Omamori"},{"floor":21,"key":"Pen Nib"},{"floor":22,"key":"Necronomicon"},{"floor":26,"key":"Bag of Marbles"},{"floor":28,"key":"Ancient Tea Set"},{"floor":29,"key":"Bag of Preparation"},{"floor":29,"key":"The Specimen"},{"floor":31,"key":"Strawberry"},{"floor":31,"key":"Potion Belt"},{"floor":35,"key":"Mango"},{"floor":37,"key":"Meat on the Bone"},{"floor":38,"key":"PreservedInsect"},{"floor":39,"key":"Centennial Puzzle"},{"floor":43,"key":"Orichalcum"},{"floor":45,"key":"Torii"},{"floor":46,"key":"Smiling Mask"},{"floor":47,"key":"Mummified Hand"},{"floor":47,"key":"Oddly Smooth Stone"},{"floor":48,"key":"Juzu Bracelet"}],"event_choices":[{"damage_healed":0,"gold_gain":80,"player_choice":"Gained Gold","damage_taken":0,"max_hp_gain":0,"max_hp_loss":0,"event_name":"Golden Wing","floor":2,"gold_loss":0},{"damage_healed":0,"gold_gain":0,"player_choice":"Got Potions","damage_taken":0,"max_hp_gain":0,"max_hp_loss":0,"event_name":"Lab","floor":3,"gold_loss":0},{"damage_healed":0,"gold_gain":0,"player_choice":"Shed Blood","damage_taken":19,"max_hp_gain":5,"max_hp_loss":0,"event_name":"Forgotten Altar","floor":19,"gold_loss":0},{"cards_removed":["Bullet Time"],"damage_healed":19,"gold_gain":0,"player_choice":"Offered Rare","damage_taken":0,"max_hp_gain":10,"max_hp_loss":0,"event_name":"Bonfire Elementals","floor":20,"gold_loss":0},{"damage_healed":0,"gold_gain":0,"player_choice":"Obtained Book","damage_taken":16,"max_hp_gain":0,"max_hp_loss":0,"event_name":"Cursed Tome","floor":22,"gold_loss":0},{"damage_healed":0,"gold_gain":0,"player_choice":"Bought 0 Potions","damage_taken":0,"max_hp_gain":0,"max_hp_loss":0,"event_name":"The Woman in Blue","floor":27,"gold_loss":0},{"damage_healed":0,"gold_gain":0,"player_choice":"Fight","damage_taken":0,"max_hp_gain":0,"max_hp_loss":0,"event_name":"MindBloom","floor":45,"gold_loss":0}],"is_beta":false,"boss_relics":[{"not_picked":["Calling Bell","Empty Cage"],"picked":"Black Star"},{"not_picked":["Orrery","Velvet Choker"],"picked":"Sozu"}],"items_purged_floors":[36],"is_endless":false,"potions_floor_spawned":[1,4,5,16,29,33,37,39,45],"ascension_level":0}