{"gold_per_floor":[109,109,109,40,61,95,95,114,137,137,181,151,176,64,64,194,194,208,224,46,66,86,127,127,140,140,158,158,158,196,196,196,319,319,333,358,358,17,350,383,395,407,432,443,443,460,460,41,41,41],"floor_reached":51,"playtime":7833,"items_purged":["Strike_B","Strike_B","Strike_B","Pain"],"score":777,"play_id":"c357f7c5-adc2-4e61-836a-d838676c6ded","local_time":"20190622200812","is_ascension_mode":false,"campfire_choices":[{"data":"Defragment","floor":7.0,"key":"SMITH"},{"data":"Chaos","floor":10.0,"key":"SMITH"},{"floor":15.0,"key":"REST"},{"floor":24.0,"key":"REST"},{"floor":28,"key":"REST"},{"floor":32,"key":"REST"},{"floor":45,"key":"REST"},{"data":"Machine Learning","floor":47,"key":"SMITH"},{"floor":49,"key":"REST"}],"neow_cost":"NONE","seed_source_timestamp":0,"circlet_count":0,"master_deck":["Defend_B","Defend_B","Zap","Dualcast","Cold Snap","Defragment+1","Leap","Compile Driver","Chaos+1","Machine Learning+1","Tempest","Auto Shields","Creative AI","Go for the Eyes+1","Sweeping Beam+1","Steam+1","Darkness","Reboot","Chaos","Rebound","Ball Lightning","Redo","Stack+1","Capacitor+1","Electrodynamics","Glacier+1","Leap+1","Static Discharge","Chill","Stack+1","Tempest","Static Discharge+1","Force Field","Static Discharge+1","Core Surge","Secret Technique"],"special_seed":0,"relics":["Cracked Core","Happy Flower","Blood Vial","Mango","Astrolabe","Boot","Bottled Tornado","Incense Burner","Darkstone Periapt","Cursed Key","Membership Card","Meat on the Bone","Art of War","Pear"],"potions_floor_usage":[27,30,33,40,50],"damage_taken":[{"damage":1.0,"enemies":"Cultist","floor":1.0,"turns":3.0},{"damage":0.0,"enemies":"Small Slimes","floor":5.0,"turns":3.0},{"damage":16.0,"enemies":"Lagavulin","floor":6.0,"turns":9.0},{"damage":0.0,"enemies":"2 Louse","floor":8.0,"turns":1.0},{"damage":14.0,"enemies":"3 Sentries","floor":11.0,"turns":6.0},{"damage":0.0,"enemies":"Exordium Thugs","floor":13.0,"turns":4.0},{"damage":59.0,"enemies":"Hexaghost","floor":16.0,"turns":8.0},{"damage":19.0,"enemies":"2 Thieves","floor":18.0,"turns":4.0},{"damage":2.0,"enemies":"Shell Parasite","floor":19.0,"turns":5.0},{"damage":16.0,"enemies":"Snake Plant","floor":21.0,"turns":4.0},{"damage":18.0,"enemies":"Snecko","floor":22.0,"turns":5.0},{"damage":29.0,"enemies":"Slavers","floor":23.0,"turns":7.0},{"damage":0.0,"enemies":"Cultist and Chosen","floor":25.0,"turns":4.0},{"damage":22,"enemies":"Shelled Parasite and Fungi","floor":27,"turns":4},{"damage":12,"enemies":"Book of Stabbing","floor":30,"turns":6},{"damage":19,"enemies":"Collector","floor":33,"turns":10},{"damage":0,"enemies":"3 Shapes","floor":35,"turns":5},{"damage":28,"enemies":"3 Darklings","floor":36,"turns":3},{"damage":18,"enemies":"Reptomancer","floor":40,"turns":8},{"damage":0,"enemies":"Spire Growth","floor":41,"turns":5},{"damage":8,"enemies":"Sphere and 2 Shapes","floor":42,"turns":3},{"damage":10,"enemies":"Maw","floor":44,"turns":6},{"damage":10,"enemies":"Jaw Worm Horde","floor":46,"turns":3},{"damage":6,"enemies":"Donu and Deca","floor":50,"turns":5}],"seed_played":"463002737319185228","potions_obtained":[{"floor":5.0,"key":"Poison Potion"},{"floor":12.0,"key":"AttackPotion"},{"floor":12.0,"key":"Swift Potion"},{"floor":13.0,"key":"Fire Potion"},{"floor":16.0,"key":"FearPotion"},{"floor":19.0,"key":"EntropicBrew"},{"floor":23.0,"key":"SkillPotion"},{"floor":33,"key":"LiquidBronze"},{"floor":35,"key":"SteroidPotion"},{"floor":36,"key":"LiquidBronze"},{"floor":44,"key":"Fire Potion"}],"is_trial":false,"path_per_floor":["M","?","?","$","M","E","R","M","T","R","E","?","M","$","R","B",null,"M","M","$","M","M","E","R","M","T","M","R","$","E","?","R","B",null,"M","M","?","$","?","E","M","M","T","M","R","M","R","$","R","B",null],"character_chosen":"DEFECT","items_purchased":["Defragment","Auto Shields","Reboot","Membership Card","Static Discharge","Chill","Pear","FocusPotion","Core Surge","Secret Technique"],"campfire_rested":6,"item_purchase_floors":[4,14,20,38,38,38,48,48,48,48],"current_hp_per_floor":[81,61,66,66,66,50,50,50,50,50,52,52,54,54,84,27,101,82,82,82,68,52,25,55,57,57,37,67,67,57,57,87,70,101,101,73,73,73,73,57,59,53,59,63,95,87,87,97,117,111],"gold":41,"neow_bonus":"TEN_PERCENT_HP_BONUS","is_prod":false,"is_daily":false,"chose_seed":false,"campfire_upgraded":3,"win_rate":0,"timestamp":1561248492,"path_taken":["M","?","?","$","M","E","R","M","T","R","E","?","?","?","R","BOSS","M","M","$","M","M","E","R","M","T","M","R","$","E","?","R","BOSS","M","M","?","$","?","E","M","M","T","M","R","M","R","$","R","BOSS"],"build_version":"2019-01-23","purchased_purges":4,"victory":true,"max_hp_per_floor":[82,82,87,87,87,87,87,87,87,87,101,101,101,101,101,101,101,101,101,101,101,101,101,101,101,101,101,101,101,101,101,101,101,101,101,101,101,101,101,101,101,101,107,107,107,107,107,117,117,117],"card_choices":[{"not_picked":["Sunder","Stack"],"picked":"Cold Snap","floor":1.0},{"not_picked":["Hello World","Darkness"],"picked":"Leap","floor":5.0},{"not_picked":["Redo","Fusion"],"picked":"Compile Driver","floor":6.0},{"not_picked":["Conserve Battery","Beam Cell"],"picked":"Chaos","floor":8.0},{"not_picked":["Echo Form","All For One"],"picked":"Machine Learning","floor":11.0},{"not_picked":["Fusion","Heatsinks"],"picked":"Tempest","floor":13.0},{"not_picked":["Meteor Strike","Fission"],"picked":"Creative AI","floor":16.0},{"not_picked":["Barrage","Consume+1"],"picked":"Steam+1","floor":18.0},{"not_picked":["Ball Lightning","Cold Snap"],"picked":"Darkness","floor":19.0},{"not_picked":["Loop","Stack"],"picked":"Chaos","floor":21.0},{"not_picked":["FTL","Beam Cell"],"picked":"Rebound","floor":22.0},{"not_picked":["Aggregate","Fusion"],"picked":"Ball Lightning","floor":23.0},{"not_picked":["Blizzard","Aggregate"],"picked":"Redo","floor":25.0},{"not_picked":["Storm","Heatsinks"],"picked":"Stack+1","floor":27},{"not_picked":["Rebound","All For One"],"picked":"Capacitor+1","floor":30},{"not_picked":["Rainbow","Core Surge"],"picked":"Electrodynamics","floor":33},{"not_picked":["Redo","Rebound"],"picked":"Glacier+1","floor":35},{"not_picked":["Reprogram+1","Sweeping Beam"],"picked":"Leap+1","floor":36},{"not_picked":["Gash+1","Leap+1"],"picked":"Stack+1","floor":40},{"not_picked":["Scrape+1","Auto Shields"],"picked":"Tempest","floor":41},{"not_picked":["Leap","Gash+1"],"picked":"Static Discharge+1","floor":42},{"not_picked":["Auto Shields","Leap"],"picked":"Force Field","floor":44},{"not_picked":["Beam Cell","Rebound+1"],"picked":"Static Discharge+1","floor":46}],"player_experience":171763,"relics_obtained":[{"floor":6.0,"key":"Happy Flower"},{"floor":9.0,"key":"Blood Vial"},{"floor":11.0,"key":"Mango"},{"floor":23.0,"key":"Boot"},{"floor":26,"key":"Bottled Tornado"},{"floor":30,"key":"Incense Burner"},{"floor":40,"key":"Meat on the Bone"},{"floor":43,"key":"Art of War"}],"event_choices":[{"damage_healed":0.0,"max_hp_gain":0.0,"max_hp_loss":0.0,"gold_gain":0.0,"event_name":"Golden Idol","player_choice":"Take Damage","floor":2.0,"gold_loss":0.0,"damage_taken":20.0,"relics_obtained":["Golden Idol"]},{"damage_healed":0.0,"max_hp_gain":5.0,"max_hp_loss":0.0,"gold_gain":0.0,"event_name":"Big Fish","player_choice":"Donut","floor":3.0,"gold_loss":0.0,"damage_taken":0.0},{"damage_healed":0.0,"max_hp_gain":0.0,"max_hp_loss":0.0,"gold_gain":0.0,"event_name":"The Woman in Blue","player_choice":"Bought 2 Potions","floor":12.0,"gold_loss":0.0,"damage_taken":0.0},{"damage_healed":0,"gold_gain":0,"player_choice":"Gave Potion","damage_taken":0,"relics_obtained":["Darkstone Periapt"],"max_hp_gain":0,"max_hp_loss":0,"event_name":"WeMeetAgain","floor":31,"gold_loss":0},{"cards_removed":["FTL"],"damage_healed":0,"gold_gain":0,"player_choice":"Removed Attack","damage_taken":0,"max_hp_gain":0,"max_hp_loss":0,"event_name":"Falling","floor":37,"gold_loss":0},{"damage_healed":0,"gold_gain":333,"player_choice":"Gave Idol","damage_taken":0,"max_hp_gain":0,"max_hp_loss":0,"event_name":"The Moai Head","floor":39,"relics_lost":["Golden Idol"],"gold_loss":0}],"is_beta":false,"boss_relics":[{"not_picked":["Coffee Dripper","Calling Bell"],"picked":"Astrolabe"},{"not_picked":["Sozu","Philosopher\u0027s Stone"],"picked":"Cursed Key"}],"items_purged_floors":[14,20,38,48],"is_endless":false,"potions_floor_spawned":[5,13,16,19,21,23,33,35,36,44],"ascension_level":0}