{"gold_per_floor":[114,289,289,289,132,132,157,34,89,101,113,150,162,193,205,343,355,392,420,357,369,179,179,194,230,230,254,267,267,305,323,323,452,452,471,484,8,28,47,91,91,130,130,130,155,155,173,198,198,198],"floor_reached":50,"playtime":5813,"items_purged":["Doubt","Doubt","Strike_R","Strike_R"],"score":749,"play_id":"f14dd62d-3d0e-44dd-b233-5187a0f702f0","local_time":"20190628204423","is_ascension_mode":true,"campfire_choices":[{"data":"Inflame","floor":6.0,"key":"SMITH"},{"data":"Iron Wave","floor":10.0,"key":"SMITH"},{"data":"Wild Strike","floor":13.0,"key":"SMITH"},{"data":"Havoc","floor":15.0,"key":"SMITH"},{"floor":23.0,"key":"REST"},{"floor":29.0,"key":"REST"},{"data":"Juggernaut","floor":32.0,"key":"SMITH"},{"floor":41.0,"key":"REST"},{"floor":44.0,"key":"REST"},{"floor":49,"key":"REST"}],"neow_cost":"CURSE","seed_source_timestamp":0,"circlet_count":0,"master_deck":["Strike_R","Defend_R+1","Defend_R","Defend_R","Bash","Havoc+1","Wild Strike+1","Iron Wave+1","Inflame+1","Twin Strike","Sword Boomerang","Double Tap","Heavy Blade","Juggernaut+1","Second Wind","Rampage+1","Thunderclap","Impervious","Burning Pact+1","Bludgeon","Armaments+1","Immolate","Body Slam","Inflame","Whirlwind+1","Intimidate+1","Juggernaut","Evolve+1","Armaments+1","Combust","Anger+1","True Grit+1","Iron Wave+1","Madness","Madness"],"special_seed":0,"relics":["Burning Blood","Golden Idol","Self Forming Clay","MawBank","FossilizedHelix","Philosopher\u0027s Stone","War Paint","Magic Flower","Vajra","Busted Crown","Kunai","Regal Pillow","Omamori","The Courier"],"potions_floor_usage":[50,50],"damage_taken":[{"damage":10.0,"enemies":"Small Slimes","floor":1.0,"turns":3.0},{"damage":7.0,"enemies":"Jaw Worm","floor":7.0,"turns":2.0},{"damage":0.0,"enemies":"2 Louse","floor":12.0,"turns":3.0},{"damage":3.0,"enemies":"Exordium Thugs","floor":14.0,"turns":3.0},{"damage":44.0,"enemies":"The Guardian","floor":16.0,"turns":9.0},{"damage":0.0,"enemies":"Spheric Guardian","floor":18.0,"turns":3.0},{"damage":22.0,"enemies":"3 Byrds","floor":19.0,"turns":4.0},{"damage":24.0,"enemies":"Shelled Parasite and Fungi","floor":24.0,"turns":4.0},{"damage":28.0,"enemies":"Book of Stabbing","floor":25.0,"turns":5.0},{"damage":7.0,"enemies":"Chosen and Byrds","floor":27.0,"turns":3.0},{"damage":5.0,"enemies":"Centurion and Healer","floor":28.0,"turns":5.0},{"damage":33.0,"enemies":"Gremlin Leader","floor":30.0,"turns":4.0},{"damage":0.0,"enemies":"3 Cultists","floor":31.0,"turns":3.0},{"damage":84.0,"enemies":"Automaton","floor":33.0,"turns":7.0},{"damage":3.0,"enemies":"Orb Walker","floor":35.0,"turns":3.0},{"damage":0.0,"enemies":"3 Shapes","floor":36.0,"turns":3.0},{"damage":0.0,"enemies":"Jaw Worm Horde","floor":38.0,"turns":3.0},{"damage":69.0,"enemies":"Transient","floor":39.0,"turns":5.0},{"damage":1.0,"enemies":"Giant Head","floor":40.0,"turns":5.0},{"damage":40.0,"enemies":"Reptomancer","floor":42.0,"turns":6.0},{"damage":13.0,"enemies":"Writhing Mass","floor":45.0,"turns":5.0},{"damage":3,"enemies":"4 Shapes","floor":47,"turns":2},{"damage":10,"enemies":"3 Darklings","floor":48,"turns":4},{"damage":88,"enemies":"Donu and Deca","floor":50,"turns":6}],"seed_played":"-5172260074363305564","potions_obtained":[{"floor":12.0,"key":"FairyPotion"},{"floor":16.0,"key":"SteroidPotion"},{"floor":24.0,"key":"Dexterity Potion"},{"floor":27.0,"key":"PowerPotion"},{"floor":28.0,"key":"Fire Potion"},{"floor":33.0,"key":"SteroidPotion"},{"floor":35.0,"key":"FearPotion"},{"floor":42.0,"key":"Ancient Potion"},{"floor":45.0,"key":"FearPotion"}],"is_trial":false,"path_per_floor":["M","?","?","?","$","R","M","$","T","R","?","M","R","M","R","B",null,"M","M","?","?","$","R","M","E","T","M","M","R","E","M","R","B",null,"M","M","$","M","M","E","R","E","T","R","M","?","M","M","R","B"],"character_chosen":"IRONCLAD","items_purchased":["Inflame","Sword Boomerang","Bludgeon","Combust","Kunai"],"campfire_rested":5,"item_purchase_floors":[5,8,22,37,37],"current_hp_per_floor":[76,76,56,56,56,56,55,55,55,55,48,54,54,57,57,19,65,71,55,55,55,55,79,61,39,39,41,45,69,45,54,54,21,65,71,80,80,80,20,28,67,36,36,75,71,61,67,66,80,0],"gold":198,"neow_bonus":"TRANSFORM_TWO_CARDS","is_prod":false,"is_daily":false,"chose_seed":false,"campfire_upgraded":5,"win_rate":0,"timestamp":1561769063,"path_taken":["M","?","?","?","$","R","?","$","T","R","?","M","R","M","R","BOSS","M","M","?","?","$","R","M","E","T","M","?","R","E","M","R","BOSS","M","M","$","M","M","E","R","E","T","R","M","?","M","M","R","BOSS"],"build_version":"2019-01-23","purchased_purges":4,"victory":false,"max_hp_per_floor":[80,80,80,80,80,80,80,80,80,80,80,80,80,80,80,80,80,80,80,80,80,80,80,80,80,80,80,80,80,80,80,80,80,80,80,80,80,80,80,80,80,80,80,80,80,80,80,80,80,80],"card_choices":[{"not_picked":["Warcry","Seeing Red"],"picked":"Iron Wave","floor":1.0},{"not_picked":["Body Slam","Cleave"],"picked":"Twin Strike","floor":7.0},{"not_picked":["Cleave","Wild Strike"],"picked":"Double Tap","floor":12.0},{"not_picked":["Warcry","True Grit"],"picked":"Heavy Blade","floor":14.0},{"not_picked":["Bludgeon","Exhume"],"picked":"Juggernaut","floor":16.0},{"not_picked":["Flex","Havoc"],"picked":"Second Wind","floor":18.0},{"not_picked":["Sentinel","Clothesline"],"picked":"Rampage+1","floor":19.0},{"not_picked":["Havoc","Burning Pact"],"picked":"Armaments+1","floor":24.0},{"not_picked":["Heavy Blade","Anger"],"picked":"Immolate","floor":25.0},{"not_picked":["Pommel Strike","Wild Strike"],"picked":"Body Slam","floor":27.0},{"not_picked":["Blood for Blood","Burning Pact"],"picked":"Inflame","floor":28.0},{"not_picked":["Carnage","Perfected Strike+1"],"picked":"Whirlwind+1","floor":30.0},{"not_picked":["Cleave","Wild Strike"],"picked":"Intimidate+1","floor":31.0},{"not_picked":["Reaper","Exhume"],"picked":"Juggernaut","floor":33.0},{"not_picked":[],"picked":"Evolve+1","floor":35.0},{"not_picked":[],"picked":"Armaments+1","floor":36.0},{"not_picked":["Warcry"],"picked":"SKIP","floor":38.0},{"not_picked":[],"picked":"Anger+1","floor":39.0},{"not_picked":[],"picked":"True Grit+1","floor":40.0},{"not_picked":["Perfected Strike"],"picked":"SKIP","floor":42.0},{"not_picked":[],"picked":"Iron Wave+1","floor":45.0},{"not_picked":["Warcry"],"picked":"SKIP","floor":47},{"not_picked":["Burning Pact"],"picked":"SKIP","floor":48}],"player_experience":292935,"relics_obtained":[{"floor":4.0,"key":"Self Forming Clay"},{"floor":9.0,"key":"MawBank"},{"floor":25.0,"key":"War Paint"},{"floor":26.0,"key":"Magic Flower"},{"floor":30.0,"key":"Vajra"},{"floor":40.0,"key":"Regal Pillow"},{"floor":42.0,"key":"Omamori"},{"floor":43.0,"key":"The Courier"}],"event_choices":[{"damage_healed":0.0,"max_hp_gain":0.0,"max_hp_loss":0.0,"gold_gain":175.0,"event_name":"Liars Game","player_choice":"AGREE","floor":2.0,"gold_loss":0.0,"damage_taken":0.0,"cards_obtained":["Doubt"]},{"damage_healed":0.0,"max_hp_gain":0.0,"max_hp_loss":0.0,"gold_gain":0.0,"event_name":"Golden Idol","player_choice":"Take Damage","floor":3.0,"gold_loss":0.0,"damage_taken":20.0,"relics_obtained":["Golden Idol"]},{"damage_healed":0.0,"max_hp_gain":0.0,"max_hp_loss":0.0,"gold_gain":0.0,"event_name":"Wheel of Change","player_choice":"Relic","floor":4.0,"gold_loss":0.0,"damage_taken":0.0},{"damage_healed":0.0,"max_hp_gain":0.0,"max_hp_loss":0.0,"gold_gain":0.0,"event_name":"Scrap Ooze","player_choice":"Success","floor":11.0,"gold_loss":0.0,"damage_taken":7.0,"relics_obtained":["FossilizedHelix"]},{"cards_removed":["Strike_R"],"damage_healed":0.0,"max_hp_gain":0.0,"max_hp_loss":0.0,"gold_gain":0.0,"event_name":"Beggar","player_choice":"Gave Gold","floor":20.0,"gold_loss":75.0,"damage_taken":0.0},{"damage_healed":0.0,"max_hp_gain":0.0,"max_hp_loss":0.0,"gold_gain":0.0,"event_name":"Match and Keep!","player_choice":"3 cards matched","floor":21.0,"gold_loss":0.0,"damage_taken":0.0,"cards_obtained":["Thunderclap","Impervious","Burning Pact"]},{"damage_healed":0.0,"max_hp_gain":0.0,"max_hp_loss":0.0,"gold_gain":0.0,"event_name":"Match and Keep!","player_choice":"3 cards matched","floor":21.0,"gold_loss":0.0,"damage_taken":0.0,"cards_obtained":["Thunderclap","Impervious","Burning Pact"]},{"damage_healed":0.0,"max_hp_gain":0.0,"max_hp_loss":0.0,"gold_gain":0.0,"event_name":"Winding Halls","player_choice":"Embrace Madness","floor":46.0,"gold_loss":0.0,"damage_taken":10.0,"cards_obtained":["Madness","Madness"]}],"is_beta":false,"boss_relics":[{"not_picked":["Sozu","Snecko Eye"],"picked":"Philosopher\u0027s Stone"},{"not_picked":["Coffee Dripper","Runic Pyramid"],"picked":"Busted Crown"}],"items_purged_floors":[5,8,22,37],"is_endless":false,"potions_floor_spawned":[12,16,24,27,28,33,35,42,45],"killed_by":"Donu and Deca","ascension_level":5}