{"gold_per_floor":[121,149,161,191,217,229,258,270,355,6,22,33,68,84,84,182,182,202,202,213,213,35,35,60,11,11,11,30,43,74,91,91,91],"floor_reached":33,"playtime":2291,"items_purged":["Strike_B","Decay"],"score":291,"play_id":"eb191d65-be0a-49ac-be12-db507d5c0fa7","local_time":"20190710211625","is_ascension_mode":false,"campfire_choices":[{"data":"Static Discharge","floor":6.0,"key":"SMITH"},{"data":"Turbo","floor":8.0,"key":"SMITH"},{"floor":15.0,"key":"REST"},{"data":"Fission","floor":23.0,"key":"SMITH"},{"data":"Seek","floor":27.0,"key":"SMITH"},{"floor":32.0,"key":"REST"}],"neow_cost":"NONE","seed_source_timestamp":0,"circlet_count":0,"master_deck":["Defend_B","Defend_B","Defend_B","Defend_B","Zap","Dualcast","Static Discharge+1","Conserve Battery","Sweeping Beam","Beam Cell","Turbo+1","Seek+1","Beam Cell","Fission+1","White Noise","Meteor Strike","Leap+1","Seek+1","Ball Lightning+1","Self Repair","RitualDagger","White Noise","Writhe","Loop","Melter+1","Go for the Eyes","Coolheaded+1","Turbo"],"special_seed":0,"relics":["Cracked Core","MawBank","Bottled Tornado","Torii","Turnip","Astrolabe","Bag of Marbles","Pen Nib","Dodecahedron","Girya"],"potions_floor_usage":[],"damage_taken":[{"damage":0.0,"enemies":"Small Slimes","floor":1.0,"turns":3.0},{"damage":0.0,"enemies":"Cultist","floor":2.0,"turns":4.0},{"damage":2.0,"enemies":"Jaw Worm","floor":4.0,"turns":5.0},{"damage":2.0,"enemies":"Blue Slaver","floor":5.0,"turns":3.0},{"damage":5.0,"enemies":"Exordium Wildlife","floor":7.0,"turns":3.0},{"damage":9.0,"enemies":"2 Fungi Beasts","floor":11.0,"turns":3.0},{"damage":6.0,"enemies":"Gremlin Gang","floor":12.0,"turns":3.0},{"damage":11.0,"enemies":"3 Sentries","floor":13.0,"turns":4.0},{"damage":6.0,"enemies":"Exordium Wildlife","floor":14.0,"turns":4.0},{"damage":19.0,"enemies":"Slime Boss","floor":16.0,"turns":10.0},{"damage":11.0,"enemies":"2 Thieves","floor":18.0,"turns":2.0},{"damage":2.0,"enemies":"Shell Parasite","floor":20.0,"turns":4.0},{"damage":21.0,"enemies":"Slavers","floor":24.0,"turns":5.0},{"damage":8.0,"enemies":"Snake Plant","floor":28.0,"turns":3.0},{"damage":0.0,"enemies":"Sentry and Sphere","floor":29.0,"turns":2.0},{"damage":19.0,"enemies":"Gremlin Leader","floor":30.0,"turns":5.0},{"damage":20.0,"enemies":"Centurion and Healer","floor":31.0,"turns":3.0},{"damage":69,"enemies":"Collector","floor":33,"turns":10}],"seed_played":"-6753411592928634794","potions_obtained":[{"floor":1.0,"key":"EssenceOfSteel"},{"floor":5.0,"key":"Swift Potion"},{"floor":14.0,"key":"FairyPotion"},{"floor":16.0,"key":"AttackPotion"},{"floor":18.0,"key":"LiquidBronze"},{"floor":24.0,"key":"PowerPotion"},{"floor":29.0,"key":"FocusPotion"}],"is_trial":false,"path_per_floor":["M","M","?","M","M","R","M","R","T","$","M","M","E","M","R","B",null,"M","?","M","?","$","R","E","$","T","R","M","M","E","M","R","B"],"character_chosen":"DEFECT","items_purchased":["Torii","Loop","Fire Potion"],"campfire_rested":2,"item_purchase_floors":[10,22,25],"current_hp_per_floor":[75,75,75,73,71,71,66,66,66,66,57,51,40,34,56,37,75,64,58,63,63,63,63,49,49,49,49,41,41,29,9,31,0],"gold":91,"neow_bonus":"RANDOM_COMMON_RELIC","is_prod":false,"is_daily":false,"chose_seed":false,"campfire_upgraded":4,"win_rate":0.0,"timestamp":1562807785,"path_taken":["M","M","?","M","M","R","M","R","T","?","M","M","E","M","R","BOSS","M","?","M","?","$","R","E","?","T","R","M","?","E","M","R","BOSS"],"build_version":"2019-07-05","purchased_purges":2,"victory":false,"max_hp_per_floor":[75,75,75,75,75,75,75,75,75,75,75,75,75,75,75,75,75,75,75,75,75,75,75,75,75,75,75,75,75,75,75,75,75],"card_choices":[{"not_picked":["Heatsinks","Hologram"],"picked":"Static Discharge","floor":1.0},{"not_picked":["Rebound","Leap"],"picked":"Conserve Battery","floor":2.0},{"not_picked":["Redo","Rebound"],"picked":"Sweeping Beam","floor":4.0},{"not_picked":["Conserve Battery","Sweeping Beam"],"picked":"Beam Cell","floor":5.0},{"not_picked":["Stack","Scrape"],"picked":"Turbo","floor":7.0},{"not_picked":["Coolheaded","Stack"],"picked":"Seek","floor":11.0},{"not_picked":["Steam","Hologram"],"picked":"Beam Cell","floor":12.0},{"not_picked":["Redo","Stack"],"picked":"Fission","floor":13.0},{"not_picked":["Steam","Recycle"],"picked":"White Noise","floor":14.0},{"not_picked":["Reboot","Machine Learning"],"picked":"Meteor Strike","floor":16.0},{"not_picked":["Leap","Redo"],"picked":"Self Repair","floor":18.0},{"not_picked":["Conserve Battery","Turbo"],"picked":"White Noise","floor":20.0},{"not_picked":["Rebound+1","Ball Lightning"],"picked":"Melter+1","floor":24.0},{"not_picked":["Steam","Stack"],"picked":"Go for the Eyes","floor":28.0},{"not_picked":["Hologram","Stack","Undo"],"picked":"SKIP","floor":29.0},{"not_picked":["Biased Cognition","Conserve Battery"],"picked":"Coolheaded+1","floor":30.0},{"not_picked":["Steam","Rebound"],"picked":"Turbo","floor":31.0}],"player_experience":148049,"relics_obtained":[{"floor":9.0,"key":"Bottled Tornado"},{"floor":13.0,"key":"Turnip"},{"floor":24.0,"key":"Pen Nib"},{"floor":26.0,"key":"Dodecahedron"},{"floor":30.0,"key":"Girya"}],"event_choices":[{"damage_healed":0.0,"max_hp_gain":0.0,"max_hp_loss":0.0,"gold_gain":0.0,"event_name":"Wheel of Change","player_choice":"Cursed","floor":3.0,"gold_loss":0.0,"damage_taken":0.0,"cards_obtained":["Decay"]},{"damage_healed":0.0,"max_hp_gain":0.0,"max_hp_loss":0.0,"gold_gain":0.0,"event_name":"Nest","player_choice":"Joined the Cult","floor":19.0,"gold_loss":0.0,"damage_taken":6.0,"cards_obtained":["RitualDagger"]},{"damage_healed":0.0,"max_hp_gain":0.0,"max_hp_loss":0.0,"gold_gain":0.0,"event_name":"The Mausoleum","player_choice":"Opened","floor":21.0,"gold_loss":0.0,"damage_taken":0.0,"relics_obtained":["Bag of Marbles"],"cards_obtained":["Writhe"]}],"is_beta":false,"boss_relics":[{"not_picked":["Empty Cage","Runic Dome"],"picked":"Astrolabe"}],"items_purged_floors":[10,22],"is_endless":false,"potions_floor_spawned":[1,5,14,16,18,24,28,29],"killed_by":"Collector","ascension_level":0}