{"gold_per_floor":[110,123,123,123,143,143,174,17,63,106,128,155,167,179,191,277,289,321,333,361,373,403,415,456,14,14,14,14,14,34,34],"floor_reached":31,"playtime":1084,"items_purged":["Prepared"],"score":551,"play_id":"09360122-8daa-41c2-a376-ab2ef623c296","local_time":"20190704183503","is_ascension_mode":true,"campfire_choices":[{"data":"Poisoned Stab","floor":6.0,"key":"SMITH"},{"floor":13,"key":"REST"},{"data":"Catalyst","floor":15,"key":"SMITH"},{"floor":23,"key":"REST"},{"data":"Noxious Fumes","floor":29,"key":"SMITH"}],"neow_cost":"NONE","seed_source_timestamp":0,"circlet_count":0,"master_deck":["AscendersBane","Survivor+1","Neutralize+1","PiercingWail","Poisoned Stab+1","Poisoned Stab","Corpse Explosion","Dash","Skewer","Catalyst+1","After Image","Noxious Fumes","Dagger Spray","Blur","Prepared","Backflip","After Image","Deadly Poison","Unload","Backflip","Grand Finale","Escape Plan","Backflip","Crippling Poison","Noxious Fumes+1","PiercingWail"],"special_seed":0,"relics":["Ring of the Snake","NeowsBlessing","War Paint","MawBank","Vajra","Pandora\u0027s Box","CultistMask","Pantograph","Membership Card","Mango","Singing Bowl"],"potions_floor_usage":[24,30,31],"damage_taken":[{"damage":0.0,"enemies":"Jaw Worm","floor":1.0,"turns":1.0},{"damage":0.0,"enemies":"Cultist","floor":2.0,"turns":1.0},{"damage":0.0,"enemies":"Small Slimes","floor":5.0,"turns":1.0},{"damage":27.0,"enemies":"Lagavulin","floor":7.0,"turns":7.0},{"damage":24.0,"enemies":"Gremlin Nob","floor":10.0,"turns":4.0},{"damage":10.0,"enemies":"Exordium Wildlife","floor":11.0,"turns":4.0},{"damage":0,"enemies":"Red Slaver","floor":12,"turns":3},{"damage":10,"enemies":"Hexaghost","floor":16,"turns":7},{"damage":11,"enemies":"3 Byrds","floor":18,"turns":3},{"damage":14,"enemies":"Shell Parasite","floor":20,"turns":6},{"damage":7,"enemies":"Centurion and Healer","floor":22,"turns":5},{"damage":29,"enemies":"Slavers","floor":24,"turns":4},{"damage":13,"enemies":"Snake Plant","floor":30,"turns":4},{"damage":28,"enemies":"Snecko","floor":31,"turns":5}],"seed_played":"-5564180733562804330","potions_obtained":[{"floor":1.0,"key":"SteroidPotion"},{"floor":7.0,"key":"SkillPotion"},{"floor":22,"key":"Fire Potion"},{"floor":24,"key":"Poison Potion"},{"floor":30,"key":"Fire Potion"}],"is_trial":false,"path_per_floor":["M","M","?","?","M","R","E","$","T","E","M","M","R","?","R","B",null,"M","?","M","?","M","R","E","$","T","?","$","R","M","M"],"character_chosen":"THE_SILENT","items_purchased":["Corpse Explosion","Membership Card","Mango","Noxious Fumes"],"campfire_rested":2,"item_purchase_floors":[8,25,25,25],"current_hp_per_floor":[59,59,59,64,64,64,37,37,37,13,3,3,24,24,24,14,57,46,46,32,32,25,46,17,31,31,31,31,31,18,0],"gold":34,"neow_bonus":"THREE_ENEMY_KILL","is_prod":false,"is_daily":false,"chose_seed":false,"campfire_upgraded":3,"win_rate":0,"timestamp":1562232903,"path_taken":["M","M","?","?","?","R","E","?","T","E","M","M","R","?","R","BOSS","M","?","?","?","?","R","E","$","T","?","?","R","M","M"],"build_version":"2019-07-01","purchased_purges":1,"victory":false,"max_hp_per_floor":[66,66,66,71,71,71,71,71,71,71,71,71,71,71,71,71,71,71,71,71,71,71,71,71,85,85,85,85,85,85,85],"card_choices":[{"not_picked":["Concentrate","Heel Hook","Outmaneuver"],"picked":"SKIP","floor":1.0},{"not_picked":["Sucker Punch","Flechettes"],"picked":"PiercingWail","floor":2.0},{"not_picked":["Distraction","Deadly Poison"],"picked":"Poisoned Stab","floor":5.0},{"not_picked":["Acrobatics","Blade Dance"],"picked":"Poisoned Stab","floor":7.0},{"not_picked":["Sucker Punch","Wraith Form v2"],"picked":"Dash","floor":10.0},{"not_picked":["Prepared","Slice"],"picked":"Skewer","floor":11.0},{"not_picked":["Poisoned Stab","Escape Plan"],"picked":"Catalyst","floor":12},{"not_picked":["Storm of Steel","Corpse Explosion"],"picked":"After Image","floor":16},{"not_picked":["Deadly Poison","Concentrate"],"picked":"Backflip","floor":18},{"not_picked":["Dagger Throw","Blade Dance+1"],"picked":"Escape Plan","floor":20},{"not_picked":["Acrobatics","Dagger Throw"],"picked":"Backflip","floor":22},{"not_picked":["Sucker Punch","Underhanded Strike"],"picked":"Crippling Poison","floor":24},{"not_picked":["Accuracy","Flying Knee"],"picked":"PiercingWail","floor":30}],"player_experience":756759,"relics_obtained":[{"floor":7.0,"key":"War Paint"},{"floor":9.0,"key":"MawBank"},{"floor":10.0,"key":"Vajra"},{"floor":24,"key":"Pantograph"},{"floor":26,"key":"Singing Bowl"}],"event_choices":[{"damage_healed":0.0,"max_hp_gain":0.0,"max_hp_loss":0.0,"gold_gain":0.0,"event_name":"Living Wall","player_choice":"Grow","floor":3.0,"gold_loss":0.0,"damage_taken":0.0,"cards_upgraded":["Neutralize"]},{"damage_healed":0.0,"max_hp_gain":5.0,"max_hp_loss":0.0,"gold_gain":0.0,"event_name":"Big Fish","player_choice":"Donut","floor":4.0,"gold_loss":0.0,"damage_taken":0.0},{"damage_healed":0,"gold_gain":0,"player_choice":"Searched \u00271\u0027 times","damage_taken":0,"max_hp_gain":0,"max_hp_loss":0,"event_name":"Dead Adventurer","floor":14,"gold_loss":0},{"damage_healed":0,"gold_gain":0,"player_choice":"1 cards matched","damage_taken":0,"max_hp_gain":0,"max_hp_loss":0,"event_name":"Match and Keep!","floor":19,"gold_loss":0,"cards_obtained":["Grand Finale"]},{"damage_healed":0,"gold_gain":0,"player_choice":"Trade","damage_taken":0,"relics_obtained":["CultistMask"],"max_hp_gain":0,"max_hp_loss":0,"event_name":"FaceTrader","floor":21,"gold_loss":0},{"cards_removed":["Outmaneuver"],"damage_healed":0,"gold_gain":0,"player_choice":"Elegance","damage_taken":0,"max_hp_gain":0,"max_hp_loss":0,"event_name":"Back to Basics","floor":27,"gold_loss":0}],"is_beta":false,"boss_relics":[{"not_picked":["Lizard Tail","Orrery"],"picked":"Pandora\u0027s Box"}],"items_purged_floors":[25],"is_endless":false,"potions_floor_spawned":[1,7,22,24,30],"killed_by":"Snecko","ascension_level":20}