{"gold_per_floor":[119,119,136,136,136,136,152,152,152,177,177,17,27,41,41,139,139,152,152,171,198,198,198,213,213,238,265,276,289,59,59,59,157,157,175,175,195,70,89,122,122,122,122,142,74,74,74,100,100,100],"floor_reached":51,"playtime":2039,"items_purged":["Strike_R","Decay","Decay"],"score":898,"play_id":"2edd67d6-c071-4b6b-b395-d9938b95c025","local_time":"20190702181820","is_ascension_mode":false,"campfire_choices":[{"data":"Thunderclap","floor":6,"key":"SMITH"},{"data":"Ghostly Armor","floor":8,"key":"SMITH"},{"data":"Iron Wave","floor":15,"key":"SMITH"},{"data":"Perfected Strike","floor":23,"key":"SMITH"},{"data":"Pommel Strike","floor":25,"key":"SMITH"},{"data":"Double Tap","floor":32,"key":"SMITH"},{"data":"Uppercut","floor":41,"key":"SMITH"},{"data":"Perfected Strike","floor":46,"key":"SMITH"},{"data":"Perfected Strike","floor":49,"key":"SMITH"}],"neow_cost":"NONE","seed_source_timestamp":146369306517238,"circlet_count":0,"master_deck":["Strike_R","Strike_R","Strike_R","Defend_R","Defend_R","Defend_R+1","Defend_R+1","Thunderclap+1","Pommel Strike+1","Ghostly Armor+1","Iron Wave+1","Iron Wave","Blind+1","Uppercut+1","Heavy Blade","Double Tap+1","Perfected Strike+1","Twin Strike","Pommel Strike+1","Perfected Strike+1","Pommel Strike+1","Perfected Strike","Flash of Steel","Warcry","Ghostly","Ghostly","Ghostly","Ghostly","Ghostly","Feed","Shrug It Off+1","Burning Pact+1","Burning Pact+1","Writhe","Parasite","Perfected Strike+1","Seeing Red","Enlightenment"],"relics":["Coffee Dripper","Potion Belt","Orichalcum","Juzu Bracelet","Cursed Key","Ancient Tea Set","Pantograph","Blood Vial","War Paint","Runic Pyramid","Pen Nib","Gambling Chip","Oddly Smooth Stone"],"potions_floor_usage":[16,16,16,33],"damage_taken":[{"damage":6,"enemies":"Jaw Worm","floor":1,"turns":3},{"damage":0,"enemies":"2 Louse","floor":3,"turns":2},{"damage":0,"enemies":"Small Slimes","floor":7,"turns":1},{"damage":18,"enemies":"3 Sentries","floor":10,"turns":7},{"damage":0,"enemies":"Red Slaver","floor":13,"turns":4},{"damage":3,"enemies":"Exordium Thugs","floor":14,"turns":4},{"damage":10,"enemies":"Slime Boss","floor":16,"turns":10},{"damage":3,"enemies":"Spheric Guardian","floor":18,"turns":3},{"damage":4,"enemies":"2 Thieves","floor":20,"turns":3},{"damage":19,"enemies":"Centurion and Healer","floor":24,"turns":6},{"damage":6,"enemies":"Book of Stabbing","floor":27,"turns":4},{"damage":14,"enemies":"Snake Plant","floor":28,"turns":4},{"damage":1,"enemies":"3 Cultists","floor":29,"turns":4},{"damage":0,"enemies":"Collector","floor":33,"turns":7},{"damage":0,"enemies":"3 Shapes","floor":35,"turns":2},{"damage":0,"enemies":"Orb Walker","floor":37,"turns":2},{"damage":0,"enemies":"Writhing Mass","floor":39,"turns":5},{"damage":32,"enemies":"Nemesis","floor":40,"turns":9},{"damage":17,"enemies":"Sphere and 2 Shapes","floor":44,"turns":3},{"damage":0,"enemies":"Giant Head","floor":48,"turns":6},{"damage":36,"enemies":"Awakened One","floor":50,"turns":14}],"seed_played":"3243013882017429538","potions_obtained":[{"floor":3,"key":"PowerPotion"},{"floor":10,"key":"Fire Potion"},{"floor":13,"key":"AttackPotion"},{"floor":16,"key":"Energy Potion"},{"floor":27,"key":"Energy Potion"},{"floor":28,"key":"PowerPotion"},{"floor":33,"key":"Dexterity Potion"},{"floor":37,"key":"LiquidBronze"},{"floor":39,"key":"Block Potion"},{"floor":44,"key":"SteroidPotion"},{"floor":48,"key":"GamblersBrew"}],"is_trial":false,"path_per_floor":["M","?","M","?","?","R","M","R","T","E","?","$","M","M","R","B",null,"M","?","M","T","?","R","M","R","T","E","M","M","$","?","R","B",null,"M","?","M","$","M","E","R","?","T","M","$","R","?","E","R","B",null],"character_chosen":"IRONCLAD","items_purchased":["Blind","Flash of Steel","Warcry","Seeing Red"],"campfire_rested":0,"item_purchase_floors":[12,30,30,45],"current_hp_per_floor":[74,56,56,40,40,40,40,40,40,22,22,22,22,19,19,9,80,77,77,73,73,73,73,54,54,54,50,38,39,39,39,39,40,40,43,43,43,43,46,14,14,26,26,14,14,14,14,16,16,7],"gold":100,"neow_bonus":"BOSS_RELIC","is_prod":false,"is_daily":false,"chose_seed":false,"campfire_upgraded":9,"win_rate":0.0,"timestamp":1562055500,"path_taken":["M","?","M","?","?","R","M","R","T","E","?","?","M","M","R","BOSS","M","?","M","?","?","R","M","R","T","E","M","M","$","?","R","BOSS","M","?","M","$","M","E","R","?","T","M","$","R","?","E","R","BOSS"],"build_version":"2019-07-01","purchased_purges":3,"victory":true,"max_hp_per_floor":[80,80,80,80,80,80,80,80,80,80,80,80,80,80,80,80,80,80,80,80,80,80,80,80,80,80,80,80,80,80,40,40,40,40,43,43,43,43,46,46,46,46,46,49,49,49,49,49,49,49],"card_choices":[{"not_picked":["Headbutt","Shrug It Off"],"picked":"Thunderclap","floor":1},{"not_picked":["Combust","Heavy Blade"],"picked":"Pommel Strike","floor":3},{"not_picked":["Combust","Feel No Pain"],"picked":"Ghostly Armor","floor":7},{"not_picked":["Body Slam","Brutality"],"picked":"Iron Wave","floor":10},{"not_picked":["Warcry","Whirlwind"],"picked":"Uppercut","floor":13},{"not_picked":["Shockwave","Pummel"],"picked":"Heavy Blade","floor":14},{"not_picked":["Bludgeon","Barricade"],"picked":"Double Tap","floor":16},{"not_picked":["Iron Wave","Sword Boomerang"],"picked":"Perfected Strike","floor":18},{"not_picked":["Heavy Blade","Thunderclap","Body Slam"],"picked":"SKIP","floor":20},{"not_picked":["Iron Wave","Reckless Charge"],"picked":"Pommel Strike","floor":24},{"not_picked":["Dark Embrace","Iron Wave"],"picked":"Perfected Strike","floor":27},{"not_picked":["Metallicize+1","Anger"],"picked":"Pommel Strike+1","floor":28},{"not_picked":["Armaments","Cleave"],"picked":"Perfected Strike","floor":29},{"not_picked":["Demon Form","Fiend Fire"],"picked":"Feed","floor":33},{"not_picked":["Headbutt","Iron Wave+1"],"picked":"Inflame","floor":35},{"not_picked":["Sword Boomerang+1","Reckless Charge+1"],"picked":"Shrug It Off+1","floor":37},{"not_picked":["True Grit+1","Reaper"],"picked":"Burning Pact+1","floor":39},{"not_picked":["Fire Breathing","Shrug It Off+1"],"picked":"Burning Pact+1","floor":40},{"not_picked":["Thunderclap+1","Fire Breathing+1"],"picked":"Perfected Strike","floor":44},{"not_picked":["Madness","Swift Strike"],"picked":"Enlightenment","floor":47},{"not_picked":["Uppercut","Clothesline","Shockwave"],"picked":"SKIP","floor":48}],"player_experience":8219,"relics_obtained":[{"floor":9,"key":"Orichalcum"},{"floor":10,"key":"Juzu Bracelet"},{"floor":21,"key":"Ancient Tea Set"},{"floor":26,"key":"Blood Vial"},{"floor":27,"key":"War Paint"},{"floor":40,"key":"Pen Nib"},{"floor":43,"key":"Gambling Chip"},{"floor":48,"key":"Oddly Smooth Stone"}],"event_choices":[{"damage_healed":0,"gold_gain":0,"player_choice":"Success","damage_taken":18,"relics_obtained":["Potion Belt"],"max_hp_gain":0,"max_hp_loss":0,"event_name":"Scrap Ooze","floor":2,"gold_loss":0},{"damage_healed":0,"gold_gain":0,"player_choice":"Entered Light","damage_taken":16,"max_hp_gain":0,"max_hp_loss":0,"event_name":"Shining Light","floor":4,"gold_loss":0,"cards_upgraded":["Defend_R","Pommel Strike"]},{"cards_removed":["Bash"],"damage_healed":0,"gold_gain":0,"player_choice":"Offered Basic","damage_taken":0,"max_hp_gain":0,"max_hp_loss":0,"event_name":"Bonfire Elementals","floor":5,"gold_loss":0},{"cards_removed":["Strike_R"],"damage_healed":0,"gold_gain":0,"player_choice":"Took Card","damage_taken":0,"max_hp_gain":0,"max_hp_loss":0,"event_name":"NoteForYourself","floor":11,"gold_loss":0,"cards_obtained":["Iron Wave"]},{"damage_healed":0,"gold_gain":0,"player_choice":"Read","damage_taken":0,"max_hp_gain":0,"max_hp_loss":0,"event_name":"The Library","floor":19,"gold_loss":0,"cards_obtained":["Twin Strike"]},{"damage_healed":0,"gold_gain":0,"player_choice":"Opened","damage_taken":0,"relics_obtained":["Pantograph"],"max_hp_gain":0,"max_hp_loss":0,"event_name":"The Mausoleum","floor":22,"gold_loss":0},{"damage_healed":0,"gold_gain":0,"player_choice":"Became a Ghost","damage_taken":0,"max_hp_gain":0,"max_hp_loss":40,"event_name":"Ghosts","floor":31,"gold_loss":0,"cards_obtained":["Ghostly","Ghostly","Ghostly","Ghostly","Ghostly"]},{"cards_removed":["Inflame"],"damage_healed":0,"gold_gain":0,"player_choice":"Removed Power","damage_taken":0,"max_hp_gain":0,"max_hp_loss":0,"event_name":"Falling","floor":36,"gold_loss":0},{"damage_healed":12,"gold_gain":0,"player_choice":"Writhe","damage_taken":0,"max_hp_gain":0,"max_hp_loss":0,"event_name":"Winding Halls","floor":42,"gold_loss":0,"cards_obtained":["Writhe"]},{"damage_healed":0,"gold_gain":0,"player_choice":"Memory 1","damage_taken":0,"max_hp_gain":0,"max_hp_loss":0,"event_name":"SensoryStone","floor":47,"gold_loss":0}],"is_beta":false,"boss_relics":[{"not_picked":["Ectoplasm","Velvet Choker"],"picked":"Cursed Key"},{"not_picked":["Sozu","Fusion Hammer"],"picked":"Runic Pyramid"}],"items_purged_floors":[12,30,38],"is_endless":false,"potions_floor_spawned":[3,10,13,16,27,28,33,37,39,44,48],"ascension_level":0}