{"gold_per_floor":[111,124,299,55,74,92,127,127,127,127,127,127,12,33,33,33],"floor_reached":16,"playtime":1003,"items_purged":["Doubt"],"score":100,"play_id":"01299bb6-3f75-4563-89b3-96002593f4e3","local_time":"20190704202540","is_ascension_mode":false,"campfire_choices":[{"floor":12,"key":"REST"},{"floor":15,"key":"REST"}],"neow_cost":"NONE","seed_source_timestamp":1542792437318600,"circlet_count":0,"master_deck":["Strike_B","Strike_B","Strike_B","Strike_B","Defend_B","Defend_B","Defend_B","Defend_B","Zap","Dualcast","Conserve Battery","Rebound","Tempest","Darkness","Reprogram","Injury","Melter","Redo","Compile Driver","Defragment","Self Repair","Conserve Battery"],"relics":["Black Star","Membership Card","Darkstone Periapt","Prayer Wheel","Golden Idol","Pocketwatch"],"potions_floor_usage":[7,16,16],"damage_taken":[{"damage":6,"enemies":"Jaw Worm","floor":1,"turns":5},{"damage":0,"enemies":"2 Louse","floor":2,"turns":4},{"damage":2,"enemies":"Cultist","floor":5,"turns":4},{"damage":24,"enemies":"Exordium Wildlife","floor":6,"turns":4},{"damage":22,"enemies":"Gremlin Nob","floor":7,"turns":4},{"damage":32,"enemies":"Looter","floor":14,"turns":4},{"damage":43,"enemies":"Hexaghost","floor":16,"turns":5}],"seed_played":"2547396437573268311","potions_obtained":[{"floor":2,"key":"Fire Potion"},{"floor":5,"key":"GamblersBrew"},{"floor":6,"key":"Energy Potion"},{"floor":14,"key":"Strength Potion"}],"is_trial":false,"path_per_floor":["M","M","?","$","M","M","E","?","T","?","?","R","$","M","R","B"],"character_chosen":"DEFECT","items_purchased":["Static Discharge","Membership Card","Redo","Compile Driver","Defragment"],"campfire_rested":2,"item_purchase_floors":[4,4,13,13,13],"current_hp_per_floor":[69,69,69,69,67,43,21,27,27,27,27,51,51,19,43,0],"gold":33,"neow_bonus":"BOSS_RELIC","is_prod":false,"is_daily":false,"chose_seed":false,"campfire_upgraded":0,"win_rate":0.0,"timestamp":1562286340,"path_taken":["M","M","?","$","M","M","E","?","T","?","?","R","$","M","R","BOSS"],"build_version":"2019-07-01","purchased_purges":1,"victory":false,"max_hp_per_floor":[75,75,75,75,75,75,75,81,81,81,81,81,81,81,81,81],"card_choices":[{"not_picked":["Double Energy","Cold Snap"],"picked":"Conserve Battery","floor":1},{"not_picked":["Stack","Streamline"],"picked":"Rebound","floor":2},{"not_picked":["Conserve Battery","Beam Cell"],"picked":"Tempest","floor":5},{"not_picked":["Sweeping Beam","Blizzard"],"picked":"Darkness","floor":6},{"not_picked":["Force Field","Sweeping Beam"],"picked":"Reprogram","floor":7},{"not_picked":["Conserve Battery","Streamline"],"picked":"Self Repair","floor":14},{"not_picked":["Blizzard","Sweeping Beam"],"picked":"Conserve Battery","floor":14}],"player_experience":48484,"relics_obtained":[{"floor":7,"key":"Darkstone Periapt"},{"floor":7,"key":"Prayer Wheel"},{"floor":9,"key":"Pocketwatch"}],"event_choices":[{"damage_healed":0,"gold_gain":175,"player_choice":"AGREE","damage_taken":0,"max_hp_gain":0,"max_hp_loss":0,"event_name":"Liars Game","floor":3,"gold_loss":0,"cards_obtained":["Doubt"]},{"damage_healed":0,"gold_gain":0,"player_choice":"Take Wound","damage_taken":0,"relics_obtained":["Golden Idol"],"max_hp_gain":0,"max_hp_loss":0,"event_name":"Golden Idol","floor":8,"gold_loss":0,"cards_obtained":["Injury"]},{"damage_healed":0,"gold_gain":0,"player_choice":"Grow","damage_taken":0,"max_hp_gain":0,"max_hp_loss":0,"event_name":"Living Wall","floor":10,"gold_loss":0,"cards_upgraded":["Static Discharge"]},{"cards_removed":["Static Discharge"],"damage_healed":0,"gold_gain":0,"player_choice":"Took Card","damage_taken":0,"max_hp_gain":0,"max_hp_loss":0,"event_name":"NoteForYourself","floor":11,"gold_loss":0,"cards_obtained":["Melter"]}],"is_beta":false,"boss_relics":[],"items_purged_floors":[13],"is_endless":false,"potions_floor_spawned":[2,5,6,14],"killed_by":"Hexaghost","ascension_level":0}