{"gold_per_floor":[112,123,140,220,75,75,87,117,172,186,197,197,231,241,241,344,344,360,378,393,409,425,458,458,475,498,498,509,527,558,575,575,675,675,687,687,703,723,738,688,688,716,716,727,327,345,364,168,168,168],"floor_reached":51,"playtime":2899,"items_purged":["Strike_R","Strike_R","Strike_R","Strike_R"],"score":791,"play_id":"742cf48e-b91d-4453-8e04-c484da6f909f","local_time":"20190706194906","is_ascension_mode":false,"campfire_choices":[{"data":"Body Slam","floor":6,"key":"SMITH"},{"data":"Juggernaut","floor":12,"key":"SMITH"},{"data":"True Grit","floor":15,"key":"SMITH"},{"data":"Evolve","floor":24,"key":"SMITH"},{"data":"Entrench","floor":27,"key":"SMITH"},{"data":"Feel No Pain","floor":32,"key":"SMITH"},{"data":"Body Slam","floor":41,"key":"SMITH"},{"floor":49,"key":"REST"}],"neow_cost":"","seed_source_timestamp":0,"circlet_count":0,"master_deck":["Juggernaut+1","Armaments+1","Defend_R","Defend_R","Defend_R","Defend_R","Bash","Carnage","Flame Barrier","Bloodletting","Body Slam+1","Power Through","Disarm","Battle Trance","Feel No Pain+1","True Grit+1","Seeing Red","Evolve+1","Entrench+1","Intimidate+1","Battle Trance+1","True Grit","Uppercut+1","Burning Pact+1","Ghostly Armor","Sever Soul","Body Slam+1","Offering+1","Exhume","True Grit+1","Shrug It Off+1","Dark Embrace","Offering"],"relics":["Burning Blood","Question Card","Prayer Wheel","Bottled Lightning","Smiling Mask","Tiny Chest","Blood Vial","Sozu","Pocketwatch","PreservedInsect","Orichalcum","Runic Pyramid","Art of War","Sundial","Medical Kit","Lantern"],"potions_floor_usage":[16,35],"damage_taken":[{"damage":0,"enemies":"Cultist","floor":1,"turns":4},{"damage":0,"enemies":"Jaw Worm","floor":2,"turns":3},{"damage":5,"enemies":"Small Slimes","floor":3,"turns":5},{"damage":17,"enemies":"Exordium Wildlife","floor":7,"turns":6},{"damage":15,"enemies":"Lagavulin","floor":8,"turns":8},{"damage":1,"enemies":"Blue Slaver","floor":10,"turns":5},{"damage":0,"enemies":"Red Slaver","floor":11,"turns":6},{"damage":5,"enemies":"Gremlin Nob","floor":13,"turns":4},{"damage":0,"enemies":"3 Louse","floor":14,"turns":4},{"damage":25,"enemies":"Hexaghost","floor":16,"turns":8},{"damage":3,"enemies":"Spheric Guardian","floor":18,"turns":4},{"damage":5,"enemies":"Shell Parasite","floor":19,"turns":5},{"damage":8,"enemies":"Shelled Parasite and Fungi","floor":20,"turns":6},{"damage":22,"enemies":"Snecko","floor":21,"turns":4},{"damage":12,"enemies":"Centurion and Healer","floor":22,"turns":7},{"damage":14,"enemies":"Book of Stabbing","floor":23,"turns":5},{"damage":3,"enemies":"Snake Plant","floor":25,"turns":4},{"damage":10,"enemies":"Cultist and Chosen","floor":28,"turns":6},{"damage":17,"enemies":"Shelled Parasite and Fungi","floor":29,"turns":5},{"damage":13,"enemies":"Gremlin Leader","floor":30,"turns":3},{"damage":6,"enemies":"Snake Plant","floor":31,"turns":5},{"damage":43,"enemies":"Automaton","floor":33,"turns":9},{"damage":2,"enemies":"3 Shapes","floor":35,"turns":5},{"damage":6,"enemies":"Orb Walker","floor":37,"turns":4},{"damage":40,"enemies":"Transient","floor":38,"turns":5},{"damage":0,"enemies":"Jaw Worm Horde","floor":39,"turns":4},{"damage":48,"enemies":"Reptomancer","floor":42,"turns":5},{"damage":0,"enemies":"Writhing Mass","floor":44,"turns":5},{"damage":0,"enemies":"Sphere and 2 Shapes","floor":46,"turns":6},{"damage":22,"enemies":"4 Shapes","floor":47,"turns":5},{"damage":6,"enemies":"Awakened One","floor":50,"turns":6}],"seed_played":"-6240889498922055079","potions_obtained":[{"floor":2,"key":"Energy Potion"},{"floor":3,"key":"SpeedPotion"},{"floor":14,"key":"Strength Potion"}],"is_trial":true,"path_per_floor":["M","M","M","T","$","R","M","E","T","M","M","R","E","M","R","B",null,"M","M","M","M","M","E","R","M","T","R","M","M","E","M","R","B",null,"M","?","M","M","M","$","R","E","T","M","$","M","M","$","R","B",null],"character_chosen":"IRONCLAD","items_purchased":["Disarm","Medical Kit","Lantern","Offering"],"campfire_rested":1,"item_purchase_floors":[5,45,45,48],"current_hp_per_floor":[80,80,80,80,80,80,69,60,60,65,71,71,72,80,80,61,80,80,80,78,64,60,54,54,59,59,59,57,48,43,45,45,10,80,80,80,80,46,54,54,54,14,14,22,22,30,16,16,40,42],"gold":168,"neow_bonus":"","is_prod":false,"is_daily":false,"chose_seed":false,"campfire_upgraded":7,"win_rate":0,"timestamp":1562410146,"path_taken":["M","M","M","?","$","R","M","E","T","M","M","R","E","M","R","BOSS","M","M","M","?","M","E","R","M","T","R","M","M","E","M","R","BOSS","M","?","M","?","M","$","R","E","T","M","?","M","M","$","R","BOSS"],"build_version":"2019-07-05","purchased_purges":4,"victory":true,"max_hp_per_floor":[80,80,80,80,80,80,80,80,80,80,80,80,80,80,80,80,80,80,80,80,80,80,80,80,80,80,80,80,80,80,80,80,80,80,80,80,80,80,80,80,80,80,80,80,80,80,80,80,80,80],"card_choices":[{"not_picked":["Cleave","Sever Soul","Armaments"],"picked":"Carnage","floor":1},{"not_picked":["Pommel Strike","Flex","Headbutt"],"picked":"Flame Barrier","floor":1},{"not_picked":["Rampage","Hemokinesis","Burning Pact"],"picked":"Bloodletting","floor":2},{"not_picked":["Pommel Strike","Flex","Sentinel","Rage"],"picked":"SKIP","floor":2},{"not_picked":["Clothesline","Heavy Blade","Fire Breathing"],"picked":"Body Slam","floor":3},{"not_picked":["Corruption","Metallicize","Intimidate"],"picked":"Power Through","floor":3},{"not_picked":["Sentinel","Rampage","Anger"],"picked":"Battle Trance","floor":7},{"not_picked":["Clash","Anger","Rupture","Combust"],"picked":"SKIP","floor":7},{"not_picked":["Berserk","Perfected Strike","Flame Barrier"],"picked":"Feel No Pain","floor":8},{"not_picked":["Warcry","Whirlwind","Cleave"],"picked":"True Grit","floor":10},{"not_picked":["Pummel","Heavy Blade","Hemokinesis","Perfected Strike"],"picked":"SKIP","floor":10},{"not_picked":["Warcry","Heavy Blade","Clothesline"],"picked":"Seeing Red","floor":11},{"not_picked":["Iron Wave","Berserk","Warcry","Intimidate"],"picked":"SKIP","floor":11},{"not_picked":["Power Through","Rampage","Clash","Flex"],"picked":"SKIP","floor":13},{"not_picked":["Perfected Strike","True Grit","Shockwave"],"picked":"Evolve","floor":14},{"not_picked":["Body Slam","Cleave","Armaments"],"picked":"Entrench","floor":14},{"not_picked":["Pommel Strike","Anger","Headbutt+1"],"picked":"Intimidate+1","floor":18},{"not_picked":["Heavy Blade","Twin Strike","Pommel Strike","Perfected Strike"],"picked":"SKIP","floor":18},{"not_picked":["Searing Blow","Reaper","Pummel+1"],"picked":"Battle Trance+1","floor":19},{"not_picked":["Flex+1","Perfected Strike","Inflame+1","Thunderclap+1"],"picked":"SKIP","floor":19},{"not_picked":["Anger+1","Infernal Blade+1","Wild Strike"],"picked":"True Grit","floor":20},{"not_picked":["Bloodletting+1","Searing Blow","Wild Strike+1","Twin Strike"],"picked":"SKIP","floor":20},{"not_picked":["Clash+1","Perfected Strike","Headbutt"],"picked":"Uppercut+1","floor":21},{"not_picked":["Pommel Strike+1","Perfected Strike+1","Berserk","Sword Boomerang"],"picked":"SKIP","floor":21},{"not_picked":["Clothesline","Sword Boomerang","Warcry+1"],"picked":"Burning Pact+1","floor":22},{"not_picked":["Armaments","Intimidate","Clothesline","Cleave"],"picked":"SKIP","floor":22},{"not_picked":["Demon Form","Headbutt","Heavy Blade"],"picked":"Ghostly Armor","floor":23},{"not_picked":["Hemokinesis","Iron Wave","Flame Barrier"],"picked":"Sever Soul","floor":25},{"not_picked":["Whirlwind","Flame Barrier","Flex","Thunderclap"],"picked":"SKIP","floor":25},{"not_picked":["Havoc","Combust","Berserk"],"picked":"Body Slam","floor":28},{"not_picked":["Twin Strike","Headbutt","Sever Soul+1","Clash"],"picked":"SKIP","floor":28},{"not_picked":["Dropkick","Spot Weakness+1","Havoc+1"],"picked":"Offering","floor":29},{"not_picked":["Blood for Blood","Flex","Twin Strike","Intimidate+1"],"picked":"SKIP","floor":29},{"not_picked":["Headbutt","Carnage","Juggernaut","Sword Boomerang"],"picked":"SKIP","floor":30},{"not_picked":["Anger+1","Clothesline+1","Metallicize","Heavy Blade"],"picked":"SKIP","floor":31},{"not_picked":["Power Through","True Grit+1","Disarm","Perfected Strike"],"picked":"SKIP","floor":31},{"not_picked":["Feed","Demon Form","Limit Break"],"picked":"Exhume","floor":33},{"not_picked":["Clash","Warcry","Feel No Pain"],"picked":"True Grit+1","floor":35},{"not_picked":["Wild Strike+1","Rampage","Havoc+1","Carnage+1"],"picked":"SKIP","floor":35},{"not_picked":["Cleave+1","Dropkick+1","Warcry","Burning Pact+1"],"picked":"SKIP","floor":37},{"not_picked":["Warcry","Heavy Blade+1","Carnage+1","Sword Boomerang+1"],"picked":"SKIP","floor":37},{"not_picked":["Rage","Body Slam+1","Twin Strike+1"],"picked":"Shrug It Off+1","floor":38},{"not_picked":["Havoc+1","Pommel Strike+1","Perfected Strike","Iron Wave"],"picked":"SKIP","floor":38},{"not_picked":["Entrench","True Grit","Power Through+1","Iron Wave"],"picked":"SKIP","floor":39},{"not_picked":["Sever Soul+1","Flame Barrier","Heavy Blade","Hemokinesis+1"],"picked":"SKIP","floor":39},{"not_picked":["Warcry","Cleave","Havoc+1","Dropkick+1"],"picked":"SKIP","floor":42},{"not_picked":["Pommel Strike+1","Havoc","Rampage+1","Whirlwind+1"],"picked":"SKIP","floor":44},{"not_picked":["Cleave","Headbutt","Anger","Twin Strike+1"],"picked":"SKIP","floor":44},{"not_picked":["Reckless Charge+1","True Grit","Thunderclap+1"],"picked":"Dark Embrace","floor":46},{"not_picked":["Warcry","Blood for Blood","Heavy Blade","Twin Strike"],"picked":"SKIP","floor":46},{"not_picked":["Clothesline","Heavy Blade+1","True Grit","Carnage"],"picked":"SKIP","floor":47},{"not_picked":["Reckless Charge+1","Wild Strike","Flame Barrier+1","Dropkick"],"picked":"SKIP","floor":47}],"player_experience":182417,"relics_obtained":[{"floor":4,"key":"Bottled Lightning"},{"floor":8,"key":"Smiling Mask"},{"floor":9,"key":"Tiny Chest"},{"floor":13,"key":"Blood Vial"},{"floor":23,"key":"Pocketwatch"},{"floor":26,"key":"PreservedInsect"},{"floor":30,"key":"Orichalcum"},{"floor":42,"key":"Art of War"},{"floor":43,"key":"Sundial"}],"event_choices":[{"damage_healed":0,"gold_gain":0,"player_choice":"Forge","damage_taken":0,"max_hp_gain":0,"max_hp_loss":0,"event_name":"Accursed Blacksmith","floor":36,"gold_loss":0,"cards_upgraded":["Offering"]}],"is_beta":false,"boss_relics":[{"not_picked":["Snecko Eye","Ectoplasm"],"picked":"Sozu"},{"not_picked":["Velvet Choker","Cursed Key"],"picked":"Runic Pyramid"}],"items_purged_floors":[5,40,45,48],"is_endless":false,"potions_floor_spawned":[2,3,14,18,19,20,29,30,31,35,42],"ascension_level":0}