{"gold_per_floor":[20,20,45,70,20,54,70,85,85,85,58,58,74,92,92,215,215,239,164,14,14,14,49,49,49,72,91,91,106,106,106],"floor_reached":31,"playtime":2055,"items_purged":[],"score":278,"play_id":"6a2234a7-28a2-472c-9514-ac8b61d2fc9d","local_time":"20190708233413","is_ascension_mode":false,"campfire_choices":[{"data":"Dodge and Roll","floor":10,"key":"SMITH"},{"data":"Dodge and Roll","floor":12,"key":"SMITH"},{"data":"Backflip","floor":15,"key":"SMITH"},{"data":"Noxious Fumes","floor":24,"key":"SMITH"},{"data":"Night Terror","floor":28,"key":"SMITH"},{"data":"Bouncing Flask","floor":30,"key":"SMITH"}],"neow_cost":"NO_GOLD","seed_source_timestamp":0,"circlet_count":0,"master_deck":["Survivor","Neutralize","Dodge and Roll+1","Deadly Poison","Predator","Deflect","Backflip+1","Dodge and Roll+1","Expertise","Night Terror+1","Backstab","Flying Knee","Adrenaline","Dagger Throw","A Thousand Cuts","Escape Plan","Blur","Necronomicurse","Ghostly","Ghostly","Ghostly","Ghostly","Ghostly","Noxious Fumes+1","Bouncing Flask+1","Poisoned Stab+1","Flying Knee+1"],"special_seed":0,"relics":["Ring of the Snake","Golden Idol","Orichalcum","Paper Crane","Pandora\u0027s Box","Bronze Scales","Necronomicon","Meat on the Bone","Strawberry"],"potions_floor_usage":[6,31],"damage_taken":[{"damage":0.0,"enemies":"Small Slimes","floor":1.0,"turns":5.0},{"damage":0.0,"enemies":"Jaw Worm","floor":4.0,"turns":5.0},{"damage":15,"enemies":"Lagavulin","floor":6,"turns":8},{"damage":0,"enemies":"2 Louse","floor":7,"turns":3},{"damage":28,"enemies":"Gremlin Gang","floor":8,"turns":6},{"damage":0,"enemies":"Large Slime","floor":13,"turns":5},{"damage":3,"enemies":"3 Louse","floor":14,"turns":4},{"damage":3,"enemies":"The Guardian","floor":16,"turns":18},{"damage":0,"enemies":"Chosen","floor":18,"turns":5},{"damage":21,"enemies":"Gremlin Leader","floor":23,"turns":9},{"damage":14,"enemies":"Spheric Guardian","floor":27,"turns":5},{"damage":0,"enemies":"3 Cultists","floor":29,"turns":5},{"damage":32,"enemies":"Sentry and Sphere","floor":31,"turns":3}],"seed_played":"-5955963554320604166","potions_obtained":[{"floor":4.0,"key":"AttackPotion"},{"floor":13,"key":"Strength Potion"},{"floor":16,"key":"FearPotion"},{"floor":18,"key":"PowerPotion"}],"is_trial":false,"path_per_floor":["M","?","T","M","?","E","M","M","T","R","$","R","M","M","R","B",null,"M","?","$","?","?","E","R","?","T","M","R","M","R","M"],"character_chosen":"THE_SILENT","items_purchased":["Dodge and Roll","Bronze Scales"],"campfire_rested":0,"item_purchase_floors":[11,20],"current_hp_per_floor":[70,53,53,53,53,38,38,10,10,10,10,10,10,7,7,4,70,70,70,70,54,35,14,14,14,21,19,19,31,31,0],"gold":106,"neow_bonus":"REMOVE_TWO","is_prod":false,"is_daily":false,"chose_seed":false,"campfire_upgraded":6,"win_rate":0,"timestamp":1562596453,"path_taken":["M","?","?","M","?","E","M","M","T","R","?","R","M","M","R","BOSS","M","?","$","?","?","E","R","?","T","M","R","M","R","M"],"build_version":"2019-07-05","purchased_purges":0,"victory":false,"max_hp_per_floor":[70,70,70,70,70,70,70,70,70,70,70,70,70,70,70,70,70,70,70,70,70,35,35,35,35,42,42,42,42,42,42],"card_choices":[{"not_picked":["Deflect","Sucker Punch"],"picked":"Dodge and Roll","floor":1.0},{"not_picked":["Dagger Throw","Bane"],"picked":"Deadly Poison","floor":4.0},{"not_picked":["Heel Hook","Flechettes"],"picked":"Predator","floor":6},{"not_picked":["Bane","Blade Dance"],"picked":"Deflect","floor":7},{"not_picked":["Calculated Gamble","Cloak And Dagger"],"picked":"Backflip","floor":8},{"not_picked":["Outmaneuver","PiercingWail"],"picked":"Expertise","floor":13},{"not_picked":["Heel Hook","Prepared","Doppelganger"],"picked":"SKIP","floor":14},{"not_picked":["Tools of the Trade","Envenom"],"picked":"Night Terror","floor":16},{"not_picked":["Bane+1","Deflect"],"picked":"Blur","floor":18},{"not_picked":["Heel Hook","Dash"],"picked":"Noxious Fumes","floor":23},{"not_picked":["Masterful Stab","Flying Knee"],"picked":"Poisoned Stab+1","floor":27},{"not_picked":["Predator","Quick Slash"],"picked":"Flying Knee+1","floor":29}],"player_experience":113346,"relics_obtained":[{"floor":3.0,"key":"Orichalcum"},{"floor":6,"key":"Paper Crane"},{"floor":21,"key":"Necronomicon"},{"floor":23,"key":"Meat on the Bone"},{"floor":26,"key":"Strawberry"}],"event_choices":[{"damage_healed":0.0,"max_hp_gain":0.0,"max_hp_loss":0.0,"gold_gain":0.0,"event_name":"Golden Idol","player_choice":"Take Damage","floor":2.0,"gold_loss":0.0,"damage_taken":17.0,"relics_obtained":["Golden Idol"]},{"cards_removed":["Defend_G"],"damage_healed":0.0,"max_hp_gain":0.0,"max_hp_loss":0.0,"gold_gain":0.0,"event_name":"The Cleric","player_choice":"Card Removal","floor":5.0,"gold_loss":50.0,"damage_taken":0.0},{"cards_removed":["Setup"],"damage_healed":0,"gold_gain":0,"player_choice":"Gave Gold","damage_taken":0,"max_hp_gain":0,"max_hp_loss":0,"event_name":"Beggar","floor":19,"gold_loss":75},{"damage_healed":0,"gold_gain":0,"player_choice":"Obtained Book","damage_taken":16,"max_hp_gain":0,"max_hp_loss":0,"event_name":"Cursed Tome","floor":21,"gold_loss":0},{"damage_healed":0,"gold_gain":0,"player_choice":"Became a Ghost","damage_taken":0,"max_hp_gain":0,"max_hp_loss":35,"event_name":"Ghosts","floor":22,"gold_loss":0,"cards_obtained":["Ghostly","Ghostly","Ghostly","Ghostly","Ghostly"]},{"damage_healed":0,"gold_gain":0,"player_choice":"Read","damage_taken":0,"max_hp_gain":0,"max_hp_loss":0,"event_name":"The Library","floor":25,"gold_loss":0,"cards_obtained":["Bouncing Flask"]}],"is_beta":false,"boss_relics":[{"not_picked":["Philosopher\u0027s Stone","Busted Crown"],"picked":"Pandora\u0027s Box"}],"items_purged_floors":[],"is_endless":false,"potions_floor_spawned":[4,13,16,18],"killed_by":"Sentry and Sphere","ascension_level":0}