{"gold_per_floor":[112,126,126,48,64,64,99,99,123,123,133,147,160,173,173,173],"floor_reached":16,"playtime":495,"items_purged":[],"score":208,"play_id":"a7f4f00f-ba8f-4fcf-a530-fe2970ada670","local_time":"20190701191318","is_ascension_mode":true,"campfire_choices":[{"data":"Sweeping Beam","floor":6,"key":"SMITH"},{"data":"Defragment","floor":8,"key":"SMITH"},{"floor":10,"key":"REST"},{"data":"Self Repair","floor":15,"key":"SMITH"}],"neow_cost":"NONE","seed_source_timestamp":634953763384948,"circlet_count":0,"master_deck":["AscendersBane","Strike_B","Strike_B","Strike_B","Defend_B","Defend_B","Defend_B","Defend_B","Zap+1","Dualcast","Conserve Battery","Ball Lightning","Sweeping Beam+1","Compile Driver","Defragment+1","Self Repair+1","Core Surge"],"relics":["Cracked Core","Potion Belt","DataDisk"],"potions_floor_usage":[14,16,16],"damage_taken":[{"damage":14,"enemies":"Jaw Worm","floor":1,"turns":4},{"damage":0,"enemies":"Cultist","floor":2,"turns":4},{"damage":10,"enemies":"Small Slimes","floor":5,"turns":3},{"damage":23,"enemies":"Lagavulin","floor":7,"turns":6},{"damage":12,"enemies":"3 Louse","floor":11,"turns":3},{"damage":3,"enemies":"Blue Slaver","floor":12,"turns":3},{"damage":7,"enemies":"Large Slime","floor":13,"turns":4},{"damage":14,"enemies":"Exordium Thugs","floor":14,"turns":3},{"damage":35,"enemies":"Hexaghost","floor":16,"turns":9}],"seed_played":"4177313764492857056","potions_obtained":[{"floor":2,"key":"Swift Potion"},{"floor":5,"key":"AttackPotion"},{"floor":13,"key":"Regen Potion"}],"is_trial":false,"path_per_floor":["M","M","?","$","M","R","E","R","T","R","M","M","M","M","R","B"],"character_chosen":"DEFECT","items_purchased":["Ball Lightning","Sweeping Beam"],"campfire_rested":1,"item_purchase_floors":[4,4],"current_hp_per_floor":[50,50,50,50,40,40,17,17,17,38,26,23,23,16,16,0],"gold":173,"neow_bonus":"REMOVE_CARD","is_prod":false,"is_daily":false,"chose_seed":false,"campfire_upgraded":3,"win_rate":0,"timestamp":1562026398,"path_taken":["M","M","?","$","M","R","E","R","T","R","M","M","M","M","R","BOSS"],"build_version":"2019-06-30","purchased_purges":0,"victory":false,"max_hp_per_floor":[71,71,71,71,71,71,71,71,71,71,71,71,71,71,71,71],"card_choices":[{"not_picked":["Redo","Leap","Steam Power"],"picked":"SKIP","floor":1},{"not_picked":["Go for the Eyes","Turbo"],"picked":"Conserve Battery","floor":2},{"not_picked":["Aggregate","Barrage"],"picked":"Compile Driver","floor":5},{"not_picked":["Stack","Redo"],"picked":"Defragment","floor":7},{"not_picked":["Leap","Force Field","Tempest"],"picked":"SKIP","floor":11},{"not_picked":["Darkness","White Noise"],"picked":"Self Repair","floor":12},{"not_picked":["Barrage","Turbo"],"picked":"Core Surge","floor":13},{"not_picked":["Redo","Turbo","Streamline"],"picked":"SKIP","floor":14}],"player_experience":1631109,"relics_obtained":[{"floor":7,"key":"Potion Belt"},{"floor":9,"key":"DataDisk"}],"event_choices":[{"damage_healed":0,"gold_gain":0,"player_choice":"Upgraded","damage_taken":0,"max_hp_gain":0,"max_hp_loss":0,"event_name":"Upgrade Shrine","floor":3,"gold_loss":0,"cards_upgraded":["Zap"]}],"is_beta":true,"boss_relics":[],"items_purged_floors":[],"is_endless":false,"potions_floor_spawned":[2,5,13],"killed_by":"Hexaghost","ascension_level":20}