{"gold_per_floor":[119,119,138,138,161,161,201,201,201,234,247,288,308,323,323,454,454,479,492,145,145,45,81,81,121,148,188,188,201,201,219,219,344,344,359,234,84,100,123,158,182,200,268,268,304,317,317,341,341,341],"floor_reached":51,"playtime":2566,"items_purged":["Strike_R","Strike_R","Strike_R","Pommel Strike"],"score":1375,"play_id":"c7e72714-6d27-4214-a9ae-bd13fda89cd5","local_time":"20190705135511","is_ascension_mode":true,"campfire_choices":[{"data":"Rampage","floor":6.0,"key":"SMITH"},{"data":"True Grit","floor":8.0,"key":"SMITH"},{"data":"True Grit","floor":15.0,"key":"SMITH"},{"data":"Feel No Pain","floor":24,"key":"SMITH"},{"data":"Battle Trance","floor":28,"key":"SMITH"},{"data":"Shockwave","floor":30,"key":"SMITH"},{"data":"Evolve","floor":32,"key":"SMITH"},{"data":"Double Tap","floor":44,"key":"SMITH"},{"data":"Feel No Pain","floor":47,"key":"SMITH"},{"data":"Offering","floor":49,"key":"SMITH"}],"neow_cost":"","seed_source_timestamp":0,"circlet_count":0,"master_deck":["Offering+1","Rampage+1","Armaments+1","Defend_R","Defend_R+1","Defend_R+1","Bash","Headbutt","True Grit+1","Feel No Pain+1","True Grit+1","Offering+1","Shockwave+1","Feed","Shrug It Off","Flame Barrier","Battle Trance+1","Evolve+1","Double Tap+1","Body Slam+1","Feel No Pain+1","Disarm+1"],"special_seed":0,"relics":["Burning Blood","Golden Idol","Shuriken","Mummified Hand","Odd Mushroom","Meat on the Bone","Philosopher\u0027s Stone","ClockworkSouvenir","Juzu Bracelet","Pen Nib","Omamori","Anchor","Mark of Pain","Strawberry","Self Forming Clay","Art of War"],"potions_floor_usage":[23,25,33,40,50,50,50],"damage_taken":[{"damage":1.0,"enemies":"Cultist","floor":1.0,"turns":4.0},{"damage":3.0,"enemies":"Jaw Worm","floor":3.0,"turns":4.0},{"damage":6.0,"enemies":"2 Louse","floor":5.0,"turns":3.0},{"damage":18.0,"enemies":"3 Sentries","floor":7.0,"turns":8.0},{"damage":12.0,"enemies":"The Mushroom Lair","floor":10.0,"turns":5.0},{"damage":1.0,"enemies":"Exordium Wildlife","floor":11.0,"turns":5.0},{"damage":6.0,"enemies":"Lagavulin","floor":12.0,"turns":4.0},{"damage":11.0,"enemies":"Lots of Slimes","floor":13.0,"turns":5.0},{"damage":6.0,"enemies":"2 Fungi Beasts","floor":14.0,"turns":3.0},{"damage":27.0,"enemies":"Hexaghost","floor":16.0,"turns":9.0},{"damage":14,"enemies":"Chosen","floor":18,"turns":3},{"damage":7,"enemies":"Shell Parasite","floor":19,"turns":5},{"damage":15,"enemies":"Book of Stabbing","floor":23,"turns":6},{"damage":20,"enemies":"Gremlin Leader","floor":25,"turns":6},{"damage":6,"enemies":"Book of Stabbing","floor":27,"turns":5},{"damage":6,"enemies":"Centurion and Healer","floor":29,"turns":4},{"damage":6,"enemies":"Snecko","floor":31,"turns":5},{"damage":21,"enemies":"Champ","floor":33,"turns":11},{"damage":25,"enemies":"3 Darklings","floor":35,"turns":5},{"damage":10,"enemies":"3 Shapes","floor":38,"turns":5},{"damage":12,"enemies":"Sphere and 2 Shapes","floor":39,"turns":6},{"damage":39,"enemies":"Reptomancer","floor":40,"turns":5},{"damage":6,"enemies":"4 Shapes","floor":41,"turns":6},{"damage":6,"enemies":"Writhing Mass","floor":42,"turns":4},{"damage":6,"enemies":"Giant Head","floor":45,"turns":6},{"damage":12,"enemies":"3 Darklings","floor":46,"turns":3},{"damage":6,"enemies":"Maw","floor":48,"turns":5},{"damage":12,"enemies":"Awakened One","floor":50,"turns":11}],"seed_played":"-621399004096818159","potions_obtained":[{"floor":3.0,"key":"Block Potion"},{"floor":11.0,"key":"Strength Potion"},{"floor":12.0,"key":"AttackPotion"},{"floor":14.0,"key":"Weak Potion"},{"floor":16.0,"key":"Poison Potion"},{"floor":27,"key":"Swift Potion"},{"floor":31,"key":"Energy Potion"},{"floor":33,"key":"Ancient Potion"},{"floor":40,"key":"AttackPotion"},{"floor":48,"key":"SpeedPotion"}],"is_trial":true,"path_per_floor":["M","?","M","?","M","R","E","R","T","?","M","E","M","M","R","B",null,"M","M","$","?","$","E","R","E","T","E","R","M","R","M","R","B",null,"M","$","$","M","M","E","M","M","T","R","E","M","R","M","R","B",null],"character_chosen":"IRONCLAD","items_purchased":["ClockworkSouvenir","Flame Barrier"],"campfire_rested":0,"item_purchase_floors":[20,20],"current_hp_per_floor":[77,57,60,44,44,44,32,32,32,26,31,31,38,50,50,41,70,66,68,68,68,68,59,59,57,57,57,57,60,60,64,64,61,86,67,67,67,67,61,47,62,62,62,62,62,68,68,71,71,65],"gold":341,"neow_bonus":"","is_prod":false,"is_daily":false,"chose_seed":false,"campfire_upgraded":10,"win_rate":0,"timestamp":1562302511,"path_taken":["M","?","M","?","M","R","E","R","T","?","M","E","M","M","R","BOSS","M","M","$","?","$","E","R","E","T","E","R","M","R","M","R","BOSS","M","?","$","M","M","E","M","M","T","R","E","M","R","M","R","BOSS"],"build_version":"2019-07-01","purchased_purges":4,"victory":true,"max_hp_per_floor":[80,80,80,80,80,80,80,80,80,80,80,80,80,80,80,80,80,84,87,87,87,87,87,87,87,87,87,87,90,90,94,94,94,94,94,94,94,98,98,105,108,108,108,108,108,108,108,111,111,111],"card_choices":[{"not_picked":["Havoc","Sever Soul","Iron Wave"],"picked":"SKIP","floor":1.0},{"not_picked":["Cleave","Metallicize"],"picked":"Headbutt","floor":3.0},{"not_picked":["Iron Wave","Dual Wield"],"picked":"True Grit","floor":5.0},{"not_picked":["Shrug It Off","Headbutt"],"picked":"Feel No Pain","floor":7.0},{"not_picked":["Flex","Armaments"],"picked":"True Grit","floor":10.0},{"not_picked":["Headbutt","Anger"],"picked":"Pommel Strike","floor":11.0},{"not_picked":["Fire Breathing","Clash"],"picked":"Offering","floor":12.0},{"not_picked":["Clothesline","Iron Wave","Wild Strike"],"picked":"SKIP","floor":13.0},{"not_picked":["Infernal Blade","Perfected Strike"],"picked":"Shockwave","floor":14.0},{"not_picked":["Berserk","Demon Form"],"picked":"Feed","floor":16.0},{"not_picked":["Flex","Sever Soul+1"],"picked":"Shrug It Off","floor":18},{"not_picked":["Cleave","Bloodletting","Combust+1"],"picked":"SKIP","floor":19},{"not_picked":["Brutality","Combust"],"picked":"Battle Trance","floor":23},{"not_picked":["Clash+1","Searing Blow","Blood for Blood"],"picked":"SKIP","floor":25},{"not_picked":["Twin Strike","Clothesline+1","Heavy Blade"],"picked":"SKIP","floor":27},{"not_picked":["Iron Wave+1","True Grit","Armaments"],"picked":"SKIP","floor":29},{"not_picked":["Cleave","True Grit"],"picked":"Evolve","floor":31},{"not_picked":["Reaper","Immolate"],"picked":"Double Tap","floor":33},{"not_picked":["Shrug It Off","Thunderclap","Twin Strike+1"],"picked":"SKIP","floor":35},{"not_picked":["Flex","Limit Break","Bloodletting+1"],"picked":"SKIP","floor":38},{"not_picked":["Seeing Red","Flex"],"picked":"Body Slam+1","floor":39},{"not_picked":["Juggernaut","Disarm","Headbutt+1"],"picked":"SKIP","floor":40},{"not_picked":["Headbutt+1","Thunderclap","Perfected Strike+1"],"picked":"SKIP","floor":41},{"not_picked":["Dual Wield","Shrug It Off","Heavy Blade"],"picked":"SKIP","floor":42},{"not_picked":["Wild Strike+1","Iron Wave+1","Carnage+1"],"picked":"SKIP","floor":45},{"not_picked":["Armaments+1","Cleave"],"picked":"Feel No Pain","floor":46},{"not_picked":["Fire Breathing","Anger"],"picked":"Disarm+1","floor":48}],"player_experience":176737,"relics_obtained":[{"floor":7.0,"key":"Shuriken"},{"floor":9.0,"key":"Mummified Hand"},{"floor":10.0,"key":"Odd Mushroom"},{"floor":12.0,"key":"Meat on the Bone"},{"floor":23,"key":"Juzu Bracelet"},{"floor":25,"key":"Pen Nib"},{"floor":26,"key":"Omamori"},{"floor":27,"key":"Anchor"},{"floor":40,"key":"Strawberry"},{"floor":43,"key":"Self Forming Clay"},{"floor":45,"key":"Art of War"}],"event_choices":[{"damage_healed":0.0,"max_hp_gain":0.0,"max_hp_loss":0.0,"gold_gain":0.0,"event_name":"Golden Idol","player_choice":"Take Damage","floor":2.0,"gold_loss":0.0,"damage_taken":20.0,"relics_obtained":["Golden Idol"]},{"damage_healed":0.0,"max_hp_gain":0.0,"max_hp_loss":0.0,"gold_gain":0.0,"event_name":"Shining Light","player_choice":"Entered Light","floor":4.0,"gold_loss":0.0,"damage_taken":16.0,"cards_upgraded":["Defend_R","Defend_R"]},{"damage_healed":0.0,"max_hp_gain":0.0,"max_hp_loss":0.0,"gold_gain":0.0,"event_name":"Mushrooms","player_choice":"Fought Mushrooms","floor":10.0,"gold_loss":0.0,"damage_taken":0.0},{"damage_healed":0,"gold_gain":0,"player_choice":"Ignored","damage_taken":0,"max_hp_gain":0,"max_hp_loss":0,"event_name":"NoteForYourself","floor":21,"gold_loss":0}],"is_beta":false,"boss_relics":[{"not_picked":["Velvet Choker","Orrery"],"picked":"Philosopher\u0027s Stone"},{"not_picked":["Sozu","Fusion Hammer"],"picked":"Mark of Pain"}],"items_purged_floors":[20,22,36,37],"is_endless":false,"potions_floor_spawned":[3,11,12,14,16,18,27,31,33,35,40,41,42,48],"ascension_level":9}