{"gold_per_floor":[115,131,206,206,220,220,233,233,233,268,268,268,303,328,328,423,423,379,26,41,57,72,72,72],"floor_reached":24,"playtime":1175,"items_purged":[],"score":416,"play_id":"93bad70b-ce44-4b84-ae1b-2f7dd489feb5","local_time":"20190630234559","is_ascension_mode":true,"campfire_choices":[{"data":"Dash","floor":6,"key":"SMITH"},{"floor":8,"key":"REST"},{"floor":11,"key":"REST"},{"floor":15,"key":"REST"},{"data":"Bullet Time","floor":23,"key":"SMITH"}],"neow_cost":"PERCENT_DAMAGE","seed_source_timestamp":564234580220532,"circlet_count":0,"master_deck":["AscendersBane","Strike_G","Strike_G","Strike_G","Defend_G","Defend_G","Defend_G","Defend_G","Defend_G","Survivor","Neutralize","Dash+1","Dagger Throw","Leg Sweep","Deadly Poison","Catalyst+1","Night Terror","Adrenaline","Footwork","Crippling Poison","Backflip","Footwork","Deflect+1","Bullet Time+1","Acrobatics"],"relics":["Ring of the Snake","Golden Idol","Ninja Scroll","Bird Faced Urn","Bag of Marbles","Orrery","Gremlin Horn"],"potions_floor_usage":[7,10,13,24,24],"damage_taken":[{"damage":12,"enemies":"Jaw Worm","floor":1,"turns":10},{"damage":0,"enemies":"Small Slimes","floor":2,"turns":4},{"damage":0,"enemies":"2 Louse","floor":5,"turns":3},{"damage":0,"enemies":"Gremlin Gang","floor":7,"turns":5},{"damage":25,"enemies":"Lagavulin","floor":10,"turns":8},{"damage":31,"enemies":"Gremlin Nob","floor":13,"turns":4},{"damage":0,"enemies":"Exordium Wildlife","floor":14,"turns":4},{"damage":13,"enemies":"The Guardian","floor":16,"turns":13},{"damage":3,"enemies":"2 Thieves","floor":18,"turns":5},{"damage":10,"enemies":"Shell Parasite","floor":20,"turns":11},{"damage":23,"enemies":"Snake Plant","floor":21,"turns":7},{"damage":0,"enemies":"Snecko","floor":22,"turns":7},{"damage":47,"enemies":"Slavers","floor":24,"turns":7}],"seed_played":"-2372941526061899864","potions_obtained":[{"floor":2,"key":"Swift Potion"},{"floor":5,"key":"Explosive Potion"},{"floor":7,"key":"FearPotion"},{"floor":13,"key":"Strength Potion"},{"floor":20,"key":"AttackPotion"}],"is_trial":false,"path_per_floor":["M","M","?","?","M","R","M","R","T","E","R","?","E","M","R","B",null,"M","$","M","M","M","R","E"],"character_chosen":"THE_SILENT","items_purchased":["Footwork","Gremlin Horn"],"campfire_rested":3,"item_purchase_floors":[19,19],"current_hp_per_floor":[32,32,21,21,21,21,21,39,39,14,32,32,1,1,19,6,47,50,50,44,29,33,33,0],"gold":72,"neow_bonus":"REMOVE_TWO","is_prod":false,"is_daily":false,"chose_seed":false,"campfire_upgraded":2,"win_rate":0,"timestamp":1561956359,"path_taken":["M","M","?","?","M","R","M","R","T","E","R","?","E","M","R","BOSS","M","$","M","M","M","R","E"],"build_version":"2019-06-29","purchased_purges":0,"victory":false,"max_hp_per_floor":[66,66,66,60,60,60,60,60,60,60,60,60,60,60,60,60,60,60,60,60,60,60,60,60],"card_choices":[{"not_picked":["Outmaneuver","Distraction"],"picked":"Dash","floor":1},{"not_picked":["Escape Plan","Backflip"],"picked":"Dagger Throw","floor":2},{"not_picked":["Outmaneuver","Deadly Poison"],"picked":"Leg Sweep","floor":5},{"not_picked":["Dagger Throw","Terror"],"picked":"Deadly Poison","floor":7},{"not_picked":["Deadly Poison","Cloak And Dagger"],"picked":"Catalyst","floor":10},{"not_picked":["Underhanded Strike","Blade Dance"],"picked":"Night Terror","floor":13},{"not_picked":["Prepared","Sucker Punch","Riddle With Holes"],"picked":"SKIP","floor":14},{"not_picked":["Burst","Night Terror"],"picked":"Adrenaline","floor":16},{"not_picked":["Acrobatics","Deflect"],"picked":"Footwork","floor":17},{"not_picked":["Deadly Poison","Tactician"],"picked":"Crippling Poison","floor":17},{"not_picked":["Finisher","Dash"],"picked":"Backflip","floor":17},{"not_picked":["Flechettes","Prepared","Tactician"],"picked":"SKIP","floor":18},{"not_picked":["Underhanded Strike","Backflip"],"picked":"Deflect+1","floor":20},{"not_picked":["Eviscerate","Sucker Punch"],"picked":"Bullet Time","floor":21},{"not_picked":["Blade Dance","Dagger Throw"],"picked":"Acrobatics","floor":22}],"player_experience":1620201,"relics_obtained":[{"floor":9,"key":"Ninja Scroll"},{"floor":10,"key":"Bird Faced Urn"},{"floor":13,"key":"Bag of Marbles"}],"event_choices":[{"damage_healed":0,"gold_gain":75,"player_choice":"Gather Gold","damage_taken":11,"max_hp_gain":0,"max_hp_loss":0,"event_name":"World of Goop","floor":3,"gold_loss":0},{"damage_healed":0,"gold_gain":0,"player_choice":"Lose Max HP","damage_taken":0,"relics_obtained":["Golden Idol"],"max_hp_gain":0,"max_hp_loss":6,"event_name":"Golden Idol","floor":4,"gold_loss":0},{"damage_healed":0,"gold_gain":0,"player_choice":"Grow","damage_taken":0,"max_hp_gain":0,"max_hp_loss":0,"event_name":"Living Wall","floor":12,"gold_loss":0,"cards_upgraded":["Catalyst"]}],"is_beta":true,"boss_relics":[{"not_picked":["Lizard Tail","Black Star"],"picked":"Orrery"}],"items_purged_floors":[],"is_endless":false,"potions_floor_spawned":[2,5,7,13,20,21,22],"killed_by":"Slavers","ascension_level":20}