{"gold_per_floor":[17,27,37,49,60,95,95,123,123,123,157,157,175,195,195,299,299,299,299,299,299,299,299,299,299,299,81,81,81,81,81,81,81,81,81,81,0,0,0,0,0,0,0,0,0,0,0,0,0,0],"floor_reached":51,"playtime":9516,"items_purged":[],"score":674,"play_id":"7b16f1bb-47e2-4316-a5dc-47800de179ee","local_time":"20190617182915","is_ascension_mode":false,"campfire_choices":[{"floor":7.0,"key":"REST"},{"data":"Strike_B","floor":10.0,"key":"PURGE"},{"data":"Strike_B","floor":12.0,"key":"PURGE"},{"data":"Strike_B","floor":15.0,"key":"PURGE"},{"data":"Defend_B","floor":23,"key":"PURGE"},{"data":"Defend_B","floor":25,"key":"PURGE"},{"data":"Buffer","floor":28,"key":"SMITH"},{"data":"Loop","floor":32,"key":"SMITH"},{"data":"Rainbow","floor":40,"key":"SMITH"},{"data":"Tempest","floor":42,"key":"SMITH"},{"data":"Blizzard","floor":46,"key":"SMITH"},{"data":"Discovery","floor":49,"key":"SMITH"}],"neow_cost":"NO_GOLD","seed_source_timestamp":0,"circlet_count":0,"master_deck":["Zap+1","Dualcast","Cold Snap","Darkness","Compile Driver","Leap","Tempest+1","Glacier","Multi-Cast","Sweeping Beam","Ball Lightning","Loop+1","Buffer+1","Coolheaded+1","Undo","Chill","Redo+1","White Noise","Melter","BootSequence","Beam Cell+1","Rainbow+1","Recycle+1","Ball Lightning","Skim","Loop+1","Blizzard+1","Discovery+1","Blind","Beam Cell+1"],"special_seed":0,"relics":["Cracked Core","Mango","Blood Vial","Peace Pipe","Mercury Hourglass","Omamori","Ectoplasm","Gremlin Horn","Pear","Anchor","Cursed Key","Red Mask","War Paint","Happy Flower"],"potions_floor_usage":[33,50,50],"damage_taken":[{"damage":1.0,"enemies":"Cultist","floor":1.0,"turns":3.0},{"damage":0.0,"enemies":"Jaw Worm","floor":2.0,"turns":3.0},{"damage":0.0,"enemies":"2 Louse","floor":3.0,"turns":3.0},{"damage":7.0,"enemies":"Gremlin Gang","floor":4.0,"turns":6.0},{"damage":16.0,"enemies":"Exordium Thugs","floor":5.0,"turns":6.0},{"damage":11.0,"enemies":"Lagavulin","floor":6.0,"turns":5.0},{"damage":15.0,"enemies":"3 Sentries","floor":8.0,"turns":7.0},{"damage":7.0,"enemies":"Gremlin Nob","floor":11.0,"turns":4.0},{"damage":10.0,"enemies":"2 Fungi Beasts","floor":13.0,"turns":2.0},{"damage":0.0,"enemies":"Exordium Wildlife","floor":14.0,"turns":3.0},{"damage":29.0,"enemies":"The Guardian","floor":16.0,"turns":8.0},{"damage":0.0,"enemies":"Spheric Guardian","floor":18.0,"turns":3.0},{"damage":1.0,"enemies":"Shell Parasite","floor":22.0,"turns":5.0},{"damage":3,"enemies":"Shelled Parasite and Fungi","floor":24,"turns":6},{"damage":0,"enemies":"Centurion and Healer","floor":29,"turns":6},{"damage":0,"enemies":"3 Cultists","floor":30,"turns":4},{"damage":0,"enemies":"Snake Plant","floor":31,"turns":4},{"damage":63,"enemies":"Collector","floor":33,"turns":10},{"damage":0,"enemies":"Orb Walker","floor":35,"turns":3},{"damage":1,"enemies":"3 Darklings","floor":38,"turns":4},{"damage":0,"enemies":"Jaw Worm Horde","floor":39,"turns":4},{"damage":0,"enemies":"Sphere and 2 Shapes","floor":45,"turns":4},{"damage":9,"enemies":"Reptomancer","floor":48,"turns":5},{"damage":42,"enemies":"Donu and Deca","floor":50,"turns":6}],"seed_played":"-6164752437594096697","potions_obtained":[{"floor":1.0,"key":"Weak Potion"},{"floor":2.0,"key":"GamblersBrew"},{"floor":5.0,"key":"SpeedPotion"},{"floor":11.0,"key":"Fruit Juice"},{"floor":14.0,"key":"Strength Potion"},{"floor":16.0,"key":"Strength Potion"},{"floor":22,"key":"FocusPotion"},{"floor":33,"key":"Energy Potion"},{"floor":38,"key":"Weak Potion"}],"is_trial":false,"path_per_floor":["M","M","M","M","M","E","R","E","T","R","E","R","M","M","R","B",null,"M","?","?","?","M","R","M","R","T","$","R","M","M","M","R","B",null,"M","?","?","M","M","R","?","R","T","$","M","R","?","E","R","B",null],"character_chosen":"DEFECT","items_purchased":["Anchor","Melter"],"campfire_rested":1,"item_purchase_floors":[27,27],"current_hp_per_floor":[88,88,88,81,65,54,80,67,67,67,62,62,54,56,56,34,94,94,94,94,94,93,93,91,91,101,101,101,103,104,104,104,41,104,104,104,104,103,104,104,104,104,104,104,104,104,99,92,92,52],"gold":0,"neow_bonus":"ONE_RARE_RELIC","is_prod":false,"is_daily":false,"chose_seed":false,"campfire_upgraded":6,"win_rate":1,"timestamp":1560810555,"path_taken":["M","M","?","M","M","E","R","E","T","R","E","R","M","M","R","BOSS","M","?","?","?","M","R","M","R","T","$","R","?","M","M","R","BOSS","M","?","?","?","M","R","?","R","T","?","M","R","?","E","R","BOSS"],"build_version":"2019-01-23","purchased_purges":0,"victory":true,"max_hp_per_floor":[89,89,89,89,89,89,89,89,89,89,89,89,89,89,89,94,94,94,94,94,94,94,94,94,94,104,104,104,104,104,104,104,104,104,104,104,104,104,104,104,104,104,104,104,104,104,104,104,104,104],"card_choices":[{"not_picked":["Turbo","Fusion"],"picked":"Cold Snap","floor":1.0},{"not_picked":["Undo","Hologram"],"picked":"Darkness","floor":2.0},{"not_picked":["Barrage","Gash"],"picked":"Compile Driver","floor":3.0},{"not_picked":["Force Field","Aggregate"],"picked":"Leap","floor":4.0},{"not_picked":["Self Repair","Gash"],"picked":"Tempest","floor":5.0},{"not_picked":["Sweeping Beam","Go for the Eyes"],"picked":"Glacier","floor":6.0},{"not_picked":["Steam Power","Storm"],"picked":"Multi-Cast","floor":8.0},{"not_picked":["Streamline","Hello World"],"picked":"Sweeping Beam","floor":11.0},{"not_picked":["Streamline","Hologram"],"picked":"Ball Lightning","floor":13.0},{"not_picked":["Ball Lightning","Hyperbeam"],"picked":"Loop","floor":14.0},{"not_picked":["Thunder Strike","Multi-Cast"],"picked":"Buffer","floor":16.0},{"not_picked":["Aggregate+1","Stack"],"picked":"Coolheaded+1","floor":18.0},{"not_picked":["Recycle","Leap"],"picked":"Redo","floor":22},{"not_picked":["Scrape","Leap"],"picked":"White Noise","floor":24},{"not_picked":["Barrage","Auto Shields"],"picked":"BootSequence","floor":29},{"not_picked":["Auto Shields+1","Barrage"],"picked":"Beam Cell+1","floor":30},{"not_picked":["Beam Cell","Turbo","Redo"],"picked":"SKIP","floor":31},{"not_picked":["All For One","Meteor Strike"],"picked":"Rainbow","floor":33},{"not_picked":["Turbo+1","Rebound"],"picked":"Recycle+1","floor":35},{"not_picked":["Gash+1","Barrage"],"picked":"Ball Lightning","floor":38},{"not_picked":["Cold Snap","Coolheaded"],"picked":"Skim","floor":39},{"not_picked":["Coolheaded","Auto Shields+1"],"picked":"Blizzard","floor":45},{"not_picked":["Madness","Finesse"],"picked":"Discovery","floor":47},{"not_picked":["Impatience","Mind Blast"],"picked":"Blind","floor":47},{"not_picked":["Chaos","Gash+1"],"picked":"Beam Cell+1","floor":48}],"player_experience":109956,"relics_obtained":[{"floor":6.0,"key":"Blood Vial"},{"floor":8.0,"key":"Peace Pipe"},{"floor":9.0,"key":"Mercury Hourglass"},{"floor":11.0,"key":"Omamori"},{"floor":26,"key":"Pear"},{"floor":43,"key":"War Paint"},{"floor":48,"key":"Happy Flower"}],"event_choices":[{"damage_healed":0.0,"max_hp_gain":0.0,"max_hp_loss":0.0,"gold_gain":0.0,"cards_transformed":["Strike_B","Defend_B"],"event_name":"Drug Dealer","player_choice":"Became Test Subject","floor":19.0,"gold_loss":0.0,"damage_taken":0.0,"cards_obtained":["Undo","Chill"]},{"cards_removed":["Defend_B"],"damage_healed":0.0,"max_hp_gain":0.0,"max_hp_loss":0.0,"gold_gain":0.0,"event_name":"Back to Basics","player_choice":"Elegance","floor":20.0,"gold_loss":0.0,"damage_taken":0.0},{"damage_healed":0.0,"max_hp_gain":0.0,"max_hp_loss":0.0,"gold_gain":0.0,"event_name":"WeMeetAgain","player_choice":"Gave Potion","floor":21.0,"gold_loss":0.0,"damage_taken":0.0,"relics_obtained":["Gremlin Horn"]},{"damage_healed":26,"gold_gain":0,"player_choice":"Writhe","damage_taken":0,"max_hp_gain":0,"max_hp_loss":0,"event_name":"Winding Halls","floor":36,"gold_loss":0,"cards_obtained":["Writhe"]},{"damage_healed":0,"gold_gain":0,"player_choice":"Paid","damage_taken":0,"relics_obtained":["Red Mask"],"max_hp_gain":0,"max_hp_loss":0,"event_name":"Tomb of Lord Red Mask","floor":37,"gold_loss":81},{"damage_healed":0,"gold_gain":0,"player_choice":"Copied","damage_taken":0,"max_hp_gain":0,"max_hp_loss":0,"event_name":"Duplicator","floor":41,"gold_loss":0,"cards_obtained":["Loop"]},{"damage_healed":0,"gold_gain":0,"player_choice":"Memory 2","damage_taken":5,"max_hp_gain":0,"max_hp_loss":0,"event_name":"SensoryStone","floor":47,"gold_loss":0}],"is_beta":false,"boss_relics":[{"not_picked":["Runic Pyramid","Black Star"],"picked":"Ectoplasm"},{"not_picked":["Philosopher\u0027s Stone","Busted Crown"],"picked":"Cursed Key"}],"items_purged_floors":[],"is_endless":false,"potions_floor_spawned":[1,2,5,11,14,16,18,22,24,29,33,38],"ascension_level":0}