{"gold_per_floor":[118,131,146,165,20,20,47,58,128,141,216,216,229,249,249,350,350,363,380,155,167,178,213,213,213,213,64,81,114,133,148,148,245,245,265,282,79,379,399,399,409,440,464,464,32,32,52,67,67,67],"floor_reached":51,"playtime":5044,"items_purged":["Strike_G","Strike_G","Finisher","Strike_G","Defend_G"],"score":852,"play_id":"b4be7176-fe69-4a41-ad06-31af57c8aabd","local_time":"20190712001118","is_ascension_mode":false,"campfire_choices":[{"data":"Catalyst","floor":6,"key":"SMITH"},{"data":"Bouncing Flask","floor":12,"key":"SMITH"},{"floor":15,"key":"REST"},{"data":"Catalyst","floor":24,"key":"SMITH"},{"data":"Catalyst","floor":32,"key":"SMITH"},{"data":"Bullet Time","floor":40,"key":"SMITH"},{"data":"Catalyst","floor":49,"key":"SMITH"}],"neow_cost":"NONE","seed_source_timestamp":1472007875806100,"circlet_count":0,"master_deck":["Strike_G","Defend_G","Defend_G","Defend_G","Defend_G","Survivor","Neutralize","Deflect","Catalyst+1","Sucker Punch","Escape Plan","Bouncing Flask+1","Noxious Fumes","Terror","Catalyst+1","Noxious Fumes","PiercingWail","Bullet Time+1","Backflip","Bouncing Flask","Catalyst+1","PiercingWail","Backflip+1","Malaise","Deadly Poison","Caltrops+1","Flying Knee","Prepared+1","Deflect","Adrenaline","Prepared+1","Adrenaline","Prepared","Deadly Poison+1","Flash of Steel","Secret Technique","Catalyst+1","Prepared+1"],"relics":["Ring of the Snake","NeowsBlessing","Pantograph","Bottled Lightning","Black Star","Pocketwatch","Snake Skull","Orichalcum","StoneCalendar","Shuriken","Runic Pyramid","Gremlin Horn","Oddly Smooth Stone","Letter Opener"],"potions_floor_usage":[16,18,23,33,36,41,50],"damage_taken":[{"damage":0,"enemies":"2 Louse","floor":1,"turns":1},{"damage":0,"enemies":"Jaw Worm","floor":2,"turns":1},{"damage":0,"enemies":"Cultist","floor":3,"turns":1},{"damage":10,"enemies":"Red Slaver","floor":4,"turns":7},{"damage":3,"enemies":"Lagavulin","floor":7,"turns":5},{"damage":8,"enemies":"Lots of Slimes","floor":8,"turns":5},{"damage":2,"enemies":"Large Slime","floor":10,"turns":5},{"damage":3,"enemies":"3 Louse","floor":13,"turns":4},{"damage":4,"enemies":"Red Slaver","floor":14,"turns":3},{"damage":7,"enemies":"The Guardian","floor":16,"turns":6},{"damage":18,"enemies":"Shell Parasite","floor":18,"turns":7},{"damage":4,"enemies":"Chosen","floor":19,"turns":4},{"damage":0,"enemies":"Snecko","floor":21,"turns":3},{"damage":9,"enemies":"Centurion and Healer","floor":22,"turns":5},{"damage":0,"enemies":"Gremlin Leader","floor":23,"turns":5},{"damage":1,"enemies":"Shelled Parasite and Fungi","floor":28,"turns":3},{"damage":0,"enemies":"Book of Stabbing","floor":29,"turns":5},{"damage":3,"enemies":"Snake Plant","floor":30,"turns":3},{"damage":0,"enemies":"Snecko","floor":31,"turns":2},{"damage":21,"enemies":"Champ","floor":33,"turns":4},{"damage":8,"enemies":"3 Darklings","floor":35,"turns":3},{"damage":0,"enemies":"Orb Walker","floor":36,"turns":2},{"damage":0,"enemies":"Maw","floor":39,"turns":3},{"damage":4,"enemies":"3 Darklings","floor":41,"turns":4},{"damage":3,"enemies":"Giant Head","floor":42,"turns":3},{"damage":6,"enemies":"Spire Growth","floor":47,"turns":2},{"damage":0,"enemies":"Transient","floor":48,"turns":4},{"damage":14,"enemies":"Time Eater","floor":50,"turns":2}],"seed_played":"-1714844340129661054","potions_obtained":[{"floor":2,"key":"PowerPotion"},{"floor":8,"key":"Dexterity Potion"},{"floor":10,"key":"SteroidPotion"},{"floor":13,"key":"Fire Potion"},{"floor":18,"key":"Fire Potion"},{"floor":19,"key":"LiquidBronze"},{"floor":22,"key":"SpeedPotion"},{"floor":29,"key":"Weak Potion"},{"floor":30,"key":"LiquidBronze"},{"floor":36,"key":"Explosive Potion"},{"floor":41,"key":"FearPotion"},{"floor":47,"key":"GhostInAJar"}],"is_trial":false,"path_per_floor":["M","M","M","M","$","R","E","M","T","M","?","R","M","M","R","B",null,"M","M","$","M","M","E","R","?","T","$","M","E","M","M","R","B",null,"M","M","$","?","M","R","M","E","T","?","$","?","M","M","R","B",null],"character_chosen":"THE_SILENT","items_purchased":["Bouncing Flask","Catalyst","PiercingWail","Deadly Poison","Prepared","Letter Opener"],"campfire_rested":1,"item_purchase_floors":[5,20,20,27,37,45],"current_hp_per_floor":[70,70,70,60,60,60,57,49,49,47,36,36,33,29,50,63,70,52,48,48,48,39,39,39,39,39,39,38,38,35,35,35,39,70,62,62,62,62,62,62,58,55,55,55,55,50,44,44,44,55],"gold":67,"neow_bonus":"THREE_ENEMY_KILL","is_prod":false,"is_daily":false,"chose_seed":false,"campfire_upgraded":6,"win_rate":0,"timestamp":1562904678,"path_taken":["M","M","M","M","$","R","E","M","T","M","?","R","M","M","R","BOSS","M","M","$","M","M","E","R","?","T","$","M","E","?","M","R","BOSS","M","M","$","?","M","R","?","E","T","?","$","?","M","M","R","BOSS"],"build_version":"2019-07-05","purchased_purges":5,"victory":true,"max_hp_per_floor":[70,70,70,70,70,70,70,70,70,70,70,70,70,70,70,70,70,70,70,70,70,70,70,70,70,70,70,70,70,70,70,70,70,70,70,70,70,70,70,70,70,70,70,70,70,70,70,70,70,70],"card_choices":[{"not_picked":["Acrobatics","Bane"],"picked":"Deflect","floor":1},{"not_picked":["Dagger Spray","Crippling Poison"],"picked":"Catalyst","floor":2},{"not_picked":["Dagger Throw","Predator"],"picked":"Sucker Punch","floor":3},{"not_picked":["Footwork","Acrobatics"],"picked":"Escape Plan","floor":4},{"not_picked":["Blade Dance","Poisoned Stab"],"picked":"Noxious Fumes","floor":7},{"not_picked":["Heel Hook","Acrobatics"],"picked":"Terror","floor":8},{"not_picked":["Reflex","Underhanded Strike"],"picked":"Catalyst","floor":10},{"not_picked":["A Thousand Cuts","Acrobatics"],"picked":"Noxious Fumes","floor":13},{"not_picked":["Acrobatics","Riddle With Holes"],"picked":"PiercingWail","floor":14},{"not_picked":["Die Die Die","Adrenaline"],"picked":"Bullet Time","floor":16},{"not_picked":["Caltrops","Underhanded Strike"],"picked":"Backflip","floor":18},{"not_picked":["Sucker Punch+1","Acrobatics"],"picked":"Bouncing Flask","floor":19},{"not_picked":["Poisoned Stab","Dagger Spray"],"picked":"Backflip+1","floor":21},{"not_picked":["Deflect","Dagger Spray"],"picked":"Malaise","floor":22},{"not_picked":["Heel Hook+1","Skewer+1","Sucker Punch"],"picked":"SKIP","floor":23},{"not_picked":["All Out Attack","Quick Slash"],"picked":"Caltrops+1","floor":28},{"not_picked":["Dagger Throw","Tactician"],"picked":"Flying Knee","floor":29},{"not_picked":["Flying Knee+1","Noxious Fumes"],"picked":"Prepared+1","floor":30},{"not_picked":["Blade Dance","Malaise"],"picked":"Deflect","floor":31},{"not_picked":["A Thousand Cuts","After Image"],"picked":"Adrenaline","floor":33},{"not_picked":["Masterful Stab","Bane+1"],"picked":"Prepared+1","floor":35},{"not_picked":["Bane+1","Poisoned Stab+1"],"picked":"Adrenaline","floor":36},{"not_picked":["Expertise+1","Poisoned Stab+1"],"picked":"Deadly Poison+1","floor":39},{"not_picked":["Finisher","Reflex","Choke"],"picked":"SKIP","floor":41},{"not_picked":["Well Laid Plans","Endless Agony","Poisoned Stab+1"],"picked":"SKIP","floor":42},{"not_picked":["Secret Weapon","Dramatic Entrance"],"picked":"Flash of Steel","floor":46},{"not_picked":["Panache","Forethought"],"picked":"Secret Technique","floor":46},{"not_picked":["Dagger Throw","Flying Knee+1"],"picked":"Catalyst","floor":47},{"not_picked":["Bane","Distraction"],"picked":"Prepared+1","floor":48}],"player_experience":65074,"relics_obtained":[{"floor":7,"key":"Pantograph"},{"floor":9,"key":"Bottled Lightning"},{"floor":23,"key":"Pocketwatch"},{"floor":23,"key":"Snake Skull"},{"floor":26,"key":"Orichalcum"},{"floor":29,"key":"StoneCalendar"},{"floor":29,"key":"Shuriken"},{"floor":42,"key":"Gremlin Horn"},{"floor":42,"key":"Oddly Smooth Stone"}],"event_choices":[{"damage_healed":0,"gold_gain":75,"player_choice":"Gather Gold","damage_taken":11,"max_hp_gain":0,"max_hp_loss":0,"event_name":"World of Goop","floor":11,"gold_loss":0},{"damage_healed":0,"gold_gain":0,"cards_transformed":["Strike_G"],"player_choice":"Transformed","damage_taken":0,"max_hp_gain":0,"max_hp_loss":0,"event_name":"Transmorgrifier","floor":25,"gold_loss":0,"cards_obtained":["Finisher"]},{"damage_healed":0,"gold_gain":300,"player_choice":"Gold","damage_taken":0,"max_hp_gain":0,"max_hp_loss":0,"event_name":"Wheel of Change","floor":38,"gold_loss":0},{"damage_healed":0,"gold_gain":0,"player_choice":"Ignored","damage_taken":0,"max_hp_gain":0,"max_hp_loss":0,"event_name":"Tomb of Lord Red Mask","floor":44,"gold_loss":0},{"damage_healed":0,"gold_gain":0,"player_choice":"Memory 2","damage_taken":5,"max_hp_gain":0,"max_hp_loss":0,"event_name":"SensoryStone","floor":46,"gold_loss":0}],"is_beta":false,"boss_relics":[{"not_picked":["Coffee Dripper","Cursed Key"],"picked":"Black Star"},{"not_picked":["Orrery","White Beast Statue"],"picked":"Runic Pyramid"}],"items_purged_floors":[5,20,27,37,45],"is_endless":false,"potions_floor_spawned":[2,8,10,13,18,19,22,29,30,36,41,47],"ascension_level":0}