{"gold_per_floor":[109,109,34,51,51,51,85,85,85,98,98,123,151,181,181,281,281,291,291,291,348,378,378,126,126,126,175,175],"floor_reached":28,"playtime":1354,"items_purged":[],"score":378,"play_id":"3038eb77-e190-4499-a0c3-823bee19a728","local_time":"20190711211424","daily_mods":["SealedDeck","Vintage","Heirloom","Time Dilation","Flight","DeadlyEvents"],"is_ascension_mode":false,"campfire_choices":[{"data":"Hologram","floor":6.0,"key":"SMITH"},{"data":"Echo Form","floor":8.0,"key":"SMITH"},{"data":"Demon Form","floor":11.0,"key":"SMITH"},{"data":"Glacier","floor":15.0,"key":"SMITH"},{"floor":23.0,"key":"REST"},{"data":"Cold Snap","floor":25,"key":"SMITH"}],"neow_cost":"","seed_source_timestamp":0,"circlet_count":0,"master_deck":["Demon Form+1","Wraith Form v2","Echo Form+1","Glacier+1","Reinforced Body","Hologram+1","Force Field","Hologram","Hologram","Coolheaded","Gash","Gash","Gash","Force Field","Capacitor","Compile Driver","Compile Driver","Seek+1","All For One","Seek+1","Cold Snap+1","Force Field+1","Coolheaded+1","Pain","Shame"],"special_seed":0,"relics":["Cracked Core","Du-Vu Doll","Thread and Needle","Toxic Egg 2","Blood Vial","Question Card","Pocketwatch","Prayer Wheel","Torii","Dream Catcher","Cursed Key","Bottled Tornado","Tiny Chest","Letter Opener","Molten Egg 2","Ornamental Fan","Smiling Mask"],"potions_floor_usage":[],"damage_taken":[{"damage":5.0,"enemies":"2 Louse","floor":1.0,"turns":3.0},{"damage":2.0,"enemies":"Cultist","floor":4.0,"turns":4.0},{"damage":5.0,"enemies":"3 Sentries","floor":7.0,"turns":6.0},{"damage":1.0,"enemies":"Small Slimes","floor":10.0,"turns":3.0},{"damage":10.0,"enemies":"Gremlin Nob","floor":12.0,"turns":3.0},{"damage":10.0,"enemies":"Lagavulin","floor":13.0,"turns":5.0},{"damage":17.0,"enemies":"3 Sentries","floor":14.0,"turns":5.0},{"damage":6.0,"enemies":"Hexaghost","floor":16.0,"turns":6.0},{"damage":27.0,"enemies":"2 Thieves","floor":18.0,"turns":3.0},{"damage":7.0,"enemies":"Book of Stabbing","floor":21.0,"turns":5.0},{"damage":27.0,"enemies":"Gremlin Leader","floor":22.0,"turns":4.0},{"damage":0,"enemies":"Slavers","floor":28,"turns":1}],"seed_played":"-5228303295434730922","potions_obtained":[{"floor":1.0,"key":"PowerPotion"},{"floor":7.0,"key":"Ancient Potion"},{"floor":16.0,"key":"SteroidPotion"},{"floor":22.0,"key":"FearPotion"}],"is_trial":true,"path_per_floor":["M","?","$","M","?","R","E","R","T","M","R","E","E","E","R","B",null,"M","?","?","E","E","R","$","R","T","T","E"],"character_chosen":"DEFECT","items_purchased":["Capacitor","Molten Egg 2"],"campfire_rested":1,"item_purchase_floors":[3,24],"current_hp_per_floor":[70,70,70,68,68,68,63,63,63,64,64,56,48,33,33,29,75,48,48,34,29,4,28,28,28,28,28,30],"gold":175,"neow_bonus":"","is_prod":false,"is_daily":false,"chose_seed":false,"campfire_upgraded":5,"win_rate":0,"timestamp":1562847264,"path_taken":["M","?","?","?","?","R","E","R","T","M","R","E","?","E","R","BOSS","M","?","?","?","?","R","$","R","T","?","?"],"build_version":"2019-07-05","purchased_purges":0,"victory":false,"max_hp_per_floor":[75,75,75,75,75,75,75,75,75,75,75,75,75,75,75,75,75,75,75,80,80,80,80,80,80,80,80,80],"card_choices":[{"not_picked":["Heatsinks","Rebound"],"picked":"Compile Driver","floor":7.0},{"not_picked":["Sweeping Beam","Leap+1","Beam Cell"],"picked":"Compile Driver","floor":12.0},{"not_picked":["Stack+1","BootSequence+1","Reprogram+1"],"picked":"Seek+1","floor":13.0},{"not_picked":["Turbo+1","Barrage","Beam Cell"],"picked":"All For One","floor":14.0},{"not_picked":["Hyperbeam","Echo Form","All For One"],"picked":"Seek+1","floor":16.0},{"not_picked":["Conserve Battery+1","Fission+1","Auto Shields+1"],"picked":"Cold Snap","floor":21.0},{"not_picked":["All For One","Steam+1","Recycle+1"],"picked":"Force Field+1","floor":22.0},{"not_picked":["Fusion+1","Steam+1","Beam Cell+1"],"picked":"Coolheaded+1","floor":23.0}],"player_experience":149772,"relics_obtained":[{"floor":1.0,"key":"Thread and Needle"},{"floor":4.0,"key":"Toxic Egg 2"},{"floor":7.0,"key":"Blood Vial"},{"floor":9.0,"key":"Question Card"},{"floor":10.0,"key":"Pocketwatch"},{"floor":12.0,"key":"Prayer Wheel"},{"floor":13.0,"key":"Torii"},{"floor":14.0,"key":"Dream Catcher"},{"floor":18.0,"key":"Bottled Tornado"},{"floor":21.0,"key":"Tiny Chest"},{"floor":22.0,"key":"Letter Opener"},{"floor":26,"key":"Ornamental Fan"},{"floor":27,"key":"Smiling Mask"}],"event_choices":[{"damage_healed":0.0,"max_hp_gain":0.0,"max_hp_loss":0.0,"gold_gain":0.0,"event_name":"Match and Keep!","player_choice":"1 cards matched","floor":2.0,"gold_loss":0.0,"damage_taken":0.0,"cards_obtained":["Force Field"]},{"damage_healed":0.0,"max_hp_gain":0.0,"max_hp_loss":0.0,"gold_gain":0.0,"event_name":"Golden Wing","player_choice":"Ignored","floor":5.0,"gold_loss":0.0,"damage_taken":0.0},{"damage_healed":0.0,"max_hp_gain":0.0,"max_hp_loss":0.0,"gold_gain":0.0,"event_name":"Ghosts","player_choice":"Ignored","floor":19.0,"gold_loss":0.0,"damage_taken":0.0},{"damage_healed":0.0,"max_hp_gain":5.0,"max_hp_loss":0.0,"gold_gain":0.0,"event_name":"Forgotten Altar","player_choice":"Shed Blood","floor":20.0,"gold_loss":0.0,"damage_taken":19.0}],"is_beta":false,"boss_relics":[{"not_picked":["Nuclear Battery","Tiny House"],"picked":"Cursed Key"}],"items_purged_floors":[],"is_endless":true,"potions_floor_spawned":[1,7,16,22],"killed_by":"Slavers","ascension_level":0}