{"gold_per_floor":[119,119,119,169,194,194,209,209,209,222,297,23,34,49,49,152,152,169,51,51,70,48,48,62,77,103,117,129,146,146,176,176,275,275,285,632,632,643,22,22,38,58,127,127,160,170,170,135,135,135],"floor_reached":50,"playtime":4803,"items_purged":["Doppelganger"],"score":634,"play_id":"6490f849-81da-4f11-913c-a6f0c9d1e3de","local_time":"20190704005657","is_ascension_mode":false,"campfire_choices":[{"floor":6,"key":"REST"},{"data":"Crippling Poison","floor":8,"key":"SMITH"},{"floor":15,"key":"REST"},{"floor":30,"key":"REST"},{"floor":32,"key":"REST"},{"floor":40,"key":"REST"},{"data":"After Image","floor":44,"key":"SMITH"},{"floor":47,"key":"REST"},{"floor":49,"key":"REST"}],"neow_cost":"NONE","seed_source_timestamp":1468871356726900,"circlet_count":0,"master_deck":["Strike_G","Strike_G","Strike_G","Defend_G","Defend_G","Defend_G","Defend_G","Defend_G","Survivor","Neutralize","Terror","Crippling Poison+1","All Out Attack","Dagger Spray","Caltrops","Crippling Poison","Flying Knee","Dagger Spray","Infinite Blades","Deflect","Dash+1","Blade Dance","Dodge and Roll+1","Caltrops","Dagger Spray","Blur","Quick Slash+1","Noxious Fumes+1","Backstab+1","A Thousand Cuts","Endless Agony+1","Finesse+1","Tools of the Trade+1","Dagger Spray+1","Backflip+1","Dodge and Roll+1","Apotheosis","Well Laid Plans","Masterful Stab+1","After Image+1","Footwork+1","Caltrops+1","Bouncing Flask","Caltrops+1","Footwork+1"],"relics":["Ring of the Snake","Oddly Smooth Stone","PreservedInsect","Ancient Tea Set","Mercury Hourglass","Velvet Choker","Meat on the Bone","Snake Skull","Dream Catcher","Astrolabe","Old Coin","Mango","Ninja Scroll","Frozen Egg 2"],"potions_floor_usage":[16,16,27,31,33,33,38,41,46],"damage_taken":[{"damage":11,"enemies":"Jaw Worm","floor":1,"turns":4},{"damage":0,"enemies":"2 Louse","floor":7,"turns":3},{"damage":0,"enemies":"Cultist","floor":10,"turns":2},{"damage":9,"enemies":"Gremlin Gang","floor":13,"turns":2},{"damage":6,"enemies":"Blue Slaver","floor":14,"turns":4},{"damage":30,"enemies":"The Guardian","floor":16,"turns":8},{"damage":0,"enemies":"3 Byrds","floor":18,"turns":3},{"damage":1,"enemies":"Chosen","floor":21,"turns":4},{"damage":15,"enemies":"Centurion and Healer","floor":24,"turns":5},{"damage":0,"enemies":"3 Cultists","floor":25,"turns":4},{"damage":6,"enemies":"Cultist and Chosen","floor":27,"turns":4},{"damage":0,"enemies":"Chosen and Byrds","floor":28,"turns":4},{"damage":8,"enemies":"Snake Plant","floor":29,"turns":4},{"damage":21,"enemies":"Book of Stabbing","floor":31,"turns":4},{"damage":59,"enemies":"Collector","floor":33,"turns":8},{"damage":10,"enemies":"3 Darklings","floor":35,"turns":3},{"damage":58,"enemies":"2 Orb Walkers","floor":36,"turns":4},{"damage":2,"enemies":"3 Shapes","floor":38,"turns":3},{"damage":7,"enemies":"Maw","floor":41,"turns":7},{"damage":9,"enemies":"4 Shapes","floor":42,"turns":5},{"damage":20,"enemies":"Giant Head","floor":45,"turns":9},{"damage":20,"enemies":"Transient","floor":46,"turns":5},{"damage":100,"enemies":"Awakened One","floor":50,"turns":8}],"seed_played":"1944331488600657755","potions_obtained":[{"floor":1,"key":"SkillPotion"},{"floor":10,"key":"LiquidBronze"},{"floor":14,"key":"AttackPotion"},{"floor":16,"key":"Dexterity Potion"},{"floor":21,"key":"SkillPotion"},{"floor":27,"key":"Explosive Potion"},{"floor":33,"key":"Swift Potion"},{"floor":35,"key":"Weak Potion"},{"floor":41,"key":"GhostInAJar"},{"floor":42,"key":"SmokeBomb"}],"is_trial":false,"path_per_floor":["M","?","?","T","T","R","M","R","T","M","?","$","M","M","R","B",null,"M","$","?","M","$","?","M","M","T","M","M","M","R","E","R","B",null,"M","?","?","M","$","R","M","M","T","R","E","M","R","$","R","B"],"character_chosen":"THE_SILENT","items_purchased":["Dagger Spray","Caltrops","Mayhem","Infinite Blades","Deflect","Blade Dance","Apotheosis","Mango","Well Laid Plans","Caltrops+1"],"campfire_rested":7,"item_purchase_floors":[12,12,12,19,19,22,39,39,39,48],"current_hp_per_floor":[66,59,59,59,59,77,77,77,77,77,66,66,57,51,74,44,77,77,77,77,76,76,76,61,61,61,55,55,47,70,49,72,25,77,67,21,21,31,45,72,65,56,56,56,48,40,67,67,91,0],"gold":135,"neow_bonus":"TEN_PERCENT_HP_BONUS","is_prod":false,"is_daily":false,"chose_seed":false,"campfire_upgraded":2,"win_rate":0.0,"timestamp":1562216217,"path_taken":["M","?","?","?","?","R","M","R","T","?","?","$","M","M","R","BOSS","M","$","?","M","$","?","?","M","T","M","?","?","R","E","R","BOSS","M","?","?","M","$","R","M","M","T","R","E","?","R","?","R","BOSS"],"build_version":"2019-07-01","purchased_purges":1,"victory":false,"max_hp_per_floor":[77,77,77,77,77,77,77,77,77,77,77,77,77,77,77,77,77,77,77,77,77,77,77,77,77,77,77,77,77,77,77,77,77,77,77,77,77,77,91,91,91,91,91,91,91,91,91,91,91,91],"card_choices":[{"not_picked":["Footwork","Distraction"],"picked":"Terror","floor":1},{"not_picked":["Deflect","Prepared"],"picked":"Crippling Poison","floor":7},{"not_picked":["Quick Slash","Calculated Gamble"],"picked":"All Out Attack","floor":10},{"not_picked":["Dodge and Roll","Flechettes"],"picked":"Crippling Poison","floor":13},{"not_picked":["Underhanded Strike","Choke"],"picked":"Flying Knee","floor":14},{"not_picked":["Die Die Die","Malaise"],"picked":"Doppelganger","floor":16},{"not_picked":["Underhanded Strike+1","Footwork+1"],"picked":"Dagger Spray","floor":18},{"not_picked":["Expertise","Acrobatics"],"picked":"Dash+1","floor":21},{"not_picked":["Deflect","Slice"],"picked":"Dodge and Roll+1","floor":24},{"not_picked":["Prepared","Dodge and Roll"],"picked":"Caltrops","floor":25},{"not_picked":["Underhanded Strike","All Out Attack"],"picked":"Dagger Spray","floor":27},{"not_picked":["Expertise","Backflip"],"picked":"Blur","floor":28},{"not_picked":["Prepared+1","Deadly Poison"],"picked":"Quick Slash+1","floor":29},{"not_picked":["Expertise","Escape Plan"],"picked":"Noxious Fumes","floor":31},{"not_picked":["Outmaneuver","Blade Dance+1"],"picked":"Backstab+1","floor":32},{"not_picked":["Malaise","Night Terror"],"picked":"A Thousand Cuts","floor":33},{"not_picked":["Terror+1","Underhanded Strike+1"],"picked":"Dagger Spray+1","floor":35},{"not_picked":["Reflex+1","Endless Agony"],"picked":"Backflip+1","floor":36},{"not_picked":["Escape Plan+1","Acrobatics+1"],"picked":"Dodge and Roll+1","floor":38},{"not_picked":["Expertise","Acrobatics"],"picked":"Masterful Stab+1","floor":40},{"not_picked":["Skewer+1","Backflip+1"],"picked":"After Image","floor":41},{"not_picked":["Flying Knee","Dodge and Roll+1"],"picked":"Footwork+1","floor":42},{"not_picked":["Calculated Gamble","Sucker Punch"],"picked":"Caltrops+1","floor":45},{"not_picked":["Tactician","Sucker Punch+1"],"picked":"Bouncing Flask","floor":46},{"not_picked":["Blade Dance+1","Bouncing Flask"],"picked":"Footwork+1","floor":49}],"player_experience":19693,"relics_obtained":[{"floor":4,"key":"PreservedInsect"},{"floor":5,"key":"Ancient Tea Set"},{"floor":9,"key":"Mercury Hourglass"},{"floor":26,"key":"Snake Skull"},{"floor":31,"key":"Dream Catcher"},{"floor":36,"key":"Old Coin"},{"floor":43,"key":"Ninja Scroll"},{"floor":45,"key":"Frozen Egg 2"}],"event_choices":[{"damage_healed":0,"gold_gain":0,"player_choice":"Success","damage_taken":7,"relics_obtained":["Oddly Smooth Stone"],"max_hp_gain":0,"max_hp_loss":0,"event_name":"Scrap Ooze","floor":2,"gold_loss":0},{"damage_healed":0,"gold_gain":0,"player_choice":"Ignored","damage_taken":0,"max_hp_gain":0,"max_hp_loss":0,"event_name":"Liars Game","floor":3,"gold_loss":0},{"damage_healed":0,"gold_gain":75,"player_choice":"Gather Gold","damage_taken":11,"max_hp_gain":0,"max_hp_loss":0,"event_name":"World of Goop","floor":11,"gold_loss":0},{"damage_healed":0,"gold_gain":0,"player_choice":"Opened","damage_taken":0,"relics_obtained":["Meat on the Bone"],"max_hp_gain":0,"max_hp_loss":0,"event_name":"The Mausoleum","floor":20,"gold_loss":0},{"damage_healed":0,"gold_gain":0,"player_choice":"Got Potions","damage_taken":0,"max_hp_gain":0,"max_hp_loss":0,"event_name":"Lab","floor":23,"gold_loss":0},{"damage_healed":0,"gold_gain":0,"player_choice":"Fight","damage_taken":0,"max_hp_gain":0,"max_hp_loss":0,"event_name":"Mysterious Sphere","floor":36,"gold_loss":0},{"damage_healed":0,"gold_gain":0,"player_choice":"Forge","damage_taken":0,"max_hp_gain":0,"max_hp_loss":0,"event_name":"Accursed Blacksmith","floor":37,"gold_loss":0,"cards_upgraded":["Noxious Fumes"]}],"is_beta":false,"boss_relics":[{"not_picked":["Ectoplasm","Sozu"],"picked":"Velvet Choker"},{"not_picked":["Orrery","HoveringKite"],"picked":"Astrolabe"}],"items_purged_floors":[39],"is_endless":false,"potions_floor_spawned":[1,10,14,16,21,27,29,33,35,41,42],"killed_by":"Awakened One","ascension_level":0}