{"gold_per_floor":[213,213,229,229,7,7,26,51,51,63,63,63,63,63,63,154,154,177,177,193,243,46,82,82,82,107,119,131,143],"floor_reached":29,"playtime":688,"items_purged":[],"score":474,"play_id":"06d9c6fc-6319-44d7-a35b-b636d52c6337","local_time":"20190630122655","is_ascension_mode":true,"campfire_choices":[{"data":"Headbutt","floor":6,"key":"SMITH"},{"data":"Pommel Strike","floor":15,"key":"SMITH"},{"floor":24,"key":"REST"}],"neow_cost":"NONE","seed_source_timestamp":523977747067745,"circlet_count":0,"master_deck":["AscendersBane","Strike_R","Strike_R","Strike_R","Strike_R","Defend_R","Defend_R","Defend_R","Defend_R","Bash+1","Headbutt+1","Headbutt","Disarm","Clothesline","Pommel Strike+1","Offering","Spot Weakness+1","Anger","Inflame"],"relics":["Burning Blood","Chemical X","Pear","Bag of Marbles","Juzu Bracelet","Golden Idol","Sozu","Bag of Preparation","The Courier","Nilry\u0027s Codex","MawBank","MutagenicStrength"],"potions_floor_usage":[16,23],"damage_taken":[{"damage":18,"enemies":"Small Slimes","floor":1,"turns":5},{"damage":14,"enemies":"Jaw Worm","floor":3,"turns":4},{"damage":9,"enemies":"2 Louse","floor":7,"turns":2},{"damage":31,"enemies":"Gremlin Nob","floor":8,"turns":4},{"damage":9,"enemies":"Red Slaver","floor":10,"turns":2},{"damage":43,"enemies":"Slime Boss","floor":16,"turns":8},{"damage":32,"enemies":"2 Thieves","floor":18,"turns":4},{"damage":11,"enemies":"Spheric Guardian","floor":20,"turns":3},{"damage":24,"enemies":"Book of Stabbing","floor":23,"turns":3},{"damage":24,"enemies":"Chosen and Byrds","floor":29,"turns":3}],"seed_played":"-6376374370901403025","potions_obtained":[{"floor":8,"key":"GamblersBrew"},{"floor":10,"key":"Explosive Potion"}],"is_trial":false,"path_per_floor":["M","?","M","?","$","R","M","E","T","M","T","?","?","?","R","B",null,"M","?","M","?","$","E","R","?","T","$","?","M"],"character_chosen":"IRONCLAD","items_purchased":["Chemical X","Anger","Bag of Preparation"],"campfire_rested":1,"item_purchase_floors":[5,22,22],"current_hp_per_floor":[56,56,48,41,41,41,38,23,23,20,20,20,20,45,45,8,60,34,30,25,25,25,7,30,9,9,9,9,0],"gold":143,"neow_bonus":"HUNDRED_GOLD","is_prod":false,"is_daily":false,"chose_seed":false,"campfire_upgraded":2,"win_rate":0,"timestamp":1561915615,"path_taken":["M","?","M","?","$","R","M","E","T","M","?","?","?","?","R","BOSS","M","?","M","?","$","E","R","?","T","?","?","M"],"build_version":"2019-06-29","purchased_purges":0,"victory":false,"max_hp_per_floor":[75,75,75,75,75,75,75,85,85,85,85,85,77,77,77,77,77,77,77,77,77,77,77,77,77,77,77,77,77],"card_choices":[{"not_picked":["Thunderclap","Pommel Strike"],"picked":"Headbutt","floor":1},{"not_picked":["Pommel Strike","Body Slam"],"picked":"Headbutt","floor":3},{"not_picked":["Headbutt","Iron Wave"],"picked":"Disarm","floor":7},{"not_picked":["Dropkick","Armaments"],"picked":"Clothesline","floor":8},{"not_picked":["Clothesline","Wild Strike"],"picked":"Pommel Strike","floor":10},{"not_picked":["Berserk","Reaper"],"picked":"Offering","floor":16},{"not_picked":["Seeing Red","Ghostly Armor"],"picked":"Spot Weakness+1","floor":18},{"not_picked":["Perfected Strike","Clash","Body Slam+1"],"picked":"SKIP","floor":20},{"not_picked":["Flex","Armaments"],"picked":"Inflame","floor":23}],"player_experience":1582590,"relics_obtained":[{"floor":8,"key":"Pear"},{"floor":9,"key":"Bag of Marbles"},{"floor":11,"key":"Juzu Bracelet"},{"floor":23,"key":"The Courier"},{"floor":25,"key":"Nilry\u0027s Codex"},{"floor":26,"key":"MawBank"}],"event_choices":[{"damage_healed":0,"gold_gain":0,"player_choice":"Grow","damage_taken":0,"max_hp_gain":0,"max_hp_loss":0,"event_name":"Living Wall","floor":2,"gold_loss":0,"cards_upgraded":["Bash"]},{"cards_removed":["Strike_R"],"damage_healed":0,"gold_gain":0,"player_choice":"Card Removal","damage_taken":7,"max_hp_gain":0,"max_hp_loss":0,"event_name":"Golden Wing","floor":4,"gold_loss":0},{"damage_healed":0,"gold_gain":0,"player_choice":"Searched \u00271\u0027 times","damage_taken":0,"max_hp_gain":0,"max_hp_loss":0,"event_name":"Dead Adventurer","floor":12,"gold_loss":0},{"damage_healed":0,"gold_gain":0,"player_choice":"Lose Max HP","damage_taken":0,"relics_obtained":["Golden Idol"],"max_hp_gain":0,"max_hp_loss":8,"event_name":"Golden Idol","floor":13,"gold_loss":0},{"damage_healed":25,"gold_gain":0,"player_choice":"Banana","damage_taken":0,"max_hp_gain":0,"max_hp_loss":0,"event_name":"Big Fish","floor":14,"gold_loss":0},{"damage_healed":0,"gold_gain":0,"player_choice":"Bought 0 Potions","damage_taken":0,"max_hp_gain":0,"max_hp_loss":0,"event_name":"The Woman in Blue","floor":19,"gold_loss":0},{"damage_healed":0,"gold_gain":50,"player_choice":"Stole From Cult","damage_taken":0,"max_hp_gain":0,"max_hp_loss":0,"event_name":"Nest","floor":21,"gold_loss":0},{"damage_healed":0,"gold_gain":0,"player_choice":"Obtained Book","damage_taken":21,"max_hp_gain":0,"max_hp_loss":0,"event_name":"Cursed Tome","floor":25,"gold_loss":0},{"damage_healed":0,"gold_gain":0,"player_choice":"Inject Mutagens","damage_taken":0,"relics_obtained":["MutagenicStrength"],"max_hp_gain":0,"max_hp_loss":0,"event_name":"Drug Dealer","floor":28,"gold_loss":0}],"is_beta":true,"boss_relics":[{"not_picked":["Velvet Choker","Runic Pyramid"],"picked":"Sozu"}],"items_purged_floors":[],"is_endless":false,"potions_floor_spawned":[8,10,23],"killed_by":"Chosen and Byrds","ascension_level":20}