{"gold_per_floor":[118,118,118,118,118,118,133,146,146,164,164,66,86,100,100,203,203,213,128,128,102,102,102,114,128,153,172,172,172,272,287,287,287],"floor_reached":33,"playtime":2105,"items_purged":[],"score":262,"play_id":"7060f30f-74e4-4134-a600-e1ca3770d27d","local_time":"20190704201155","is_ascension_mode":false,"campfire_choices":[{"floor":6,"key":"REST"},{"data":"Flame Barrier","floor":11,"key":"SMITH"},{"data":"Armaments","floor":15,"key":"SMITH"},{"data":"Reaper","floor":23,"key":"SMITH"},{"floor":29,"key":"REST"},{"data":"Bludgeon","floor":32,"key":"SMITH"}],"neow_cost":"NONE","seed_source_timestamp":727959848707,"circlet_count":0,"master_deck":["Defend_R","Defend_R","Defend_R","Bash","Reaper+1","Flame Barrier+1","Combust","Berserk","Thunderclap","Armaments+1","Fire Breathing","Anger","Bludgeon+1","Demon Form","Rupture+1","Bite","Bite","Bite","Bite","Bite","Headbutt","Clash","Headbutt+1","Impervious","Anger"],"relics":["Burning Blood","Pen Nib","Darkstone Periapt","Pantograph","Mark of Pain","WingedGreaves","Juzu Bracelet"],"potions_floor_usage":[10,14,16,24,31,33,33],"damage_taken":[{"damage":0,"enemies":"Small Slimes","floor":1,"turns":3},{"damage":0,"enemies":"2 Louse","floor":7,"turns":4},{"damage":0,"enemies":"Jaw Worm","floor":8,"turns":3},{"damage":10,"enemies":"Blue Slaver","floor":10,"turns":5},{"damage":24,"enemies":"2 Fungi Beasts","floor":13,"turns":4},{"damage":16,"enemies":"Gremlin Gang","floor":14,"turns":3},{"damage":41,"enemies":"Slime Boss","floor":16,"turns":8},{"damage":36,"enemies":"Spheric Guardian","floor":18,"turns":5},{"damage":11,"enemies":"2 Thieves","floor":24,"turns":4},{"damage":17,"enemies":"3 Cultists","floor":25,"turns":5},{"damage":21,"enemies":"Snake Plant","floor":27,"turns":5},{"damage":12,"enemies":"Snecko","floor":31,"turns":4},{"damage":88,"enemies":"Automaton","floor":33,"turns":6}],"seed_played":"284650376991849072","potions_obtained":[{"floor":7,"key":"Regen Potion"},{"floor":8,"key":"Energy Potion"},{"floor":14,"key":"SteroidPotion"},{"floor":18,"key":"Weak Potion"},{"floor":25,"key":"Regen Potion"},{"floor":27,"key":"LiquidBronze"}],"is_trial":false,"path_per_floor":["M","?","?","?","T","R","M","M","T","M","R","$","M","M","R","B",null,"M","?","?","$","?","R","M","M","T","M","?","R","?","M","R","B"],"character_chosen":"IRONCLAD","items_purchased":["Armaments","Fire Breathing","Headbutt"],"campfire_rested":2,"item_purchase_floors":[12,12,21],"current_hp_per_floor":[80,80,85,67,67,85,85,85,85,84,84,84,74,82,82,70,85,55,55,55,55,55,55,56,59,59,49,37,54,54,53,53,0],"gold":287,"neow_bonus":"ONE_RANDOM_RARE_CARD","is_prod":false,"is_daily":false,"chose_seed":false,"campfire_upgraded":4,"win_rate":0,"timestamp":1562267515,"path_taken":["M","?","?","?","?","R","M","M","T","?","R","$","M","M","R","BOSS","M","?","?","$","?","R","?","M","T","M","?","R","?","M","R","BOSS"],"build_version":"2019-07-01","purchased_purges":0,"victory":false,"max_hp_per_floor":[80,80,85,85,85,85,85,85,85,85,85,85,85,85,85,85,85,85,85,59,59,59,59,59,59,59,59,59,59,59,59,59,59],"card_choices":[{"not_picked":["Clothesline","Flex"],"picked":"Flame Barrier","floor":1},{"not_picked":["Havoc","Sever Soul"],"picked":"Combust","floor":7},{"not_picked":["Metallicize","Flex"],"picked":"Berserk","floor":8},{"not_picked":["Havoc","Iron Wave"],"picked":"Thunderclap","floor":10},{"not_picked":["Warcry","Havoc"],"picked":"Anger","floor":13},{"not_picked":["Clothesline","Sword Boomerang"],"picked":"Bludgeon","floor":14},{"not_picked":["Fiend Fire","Barricade"],"picked":"Demon Form","floor":16},{"not_picked":["Heavy Blade","Clash"],"picked":"Rupture+1","floor":18},{"not_picked":["Wild Strike","Reckless Charge+1"],"picked":"Headbutt+1","floor":24},{"not_picked":["Body Slam","Perfected Strike"],"picked":"Impervious","floor":25},{"not_picked":["Fire Breathing+1","Clash+1"],"picked":"Anger","floor":27},{"not_picked":["Anger","Feel No Pain","Thunderclap"],"picked":"SKIP","floor":31}],"player_experience":48408,"relics_obtained":[{"floor":5,"key":"Darkstone Periapt"},{"floor":9,"key":"Pantograph"},{"floor":26,"key":"Juzu Bracelet"}],"event_choices":[{"damage_healed":0,"gold_gain":0,"player_choice":"Ignored","damage_taken":0,"max_hp_gain":0,"max_hp_loss":0,"event_name":"Shining Light","floor":2,"gold_loss":0},{"damage_healed":0,"gold_gain":0,"player_choice":"Donut","damage_taken":0,"max_hp_gain":5,"max_hp_loss":0,"event_name":"Big Fish","floor":3,"gold_loss":0},{"damage_healed":0,"gold_gain":0,"player_choice":"Success","damage_taken":18,"relics_obtained":["Pen Nib"],"max_hp_gain":0,"max_hp_loss":0,"event_name":"Scrap Ooze","floor":4,"gold_loss":0},{"damage_healed":0,"gold_gain":0,"player_choice":"Obtained Relic","damage_taken":0,"relics_obtained":["WingedGreaves"],"max_hp_gain":0,"max_hp_loss":0,"event_name":"Addict","floor":19,"gold_loss":85},{"damage_healed":0,"gold_gain":0,"player_choice":"Became a vampire","damage_taken":0,"max_hp_gain":0,"max_hp_loss":26,"event_name":"Vampires","floor":20,"gold_loss":0,"cards_obtained":["Bite","Bite","Bite","Bite","Bite"]},{"damage_healed":0,"gold_gain":0,"cards_transformed":["Defend_R"],"player_choice":"Transformed","damage_taken":0,"max_hp_gain":0,"max_hp_loss":0,"event_name":"Transmorgrifier","floor":22,"gold_loss":0,"cards_obtained":["Clash"]},{"damage_healed":0,"gold_gain":0,"player_choice":"POTION ","damage_taken":12,"max_hp_gain":0,"max_hp_loss":0,"event_name":"Knowing Skull","floor":28,"potions_obtained":["SneckoOil"],"gold_loss":0,"cards_obtained":[]},{"damage_healed":0,"gold_gain":100,"player_choice":"Pray","damage_taken":0,"max_hp_gain":0,"max_hp_loss":0,"event_name":"Golden Shrine","floor":30,"gold_loss":0}],"is_beta":false,"boss_relics":[{"not_picked":["White Beast Statue","Astrolabe"],"picked":"Mark of Pain"}],"items_purged_floors":[],"is_endless":false,"potions_floor_spawned":[7,8,14,18,25,27],"killed_by":"Automaton","ascension_level":0}