{"gold_per_floor":[118,137,151,6,6,6,18,18,18,18,28,28,44,58,58,162,162,177,52,65,75,2,2,22,22],"floor_reached":25,"playtime":2045,"items_purged":["Defend_R"],"score":197,"play_id":"f0dcb8cc-9cdd-477e-9569-8c4c27efef18","local_time":"20190630143608","is_ascension_mode":false,"campfire_choices":[{"data":"Thunderclap","floor":6,"key":"SMITH"},{"data":"Battle Trance","floor":8,"key":"SMITH"},{"data":"Cleave","floor":12,"key":"SMITH"},{"data":"Combust","floor":15,"key":"SMITH"}],"neow_cost":"NONE","seed_source_timestamp":10004559328980,"circlet_count":0,"master_deck":["Strike_R","Strike_R","Strike_R","Strike_R","Strike_R","Defend_R","Bash","Shrug It Off","Sever Soul","Thunderclap+1","Armaments+1","Shrug It Off","Battle Trance+1","Iron Wave","Cleave+1","Perfected Strike","Combust+1","Demon Form","Armaments+1","Metallicize","Pommel Strike","Blood for Blood","Blood for Blood","Seeing Red","Berserk","Seeing Red"],"relics":["Burning Blood","Nunchaku","Runic Cube"],"potions_floor_usage":[16,16,24,25],"damage_taken":[{"damage":10,"enemies":"Jaw Worm","floor":1,"turns":4},{"damage":2,"enemies":"Small Slimes","floor":2,"turns":4},{"damage":0,"enemies":"Cultist","floor":3,"turns":3},{"damage":9,"enemies":"Exordium Wildlife","floor":7,"turns":4},{"damage":1,"enemies":"2 Fungi Beasts","floor":11,"turns":3},{"damage":2,"enemies":"Large Slime","floor":13,"turns":6},{"damage":0,"enemies":"3 Louse","floor":14,"turns":1},{"damage":32,"enemies":"The Guardian","floor":16,"turns":11},{"damage":30,"enemies":"2 Thieves","floor":18,"turns":3},{"damage":23,"enemies":"Spheric Guardian","floor":20,"turns":4},{"damage":27,"enemies":"Snake Plant","floor":21,"turns":5},{"damage":11,"enemies":"Chosen and Byrds","floor":24,"turns":6},{"damage":13,"enemies":"Snecko","floor":25,"turns":3}],"seed_played":"2947533661182710214","potions_obtained":[{"floor":0,"key":"SkillPotion"},{"floor":0,"key":"SneckoOil"},{"floor":0,"key":"Regen Potion"},{"floor":20,"key":"SpeedPotion"}],"is_trial":false,"path_per_floor":["M","M","M","$","?","R","M","R","T","?","M","R","M","M","R","B",null,"M","$","M","M","$","?","M","M"],"character_chosen":"IRONCLAD","items_purchased":["Armaments","Shrug It Off","Metallicize","Pommel Strike","Metallicize"],"campfire_rested":0,"item_purchase_floors":[4,4,19,19,22],"current_hp_per_floor":[76,80,80,80,80,80,77,77,77,77,80,80,80,80,80,66,80,56,56,39,18,18,18,13,0],"gold":22,"neow_bonus":"THREE_SMALL_POTIONS","is_prod":false,"is_daily":false,"chose_seed":false,"campfire_upgraded":4,"win_rate":0.0,"timestamp":1561901768,"path_taken":["M","M","M","$","?","R","M","R","T","?","M","R","?","M","R","BOSS","M","$","M","M","$","?","M","M"],"build_version":"2019-01-23","purchased_purges":1,"victory":false,"max_hp_per_floor":[80,80,80,80,80,80,80,80,80,80,80,80,80,80,80,80,80,80,80,80,80,80,80,80,80],"card_choices":[{"not_picked":["Perfected Strike","Burning Pact"],"picked":"Shrug It Off","floor":1},{"not_picked":["Clash","Iron Wave"],"picked":"Sever Soul","floor":2},{"not_picked":["Fire Breathing","True Grit"],"picked":"Thunderclap","floor":3},{"not_picked":["Disarm","Headbutt"],"picked":"Battle Trance","floor":7},{"not_picked":["Entrench","Heavy Blade"],"picked":"Cleave","floor":11},{"not_picked":["Sword Boomerang","Bloodletting"],"picked":"Perfected Strike","floor":13},{"not_picked":["Offering","Headbutt"],"picked":"Combust","floor":14},{"not_picked":["Impervious","Barricade"],"picked":"Demon Form","floor":16},{"not_picked":["Spot Weakness","Headbutt"],"picked":"Armaments+1","floor":18},{"not_picked":["Ghostly Armor","Iron Wave+1"],"picked":"Blood for Blood","floor":20},{"not_picked":["Searing Blow","Thunderclap"],"picked":"Blood for Blood","floor":21},{"not_picked":["Clash+1","Searing Blow"],"picked":"Seeing Red","floor":24}],"player_experience":14819,"relics_obtained":[{"floor":9,"key":"Nunchaku"}],"event_choices":[{"damage_healed":0,"gold_gain":0,"player_choice":"Grow","damage_taken":0,"max_hp_gain":0,"max_hp_loss":0,"event_name":"Living Wall","floor":5,"gold_loss":0,"cards_upgraded":["Armaments"]},{"cards_removed":["Defend_R"],"damage_healed":0,"gold_gain":0,"player_choice":"Took Card","damage_taken":0,"max_hp_gain":0,"max_hp_loss":0,"event_name":"NoteForYourself","floor":10,"gold_loss":0,"cards_obtained":["Iron Wave"]},{"damage_healed":0,"gold_gain":0,"cards_transformed":["Metallicize","Defend_R"],"player_choice":"Became Test Subject","damage_taken":0,"max_hp_gain":0,"max_hp_loss":0,"event_name":"Drug Dealer","floor":23,"gold_loss":0,"cards_obtained":["Seeing Red","Berserk"]}],"is_beta":false,"boss_relics":[{"not_picked":["Cursed Key","Snecko Eye"],"picked":"Runic Cube"}],"items_purged_floors":[4],"is_endless":false,"potions_floor_spawned":[7,14,20],"killed_by":"Snecko","ascension_level":0}