{"gold_per_floor":[118,2,2,20,20,60,60,103,103,128,128,161,174,99,99,188,188,202,202,223,223],"floor_reached":21,"playtime":592,"items_purged":[],"score":444,"play_id":"552fabb1-c927-4c4a-a70a-80764d3ce226","local_time":"20190609161943","is_ascension_mode":true,"campfire_choices":[{"data":"Hemokinesis","floor":7,"key":"SMITH"},{"data":"Bash","floor":11,"key":"SMITH"},{"data":"Disarm","floor":15,"key":"SMITH"}],"neow_cost":"NONE","seed_source_timestamp":992266645815903,"circlet_count":0,"master_deck":["AscendersBane","Strike_R","Strike_R+1","Strike_R","Strike_R","Defend_R","Defend_R","Defend_R","Defend_R","Bash+1","Hemokinesis+1","Blood for Blood","Armaments+1","Clothesline","Disarm+1","Anger+1","Whirlwind","Reaper","Shrug It Off","Headbutt"],"relics":["Burning Blood","NeowsBlessing","Golden Idol","Paper Frog","Whetstone","Omamori","Sundial","Coffee Dripper"],"potions_floor_usage":[16,16,20,21],"damage_taken":[{"damage":0,"enemies":"2 Louse","floor":1,"turns":1},{"damage":0,"enemies":"Small Slimes","floor":4,"turns":1},{"damage":0,"enemies":"Gremlin Nob","floor":6,"turns":1},{"damage":20,"enemies":"Lagavulin","floor":8,"turns":6},{"damage":0,"enemies":"Jaw Worm","floor":10,"turns":4},{"damage":29,"enemies":"Gremlin Nob","floor":12,"turns":4},{"damage":21,"enemies":"Large Slime","floor":13,"turns":5},{"damage":9,"enemies":"Hexaghost","floor":16,"turns":8},{"damage":10,"enemies":"3 Byrds","floor":18,"turns":4},{"damage":45,"enemies":"Shell Parasite","floor":20,"turns":7},{"damage":26,"enemies":"Colosseum Slavers","floor":21,"turns":3},{"damage":44,"enemies":"Colosseum Nobs","floor":21,"turns":3}],"seed_played":"-4261180111633333216","potions_obtained":[{"floor":1,"key":"Poison Potion"},{"floor":10,"key":"FairyPotion"},{"floor":13,"key":"SteroidPotion"},{"floor":16,"key":"SkillPotion"},{"floor":18,"key":"Regen Potion"}],"is_trial":false,"path_per_floor":["M","$","?","M","?","E","R","E","T","M","R","E","M","?","R","B",null,"M","?","M","?"],"character_chosen":"IRONCLAD","items_purchased":["Blood for Blood","Armaments"],"campfire_rested":0,"item_purchase_floors":[2,2],"current_hp_per_floor":[74,74,74,75,68,68,68,54,54,60,60,37,22,22,22,19,56,58,58,38,0],"gold":223,"neow_bonus":"THREE_ENEMY_KILL","is_prod":false,"is_daily":false,"chose_seed":false,"campfire_upgraded":3,"win_rate":0,"timestamp":1560115183,"path_taken":["M","$","?","M","?","E","R","E","T","M","R","E","M","?","R","BOSS","M","?","M","?"],"build_version":"2019-01-23","purchased_purges":0,"victory":false,"max_hp_per_floor":[75,75,75,75,68,68,68,68,68,68,68,68,68,68,68,68,68,68,68,68,68],"card_choices":[{"not_picked":["Dropkick","Flex"],"picked":"Hemokinesis","floor":1},{"not_picked":["Carnage","Armaments"],"picked":"Clothesline","floor":4},{"not_picked":["Pommel Strike","Entrench"],"picked":"Disarm","floor":6},{"not_picked":["Flex","Flame Barrier"],"picked":"Anger","floor":8},{"not_picked":["Warcry","Clash","Armaments"],"picked":"SKIP","floor":10},{"not_picked":["Thunderclap","Rampage","Clothesline"],"picked":"SKIP","floor":12},{"not_picked":["Clothesline","Body Slam"],"picked":"Whirlwind","floor":13},{"not_picked":["Double Tap","Limit Break"],"picked":"Reaper","floor":16},{"not_picked":["Sword Boomerang","Rage"],"picked":"Shrug It Off","floor":18},{"not_picked":["Warcry","Thunderclap"],"picked":"Headbutt","floor":20}],"player_experience":1726739,"relics_obtained":[{"floor":6,"key":"Paper Frog"},{"floor":8,"key":"Whetstone"},{"floor":9,"key":"Omamori"},{"floor":12,"key":"Sundial"}],"event_choices":[{"damage_healed":0,"gold_gain":0,"player_choice":"Grow","damage_taken":0,"max_hp_gain":0,"max_hp_loss":0,"event_name":"Living Wall","floor":3,"gold_loss":0,"cards_upgraded":["Armaments"]},{"damage_healed":0,"gold_gain":0,"player_choice":"Lose Max HP","damage_taken":0,"relics_obtained":["Golden Idol"],"max_hp_gain":0,"max_hp_loss":7,"event_name":"Golden Idol","floor":5,"gold_loss":0},{"cards_removed":["Strike_R"],"damage_healed":0,"gold_gain":0,"player_choice":"Card Removal","damage_taken":0,"max_hp_gain":0,"max_hp_loss":0,"event_name":"The Cleric","floor":14,"gold_loss":75},{"damage_healed":0,"gold_gain":0,"player_choice":"Ignored","damage_taken":0,"max_hp_gain":0,"max_hp_loss":0,"event_name":"Ghosts","floor":19,"gold_loss":0},{"damage_healed":0,"gold_gain":0,"player_choice":"Fight","damage_taken":0,"max_hp_gain":0,"max_hp_loss":0,"event_name":"Colosseum","floor":21,"gold_loss":0},{"damage_healed":0,"gold_gain":0,"player_choice":"Fought Nobs","damage_taken":0,"max_hp_gain":0,"max_hp_loss":0,"event_name":"Colosseum","floor":21,"gold_loss":0}],"is_beta":false,"boss_relics":[{"not_picked":["Lizard Tail","Sozu"],"picked":"Coffee Dripper"}],"items_purged_floors":[],"is_endless":false,"potions_floor_spawned":[1,10,13,16,18,21],"killed_by":"Colosseum Nobs","ascension_level":20}