{"gold_per_floor":[114,114,189,189,205,205,23,23,23,23,34,34,64,78,78,177,177,164,164,177,190,240,240,240],"floor_reached":24,"playtime":1980,"items_purged":[],"score":194,"play_id":"52fceaca-8184-4a53-97d3-87ed20fd74aa","local_time":"20190707102612","is_ascension_mode":false,"campfire_choices":[{"data":"Genetic Algorithm","floor":6,"key":"SMITH"},{"data":"Go for the Eyes","floor":8,"key":"SMITH"},{"data":"Capacitor","floor":10,"key":"SMITH"},{"data":"Zap","floor":12,"key":"SMITH"},{"data":"Defragment","floor":15,"key":"SMITH"},{"data":"Creative AI","floor":23,"key":"SMITH"}],"neow_cost":"NONE","seed_source_timestamp":664843769492369,"circlet_count":0,"master_deck":["Strike_B","Strike_B","Defend_B","Defend_B","Defend_B","Defend_B","Zap+1","Dualcast","Sweeping Beam","Go for the Eyes+1","Genetic Algorithm+1","Capacitor+1","Force Field","Compile Driver","Gash","Defragment+1","Go for the Eyes","Creative AI+1","Force Field+1","Writhe","Glacier","Rebound+1"],"relics":["Cracked Core","Bronze Scales","Letter Opener","Orichalcum","Inserter","Centennial Puzzle"],"potions_floor_usage":[13,16,21],"damage_taken":[{"damage":0,"enemies":"Small Slimes","floor":1,"turns":2},{"damage":0,"enemies":"2 Louse","floor":5,"turns":3},{"damage":3,"enemies":"Cultist","floor":11,"turns":5},{"damage":27,"enemies":"Gremlin Nob","floor":13,"turns":4},{"damage":13,"enemies":"Exordium Wildlife","floor":14,"turns":4},{"damage":6,"enemies":"Hexaghost","floor":16,"turns":9},{"damage":21,"enemies":"2 Thieves","floor":18,"turns":4},{"damage":2,"enemies":"Chosen","floor":20,"turns":6},{"damage":44,"enemies":"3 Cultists","floor":21,"turns":6},{"damage":9,"enemies":"Book of Stabbing","floor":24,"turns":2}],"seed_played":"-8022814140546170962","potions_obtained":[{"floor":5,"key":"EssenceOfSteel"},{"floor":13,"key":"Regen Potion"},{"floor":16,"key":"Weak Potion"},{"floor":18,"key":"Dexterity Potion"}],"is_trial":false,"path_per_floor":["M","?","?","?","M","R","$","R","T","R","M","R","E","M","R","B",null,"M","?","M","M","?","R","E"],"character_chosen":"DEFECT","items_purchased":["Capacitor","Force Field","Compile Driver"],"campfire_rested":0,"item_purchase_floors":[7,7,7],"current_hp_per_floor":[75,72,61,54,54,54,54,54,54,54,51,51,24,11,11,20,75,54,54,52,8,8,8,0],"gold":240,"neow_bonus":"TRANSFORM_CARD","is_prod":false,"is_daily":false,"chose_seed":false,"campfire_upgraded":6,"win_rate":0,"timestamp":1562462772,"path_taken":["M","?","?","?","M","R","$","R","T","R","M","R","E","M","R","BOSS","M","?","M","M","?","R","E"],"build_version":"2019-07-05","purchased_purges":0,"victory":false,"max_hp_per_floor":[75,75,75,75,75,75,75,75,75,75,75,75,75,75,75,75,75,75,75,75,75,75,75,75],"card_choices":[{"not_picked":["Ball Lightning","Compile Driver"],"picked":"Go for the Eyes","floor":1},{"not_picked":["Streamline","Melter"],"picked":"Genetic Algorithm","floor":5},{"not_picked":["Go for the Eyes","Beam Cell"],"picked":"Gash","floor":11},{"not_picked":["Rip and Tear","Rebound"],"picked":"Defragment","floor":13},{"not_picked":["Rebound","Multi-Cast"],"picked":"Go for the Eyes","floor":14},{"not_picked":["Reboot","Multi-Cast"],"picked":"Creative AI","floor":16},{"not_picked":["Steam","Undo+1"],"picked":"Force Field+1","floor":18},{"not_picked":["Capacitor","Sunder"],"picked":"Glacier","floor":20},{"not_picked":["Blizzard","FTL"],"picked":"Rebound+1","floor":21}],"player_experience":86275,"relics_obtained":[{"floor":9,"key":"Letter Opener"},{"floor":13,"key":"Orichalcum"}],"event_choices":[{"damage_healed":0,"gold_gain":0,"player_choice":"Success","damage_taken":3,"relics_obtained":["Bronze Scales"],"max_hp_gain":0,"max_hp_loss":0,"event_name":"Scrap Ooze","floor":2,"gold_loss":0},{"damage_healed":0,"gold_gain":75,"player_choice":"Gather Gold","damage_taken":11,"max_hp_gain":0,"max_hp_loss":0,"event_name":"World of Goop","floor":3,"gold_loss":0},{"cards_removed":["Strike_B"],"damage_healed":0,"gold_gain":0,"player_choice":"Card Removal","damage_taken":7,"max_hp_gain":0,"max_hp_loss":0,"event_name":"Golden Wing","floor":4,"gold_loss":0},{"damage_healed":0,"gold_gain":0,"player_choice":"Opened","damage_taken":0,"relics_obtained":["Centennial Puzzle"],"max_hp_gain":0,"max_hp_loss":0,"event_name":"The Mausoleum","floor":19,"gold_loss":0,"cards_obtained":["Writhe"]},{"damage_healed":0,"gold_gain":100,"player_choice":"Bet on Murderer","damage_taken":0,"max_hp_gain":0,"max_hp_loss":0,"event_name":"The Joust","floor":22,"gold_loss":50}],"is_beta":false,"boss_relics":[{"not_picked":["White Beast Statue","Astrolabe"],"picked":"Inserter"}],"items_purged_floors":[],"is_endless":false,"potions_floor_spawned":[5,13,16,18],"killed_by":"Book of Stabbing","ascension_level":0}