{"gold_per_floor":[113,126,126,145,145,145,145,145,145,164,164,164,339,124,124,250,250,273,273,273,273,296,296,296,296,320,320,445,460,45,76,76,207,207,220,345,345,148,148,148,182,182,182,182,195,195,195,195,195,320,320,345,345,345,364,539,539,489,489,561,561,575,575,69,90,90,215,215,240,240,190,190,206,206,37,56,100,100,134,158,158,174,174,298,298,312,378,378,134,0,0,18,18,51,70,70,20,44,82,82,201,201],"floor_reached":102,"playtime":6071,"items_purged":["Doubt","Bandage Up","Poisoned Stab","Noxious Fumes","Injury","Die Die Die","Wraith Form v2+1","Flying Knee"],"score":2554,"play_id":"c400dad8-04ff-45f4-835c-5e77cbcbb75c","local_time":"20190706220814","daily_mods":["SealedDeck","Heirloom","Time Dilation","Flight"],"is_ascension_mode":false,"campfire_choices":[{"floor":6,"key":"REST"},{"data":"Demon Form","floor":7,"key":"SMITH"},{"data":"Deflect","floor":8,"key":"SMITH"},{"data":"Wraith Form v2","floor":11,"key":"SMITH"},{"data":"Dash","floor":12,"key":"SMITH"},{"data":"Echo Form","floor":15,"key":"SMITH"},{"data":"Escape Plan","floor":23,"key":"SMITH"},{"data":"Adrenaline","floor":24,"key":"SMITH"},{"data":"Dodge and Roll","floor":25,"key":"SMITH"},{"data":"Footwork","floor":32,"key":"SMITH"},{"data":"RitualDagger","floor":40,"key":"SMITH"},{"data":"Backflip","floor":42,"key":"SMITH"},{"floor":44,"key":"DIG"},{"data":"Well Laid Plans","floor":47,"key":"SMITH"},{"data":"Dash","floor":49,"key":"SMITH"},{"data":"Blur","floor":57,"key":"SMITH"},{"data":"Blur","floor":61,"key":"SMITH"},{"data":"Adrenaline","floor":63,"key":"SMITH"},{"floor":66,"key":"DIG"},{"data":"Body Slam","floor":74,"key":"SMITH"},{"floor":78,"key":"DIG"},{"floor":83,"key":"DIG"},{"floor":91,"key":"DIG"},{"floor":100,"key":"DIG"}],"neow_cost":"","seed_source_timestamp":0,"circlet_count":0,"master_deck":["Demon Form+1","Echo Form+1","Deflect+1","Escape Plan+1","Dodge and Roll+1","Dash+1","Dodge and Roll+1","Well Laid Plans+1","Adrenaline+1","RitualDagger+1","Footwork+1","Footwork+1","Dash+1","Backflip+1","Blur+1","Adrenaline+1","Blur+1","Blur+1","Body Slam+1","Entrench+1","Deflect+1","Backflip+1"],"relics":["Unceasing Top","Prayer Wheel","Smiling Mask","Golden Idol","Mercury Hourglass","Lizard Tail","Meat on the Bone","War Paint","Gambling Chip","Blue Candle","Shovel","Vajra","Philosopher\u0027s Stone","The Specimen","Snake Skull","Orichalcum","Oddly Smooth Stone","Turnip","Cursed Key","Paper Crane","Centennial Puzzle","Sundial","Bottled Tornado","PrismaticShard","The Courier","Coffee Dripper","CultistMask","PreservedInsect","Molten Egg 2","Mango","Eternal Feather","Dead Branch","Bottled Flame","Red Mask","Mummified Hand","Calipers","Fusion Hammer"],"potions_floor_usage":[16,33,41,80,94],"damage_taken":[{"damage":5,"enemies":"Cultist","floor":1,"turns":4},{"damage":19,"enemies":"Small Slimes","floor":2,"turns":4},{"damage":10,"enemies":"Jaw Worm","floor":4,"turns":4},{"damage":0,"enemies":"Large Slime","floor":10,"turns":4},{"damage":22,"enemies":"Hexaghost","floor":16,"turns":7},{"damage":8,"enemies":"Shell Parasite","floor":18,"turns":4},{"damage":23,"enemies":"Spheric Guardian","floor":22,"turns":5},{"damage":26,"enemies":"Colosseum Slavers","floor":28,"turns":4},{"damage":9,"enemies":"Colosseum Nobs","floor":28,"turns":5},{"damage":9,"enemies":"Snake Plant","floor":29,"turns":4},{"damage":19,"enemies":"Slavers","floor":31,"turns":6},{"damage":14,"enemies":"Automaton","floor":33,"turns":8},{"damage":2,"enemies":"Orb Walker","floor":35,"turns":5},{"damage":1,"enemies":"Mind Bloom Boss Battle","floor":36,"turns":5},{"damage":34,"enemies":"Nemesis","floor":41,"turns":7},{"damage":0,"enemies":"3 Darklings","floor":45,"turns":4},{"damage":47,"enemies":"Awakened One","floor":50,"turns":14},{"damage":0,"enemies":"2 Louse","floor":52,"turns":1},{"damage":0,"enemies":"Jaw Worm","floor":55,"turns":3},{"damage":0,"enemies":"Small Slimes","floor":62,"turns":2},{"damage":3,"enemies":"Exordium Thugs","floor":65,"turns":3},{"damage":0,"enemies":"The Guardian","floor":67,"turns":8},{"damage":0,"enemies":"Spheric Guardian","floor":69,"turns":1},{"damage":4,"enemies":"2 Thieves","floor":73,"turns":3},{"damage":0,"enemies":"Cultist and Chosen","floor":76,"turns":3},{"damage":8,"enemies":"Book of Stabbing","floor":77,"turns":2},{"damage":50,"enemies":"Slavers","floor":79,"turns":2},{"damage":12,"enemies":"Centurion and Healer","floor":80,"turns":2},{"damage":0,"enemies":"Shelled Parasite and Fungi","floor":82,"turns":4},{"damage":0,"enemies":"Automaton","floor":84,"turns":6},{"damage":0,"enemies":"Orb Walker","floor":86,"turns":2},{"damage":13,"enemies":"2 Orb Walkers","floor":87,"turns":4},{"damage":6,"enemies":"3 Shapes","floor":92,"turns":5},{"damage":0,"enemies":"Giant Head","floor":94,"turns":5},{"damage":0,"enemies":"Maw","floor":95,"turns":4},{"damage":0,"enemies":"3 Darklings","floor":98,"turns":7},{"damage":0,"enemies":"Reptomancer","floor":99,"turns":3},{"damage":0,"enemies":"Time Eater","floor":101,"turns":4}],"seed_played":"6469422326517106188","potions_obtained":[{"floor":1,"key":"Regen Potion"},{"floor":4,"key":"Swift Potion"},{"floor":22,"key":"LiquidBronze"},{"floor":28,"key":"EntropicBrew"},{"floor":35,"key":"Dexterity Potion"},{"floor":62,"key":"GhostInAJar"},{"floor":65,"key":"FairyPotion"},{"floor":76,"key":"PowerPotion"},{"floor":80,"key":"SkillPotion"},{"floor":82,"key":"Explosive Potion"},{"floor":94,"key":"LiquidBronze"},{"floor":98,"key":"Block Potion"}],"is_trial":true,"path_per_floor":["M","M","?","M","?","R","R","R","T","M","R","R","?","$","R","B",null,"M","?","T","?","M","R","R","R","T","?","?","M","$","E","R","B",null,"M","?","?","$","?","R","E","R","T","R","M","?","R","?","R","B",null,"M","?","?","M","?","R","?","?","T","R","M","R","$","M","R","B",null,"M","?","$","?","M","R","$","M","E","R","E","M","?","M","R","B",null,"M","?","?","$","?","R","M","?","E","M","?","$","M","E","R","B",null],"character_chosen":"THE_SILENT","items_purchased":["Bandage Up","Well Laid Plans","Footwork","Shovel","Snake Skull","Bottled Tornado","PrismaticShard","PreservedInsect","Bottled Flame"],"campfire_rested":1,"item_purchase_floors":[14,14,30,30,38,64,64,75,89],"current_hp_per_floor":[65,46,34,24,7,28,28,28,28,28,28,28,28,28,28,25,70,66,66,66,66,47,47,47,47,47,41,38,45,45,38,38,36,70,68,67,67,67,67,67,45,45,45,45,45,45,45,35,35,35,70,70,70,70,70,70,70,70,58,58,58,58,58,58,55,55,55,70,70,70,70,57,53,53,53,53,45,45,19,19,19,31,45,45,89,89,76,66,66,66,78,72,72,72,72,72,72,72,72,84,84,89],"gold":201,"neow_bonus":"","is_prod":false,"is_daily":false,"chose_seed":false,"campfire_upgraded":17,"win_rate":0,"timestamp":1562418494,"path_taken":["M","M","?","M","?","R","R","R","T","M","R","R","?","$","R","BOSS","M","?","?","?","?","R","R","R","T","?","?","?","$","E","R","BOSS","M","?","?","?","?","R","E","R","T","R","?","?","R","?","R","BOSS","M","?","?","?","?","R","?","?","T","R","?","R","$","M","R","BOSS","M","?","?","?","M","R","?","?","E","R","E","M","?","M","R","BOSS","M","?","?","?","?","R","?","?","E","?","?","?","?","E","R","BOSS"],"build_version":"2019-07-05","purchased_purges":8,"victory":false,"max_hp_per_floor":[70,70,70,70,70,70,70,70,70,70,70,70,70,70,70,70,70,70,70,70,70,70,70,70,70,70,70,70,70,70,70,70,70,70,70,70,70,70,70,70,70,70,70,70,70,70,70,70,70,70,70,70,70,70,70,70,70,70,70,70,70,70,70,70,70,70,70,70,70,70,70,75,75,75,75,75,75,75,75,75,75,75,89,89,89,89,89,89,89,89,89,89,89,89,89,89,89,89,89,89,89,89],"card_choices":[{"not_picked":["Prepared","Flying Knee","Eviscerate"],"picked":"SKIP","floor":1},{"not_picked":["Blade Dance","PiercingWail","Tactician"],"picked":"SKIP","floor":1},{"not_picked":["Calculated Gamble","Riddle With Holes"],"picked":"Dodge and Roll","floor":2},{"not_picked":["Distraction","Unload","Prepared"],"picked":"SKIP","floor":2},{"not_picked":["Dagger Spray","Predator","Slice"],"picked":"SKIP","floor":4},{"not_picked":["Sucker Punch","Poisoned Stab","Flying Knee"],"picked":"SKIP","floor":4},{"not_picked":["Underhanded Strike","Slice"],"picked":"Die Die Die","floor":10},{"not_picked":["Slice","PiercingWail","Calculated Gamble"],"picked":"SKIP","floor":10},{"not_picked":["Bullet Time","Burst"],"picked":"Adrenaline","floor":16},{"not_picked":["Finisher","Prepared","Dagger Throw+1"],"picked":"SKIP","floor":18},{"not_picked":["Flying Knee","Accuracy","Outmaneuver"],"picked":"SKIP","floor":18},{"not_picked":["Dagger Throw","Quick Slash","Terror"],"picked":"SKIP","floor":22},{"not_picked":["Underhanded Strike","Eviscerate","Deflect"],"picked":"SKIP","floor":22},{"not_picked":["Leg Sweep","Deadly Poison"],"picked":"Footwork","floor":29},{"not_picked":["Infinite Blades","Deflect","Bane"],"picked":"SKIP","floor":29},{"not_picked":["Endless Agony","Terror","Catalyst"],"picked":"SKIP","floor":31},{"not_picked":["Acrobatics","Skewer"],"picked":"Dash","floor":35},{"not_picked":["Finisher","Noxious Fumes+1","All Out Attack+1"],"picked":"SKIP","floor":35},{"not_picked":["Eviscerate+1","Dagger Spray+1"],"picked":"Backflip","floor":41},{"not_picked":["Quick Slash+1","Crippling Poison"],"picked":"Blur+1","floor":45},{"not_picked":["Quick Slash+1","Deadly Poison","Deflect"],"picked":"SKIP","floor":45},{"not_picked":["Malaise","Storm of Steel"],"picked":"Adrenaline","floor":50},{"not_picked":["Dash","Underhanded Strike","Poisoned Stab"],"picked":"SKIP","floor":52},{"not_picked":["Quick Slash","All Out Attack","Crippling Poison"],"picked":"SKIP","floor":52},{"not_picked":["Backstab","Backflip"],"picked":"Blur","floor":55},{"not_picked":["Heel Hook","Deadly Poison"],"picked":"Blur","floor":55},{"not_picked":["Bane","Calculated Gamble","Backstab"],"picked":"SKIP","floor":62},{"not_picked":["Dagger Spray","Terror","Sucker Punch"],"picked":"SKIP","floor":62},{"not_picked":["Backstab","Quick Slash","Slice"],"picked":"SKIP","floor":65},{"not_picked":["Conserve Battery","Poisoned Stab","Genetic Algorithm"],"picked":"SKIP","floor":65},{"not_picked":["Wild Strike","Flex","Backflip"],"picked":"SKIP","floor":69},{"not_picked":["Turbo","Caltrops","Wild Strike"],"picked":"SKIP","floor":69},{"not_picked":["Warcry","Deflect"],"picked":"Body Slam","floor":73},{"not_picked":["Armaments","Compile Driver","Deflect+1"],"picked":"SKIP","floor":73},{"not_picked":["PiercingWail","True Grit","Blur"],"picked":"SKIP","floor":76},{"not_picked":["Deadly Poison+1","Meteor Strike","Sweeping Beam+1"],"picked":"SKIP","floor":76},{"not_picked":["Sword Boomerang","Ball Lightning"],"picked":"Entrench+1","floor":77},{"not_picked":["Caltrops+1","Armaments","Immolate+1"],"picked":"SKIP","floor":79},{"not_picked":["Dagger Throw+1","Double Energy","Shockwave"],"picked":"SKIP","floor":80},{"not_picked":["Well Laid Plans","Reckless Charge+1","Cold Snap+1"],"picked":"SKIP","floor":80},{"not_picked":["Blur","Underhanded Strike+1","Bane+1"],"picked":"SKIP","floor":82},{"not_picked":["Cold Snap+1","Ball Lightning+1","Skewer+1"],"picked":"SKIP","floor":82},{"not_picked":["Body Slam+1","Deep Breath+1"],"picked":"Deflect+1","floor":86},{"not_picked":["Well Laid Plans","Streamline+1","Shrug It Off+1"],"picked":"SKIP","floor":86},{"not_picked":["Skewer+1","Tactician+1","Bane+1"],"picked":"SKIP","floor":92},{"not_picked":["Go for the Eyes+1","Expertise+1","Sweeping Beam+1"],"picked":"SKIP","floor":92},{"not_picked":["Predator+1","Stack+1","Malaise"],"picked":"SKIP","floor":94},{"not_picked":["Well Laid Plans","Quick Slash+1"],"picked":"Backflip+1","floor":95},{"not_picked":["Concentrate+1","Prepared","PiercingWail+1"],"picked":"SKIP","floor":95},{"not_picked":["Self Repair","Coolheaded","All Out Attack+1"],"picked":"SKIP","floor":98},{"not_picked":["Coolheaded","Scrape+1","Caltrops"],"picked":"SKIP","floor":98},{"not_picked":["Barrage+1","Dramatic Entrance+1","Turbo+1"],"picked":"SKIP","floor":99}],"player_experience":69501,"relics_obtained":[{"floor":9,"key":"Mercury Hourglass"},{"floor":20,"key":"Meat on the Bone"},{"floor":26,"key":"War Paint"},{"floor":28,"key":"Gambling Chip"},{"floor":28,"key":"Blue Candle"},{"floor":31,"key":"Vajra"},{"floor":36,"key":"The Specimen"},{"floor":41,"key":"Orichalcum"},{"floor":43,"key":"Oddly Smooth Stone"},{"floor":44,"key":"Turnip"},{"floor":60,"key":"Sundial"},{"floor":66,"key":"The Courier"},{"floor":78,"key":"Molten Egg 2"},{"floor":83,"key":"Mango"},{"floor":87,"key":"Dead Branch"},{"floor":91,"key":"Mummified Hand"},{"floor":100,"key":"Calipers"}],"event_choices":[{"damage_healed":0,"gold_gain":0,"player_choice":"Success","damage_taken":12,"relics_obtained":["Smiling Mask"],"max_hp_gain":0,"max_hp_loss":0,"event_name":"Scrap Ooze","floor":3,"gold_loss":0},{"damage_healed":0,"gold_gain":0,"player_choice":"Take Damage","damage_taken":17,"relics_obtained":["Golden Idol"],"max_hp_gain":0,"max_hp_loss":0,"event_name":"Golden Idol","floor":5,"gold_loss":0},{"damage_healed":0,"gold_gain":175,"player_choice":"AGREE","damage_taken":0,"max_hp_gain":0,"max_hp_loss":0,"event_name":"Liars Game","floor":13,"gold_loss":0,"cards_obtained":["Doubt"]},{"cards_removed":["Flechettes"],"damage_healed":0,"gold_gain":0,"player_choice":"Elegance","damage_taken":0,"max_hp_gain":0,"max_hp_loss":0,"event_name":"Back to Basics","floor":19,"gold_loss":0},{"damage_healed":0,"gold_gain":0,"player_choice":"Ignored","damage_taken":0,"max_hp_gain":0,"max_hp_loss":0,"event_name":"Vampires","floor":21,"gold_loss":0},{"damage_healed":0,"gold_gain":0,"player_choice":"Joined the Cult","damage_taken":6,"max_hp_gain":0,"max_hp_loss":0,"event_name":"Nest","floor":27,"gold_loss":0,"cards_obtained":["RitualDagger"]},{"damage_healed":0,"gold_gain":0,"player_choice":"Fight","damage_taken":0,"max_hp_gain":0,"max_hp_loss":0,"event_name":"Colosseum","floor":28,"gold_loss":0},{"damage_healed":0,"gold_gain":0,"player_choice":"Fought Nobs","damage_taken":0,"max_hp_gain":0,"max_hp_loss":0,"event_name":"Colosseum","floor":28,"gold_loss":0},{"damage_healed":0,"gold_gain":0,"player_choice":"Fight","damage_taken":0,"max_hp_gain":0,"max_hp_loss":0,"event_name":"MindBloom","floor":36,"gold_loss":0},{"damage_healed":0,"gold_gain":0,"player_choice":"Ignored","damage_taken":0,"max_hp_gain":0,"max_hp_loss":0,"event_name":"Tomb of Lord Red Mask","floor":37,"gold_loss":0},{"damage_healed":0,"gold_gain":0,"player_choice":"Upgraded","damage_taken":0,"max_hp_gain":0,"max_hp_loss":0,"event_name":"Upgrade Shrine","floor":39,"gold_loss":0,"cards_upgraded":["Footwork"]},{"cards_removed":["Deadly Poison"],"damage_healed":0,"gold_gain":0,"player_choice":"Removed Skill","damage_taken":0,"max_hp_gain":0,"max_hp_loss":0,"event_name":"Falling","floor":46,"gold_loss":0},{"damage_healed":0,"gold_gain":0,"player_choice":"Memory 3","damage_taken":10,"max_hp_gain":0,"max_hp_loss":0,"event_name":"SensoryStone","floor":48,"gold_loss":0},{"damage_healed":0,"gold_gain":0,"player_choice":"Box","damage_taken":0,"relics_obtained":["Paper Crane"],"max_hp_gain":0,"max_hp_loss":0,"event_name":"Big Fish","floor":53,"gold_loss":0,"cards_obtained":["Regret"]},{"cards_removed":["Regret"],"damage_healed":0,"gold_gain":0,"player_choice":"Removed Curses","damage_taken":0,"max_hp_gain":0,"max_hp_loss":0,"event_name":"Fountain of Cleansing","floor":54,"gold_loss":0},{"damage_healed":0,"gold_gain":175,"player_choice":"AGREE","damage_taken":0,"max_hp_gain":0,"max_hp_loss":0,"event_name":"Liars Game","floor":56,"gold_loss":0,"cards_obtained":["Doubt"]},{"cards_removed":["Doubt"],"damage_healed":0,"gold_gain":0,"player_choice":"Card Removal","damage_taken":0,"max_hp_gain":0,"max_hp_loss":0,"event_name":"The Cleric","floor":58,"gold_loss":50},{"damage_healed":0,"gold_gain":0,"player_choice":"Success","damage_taken":12,"relics_obtained":["Centennial Puzzle"],"max_hp_gain":0,"max_hp_loss":0,"event_name":"Scrap Ooze","floor":59,"gold_loss":0},{"damage_healed":0,"gold_gain":0,"player_choice":"Trade","damage_taken":0,"relics_obtained":["CultistMask"],"max_hp_gain":0,"max_hp_loss":0,"event_name":"FaceTrader","floor":70,"gold_loss":0},{"damage_healed":0,"gold_gain":0,"player_choice":"Shed Blood","damage_taken":18,"max_hp_gain":5,"max_hp_loss":0,"event_name":"Forgotten Altar","floor":72,"gold_loss":0},{"damage_healed":0,"gold_gain":0,"player_choice":"Ignored","damage_taken":0,"max_hp_gain":0,"max_hp_loss":0,"event_name":"Ghosts","floor":81,"gold_loss":0},{"damage_healed":0,"gold_gain":0,"player_choice":"Fight","damage_taken":0,"max_hp_gain":0,"max_hp_loss":0,"event_name":"Mysterious Sphere","floor":87,"gold_loss":0},{"damage_healed":0,"gold_gain":0,"player_choice":"Memory 3","damage_taken":10,"max_hp_gain":0,"max_hp_loss":0,"event_name":"SensoryStone","floor":88,"gold_loss":0},{"damage_healed":0,"gold_gain":0,"player_choice":"Paid","damage_taken":0,"relics_obtained":["Red Mask"],"max_hp_gain":0,"max_hp_loss":0,"event_name":"Tomb of Lord Red Mask","floor":90,"gold_loss":134},{"damage_healed":0,"gold_gain":0,"player_choice":"Ignored","damage_taken":0,"max_hp_gain":0,"max_hp_loss":0,"event_name":"SecretPortal","floor":93,"gold_loss":0},{"cards_removed":["Flying Knee"],"damage_healed":0,"gold_gain":0,"player_choice":"Removed Attack","damage_taken":0,"max_hp_gain":0,"max_hp_loss":0,"event_name":"Falling","floor":96,"gold_loss":0}],"is_beta":false,"boss_relics":[{"not_picked":["Busted Crown","Fusion Hammer"],"picked":"Lizard Tail"},{"not_picked":["Runic Dome","Runic Pyramid"],"picked":"Philosopher\u0027s Stone"},{"not_picked":["Empty Cage","Orrery"],"picked":"Cursed Key"},{"not_picked":["Velvet Choker","Astrolabe"],"picked":"Coffee Dripper"},{"not_picked":["Empty Cage","Black Star"],"picked":"Eternal Feather"},{"not_picked":["Runic Dome","Snecko Eye"],"picked":"Fusion Hammer"}],"items_purged_floors":[14,30,38,64,71,75,89,97],"is_endless":true,"potions_floor_spawned":[1,4,22,28,35,62,65,76,80,82,92,94,98,99],"ascension_level":0}