{"gold_per_floor":[118,129,49,59,77,77,92,92,116,148,164,164],"floor_reached":12,"playtime":586,"items_purged":[],"score":189,"play_id":"3d40fa97-8472-472e-a6a0-3977fa208725","local_time":"20190609214931","is_ascension_mode":true,"campfire_choices":[{"data":"Feed","floor":6,"key":"SMITH"},{"data":"Bash","floor":8,"key":"SMITH"}],"neow_cost":"NONE","seed_source_timestamp":1012061036210475,"circlet_count":0,"master_deck":["AscendersBane","Strike_R","Strike_R","Strike_R","Strike_R","Strike_R","Defend_R","Defend_R","Defend_R","Defend_R","Bash+1","Feed+1","Flame Barrier","Shrug It Off","Feel No Pain","Feel No Pain","Feel No Pain","Shrug It Off","Headbutt","Wild Strike"],"relics":["Burning Blood","Bronze Scales","Potion Belt"],"potions_floor_usage":[5,12],"damage_taken":[{"damage":6,"enemies":"Cultist","floor":1,"turns":3},{"damage":18,"enemies":"Jaw Worm","floor":2,"turns":7},{"damage":0,"enemies":"2 Louse","floor":4,"turns":3},{"damage":9,"enemies":"Gremlin Gang","floor":5,"turns":8},{"damage":28,"enemies":"Blue Slaver","floor":7,"turns":6},{"damage":20,"enemies":"3 Sentries","floor":10,"turns":15},{"damage":8,"enemies":"Exordium Wildlife","floor":11,"turns":3},{"damage":48,"enemies":"Lagavulin","floor":12,"turns":10}],"seed_played":"-3464979922040926655","potions_obtained":[{"floor":1,"key":"Fire Potion"},{"floor":5,"key":"LiquidBronze"},{"floor":7,"key":"LiquidBronze"},{"floor":10,"key":"AttackPotion"}],"is_trial":false,"path_per_floor":["M","M","$","M","M","R","M","R","T","E","M","E"],"character_chosen":"IRONCLAD","items_purchased":["Feel No Pain"],"campfire_rested":0,"item_purchase_floors":[3],"current_hp_per_floor":[71,62,62,71,71,71,53,53,53,43,45,0],"gold":164,"neow_bonus":"ONE_RANDOM_RARE_CARD","is_prod":false,"is_daily":false,"chose_seed":false,"campfire_upgraded":2,"win_rate":0,"timestamp":1560134971,"path_taken":["M","M","$","M","M","R","M","R","T","E","M","E"],"build_version":"2019-01-23","purchased_purges":0,"victory":false,"max_hp_per_floor":[78,81,81,84,87,87,91,91,91,95,99,99],"card_choices":[{"not_picked":["Flex","Clothesline"],"picked":"Flame Barrier","floor":1},{"not_picked":["Flex","Iron Wave"],"picked":"Shrug It Off","floor":2},{"not_picked":["Heavy Blade","Perfected Strike"],"picked":"Feel No Pain","floor":4},{"not_picked":["Wild Strike","Sword Boomerang"],"picked":"Feel No Pain","floor":5},{"not_picked":["Bludgeon","Entrench"],"picked":"Shrug It Off","floor":7},{"not_picked":["Perfected Strike","Twin Strike"],"picked":"Headbutt","floor":10},{"not_picked":["Searing Blow","Power Through"],"picked":"Wild Strike","floor":11}],"player_experience":1743376,"relics_obtained":[{"floor":9,"key":"Bronze Scales"},{"floor":10,"key":"Potion Belt"}],"event_choices":[],"is_beta":false,"boss_relics":[],"items_purged_floors":[],"is_endless":false,"potions_floor_spawned":[1,5,7,10],"killed_by":"Lagavulin","ascension_level":20}