{"gold_per_floor":[113,129,129,26,41,75,75,135,181,181],"floor_reached":10,"playtime":254,"items_purged":["Strike_G"],"score":152,"play_id":"fa761321-0ed0-45c3-b61e-3392a248f23f","local_time":"20190630194938","is_ascension_mode":true,"campfire_choices":[{"data":"Skewer","floor":7,"key":"SMITH"}],"neow_cost":"NONE","seed_source_timestamp":550975759726503,"circlet_count":0,"master_deck":["AscendersBane","Strike_G","Strike_G","Strike_G","Defend_G","Defend_G","Defend_G","Defend_G","Defend_G","Survivor","Neutralize","Dagger Throw","Skewer+1","Deadly Poison","Quick Slash","Leg Sweep","Deflect"],"relics":["Ring of the Snake","NeowsBlessing","Molten Egg 2","Tiny Chest","Snake Skull"],"potions_floor_usage":[6,6],"damage_taken":[{"damage":0,"enemies":"Jaw Worm","floor":1,"turns":1},{"damage":0,"enemies":"Cultist","floor":2,"turns":1},{"damage":0,"enemies":"2 Louse","floor":5,"turns":1},{"damage":24,"enemies":"Lagavulin","floor":6,"turns":7},{"damage":32,"enemies":"Gremlin Nob","floor":8,"turns":4},{"damage":3,"enemies":"Blue Slaver","floor":10,"turns":2}],"seed_played":"7219602844192929549","potions_obtained":[{"floor":1,"key":"SkillPotion"},{"floor":5,"key":"PowerPotion"}],"is_trial":false,"path_per_floor":["M","M","?","$","M","E","R","E","T","M"],"character_chosen":"THE_SILENT","items_purchased":["Deadly Poison"],"campfire_rested":0,"item_purchase_floors":[4],"current_hp_per_floor":[59,59,59,59,59,35,35,3,3,0],"gold":181,"neow_bonus":"THREE_ENEMY_KILL","is_prod":false,"is_daily":false,"chose_seed":false,"campfire_upgraded":1,"win_rate":0,"timestamp":1561942178,"path_taken":["M","M","?","$","?","E","R","E","T","M"],"build_version":"2019-06-29","purchased_purges":1,"victory":false,"max_hp_per_floor":[66,66,66,66,66,66,66,66,66,66],"card_choices":[{"not_picked":["Heel Hook","Deflect"],"picked":"Dagger Throw","floor":1},{"not_picked":["Deflect","Finisher"],"picked":"Skewer","floor":2},{"not_picked":["Setup","Bane"],"picked":"Quick Slash","floor":5},{"not_picked":["Deadly Poison","Bane"],"picked":"Leg Sweep","floor":6},{"not_picked":["Blade Dance","Dodge and Roll"],"picked":"Deflect","floor":8}],"player_experience":1607175,"relics_obtained":[{"floor":6,"key":"Molten Egg 2"},{"floor":8,"key":"Tiny Chest"},{"floor":9,"key":"Snake Skull"}],"event_choices":[{"cards_removed":["Strike_G"],"damage_healed":0,"gold_gain":0,"player_choice":"Purged","damage_taken":0,"max_hp_gain":0,"max_hp_loss":0,"event_name":"Purifier","floor":3,"gold_loss":0}],"is_beta":true,"boss_relics":[],"items_purged_floors":[4],"is_endless":false,"potions_floor_spawned":[1,5],"killed_by":"Blue Slaver","ascension_level":20}