{"gold_per_floor":[217,61,5,5,24,24,54,54,54,87,87,98,114,25,25,99,99,109,34,34,45,45,80,52,52,52,52,70,70,125,136,136,136],"floor_reached":33,"playtime":1215,"items_purged":["Strike_B"],"score":582,"play_id":"b622359b-09a8-4a6c-8313-826fcfcf77bd","local_time":"20190614015924","is_ascension_mode":true,"campfire_choices":[{"data":"Zap","floor":6,"key":"SMITH"},{"data":"Static Discharge","floor":8,"key":"SMITH"},{"data":"Genetic Algorithm","floor":11,"key":"SMITH"},{"data":"Consume","floor":15,"key":"SMITH"},{"data":"Fusion","floor":27,"key":"SMITH"},{"floor":29,"key":"REST"},{"floor":32,"key":"REST"}],"neow_cost":"NONE","seed_source_timestamp":1372025187416045,"circlet_count":0,"master_deck":["AscendersBane","Defend_B","Defend_B","Defend_B","Defend_B","Zap+1","Dualcast","Static Discharge+1","Core Surge","Reinforced Body","Coolheaded","Genetic Algorithm+1","Undo","Gash","Consume+1","Electrodynamics","Scrape+1","Scrape+1","Sunder+1","Compile Driver","Pain","Fusion+1","Loop","Coolheaded","Ghostly","Ghostly","Ghostly","Hologram","Chill","Hologram"],"relics":["Cracked Core","Bronze Scales","Gremlin Horn","Pear","Astrolabe","WarpedTongs","Molten Egg 2","Vajra","Tiny Chest"],"potions_floor_usage":[7,10,16,23,23,23,30,31],"damage_taken":[{"damage":1,"enemies":"Cultist","floor":1,"turns":3},{"damage":2,"enemies":"Jaw Worm","floor":5,"turns":3},{"damage":8,"enemies":"Lagavulin","floor":7,"turns":10},{"damage":12,"enemies":"3 Sentries","floor":10,"turns":5},{"damage":0,"enemies":"2 Louse","floor":12,"turns":2},{"damage":12,"enemies":"Exordium Thugs","floor":13,"turns":3},{"damage":2,"enemies":"Slime Boss","floor":16,"turns":7},{"damage":13,"enemies":"3 Byrds","floor":18,"turns":4},{"damage":11,"enemies":"Spheric Guardian","floor":21,"turns":4},{"damage":16,"enemies":"Gremlin Leader","floor":23,"turns":5},{"damage":17,"enemies":"Centurion and Healer","floor":28,"turns":11},{"damage":12,"enemies":"Book of Stabbing","floor":30,"turns":5},{"damage":11,"enemies":"Snake Plant","floor":31,"turns":3},{"damage":23,"enemies":"Collector","floor":33,"turns":6}],"seed_played":"8838644945950995244","potions_obtained":[{"floor":1,"key":"SkillPotion"},{"floor":7,"key":"EntropicBrew"},{"floor":13,"key":"PowerPotion"},{"floor":16,"key":"SpeedPotion"},{"floor":23,"key":"Block Potion"},{"floor":28,"key":"EssenceOfSteel"}],"is_trial":false,"path_per_floor":["M","$","$","?","M","R","E","R","T","E","R","M","M","$","R","B",null,"M","$","?","M","?","E","$","?","T","R","M","R","E","M","R","B"],"character_chosen":"DEFECT","items_purchased":["Core Surge","AttackPotion","Consume","Coolheaded"],"campfire_rested":2,"item_purchase_floors":[2,3,14,24],"current_hp_per_floor":[63,63,63,63,61,61,53,53,53,51,51,51,39,39,39,37,70,57,57,57,46,46,30,30,30,30,30,13,25,13,2,14,0],"gold":136,"neow_bonus":"HUNDRED_GOLD","is_prod":false,"is_daily":false,"chose_seed":false,"campfire_upgraded":5,"win_rate":0,"timestamp":1560495564,"path_taken":["M","?","$","?","M","R","E","R","T","E","R","M","M","$","R","BOSS","M","$","?","?","?","E","?","?","T","R","?","R","E","M","R","BOSS"],"build_version":"2019-01-23","purchased_purges":1,"victory":false,"max_hp_per_floor":[71,71,71,71,71,71,71,71,71,81,81,81,81,81,81,81,81,81,81,81,81,81,81,81,40,40,40,40,40,40,40,40,40],"card_choices":[{"not_picked":["Darkness","Rebound"],"picked":"Static Discharge","floor":1},{"not_picked":["Rebound","Auto Shields"],"picked":"Reinforced Body","floor":5},{"not_picked":["Cold Snap","Undo"],"picked":"Coolheaded","floor":7},{"not_picked":["Recycle","Sweeping Beam"],"picked":"Genetic Algorithm","floor":10},{"not_picked":["Skim","Beam Cell"],"picked":"Undo","floor":12},{"not_picked":["Beam Cell","Chaos"],"picked":"Gash","floor":13},{"not_picked":["Meteor Strike","Buffer"],"picked":"Electrodynamics","floor":16},{"not_picked":["Sweeping Beam","Rebound"],"picked":"Compile Driver","floor":18},{"not_picked":["Compile Driver+1","Steam Power"],"picked":"Fusion","floor":21},{"not_picked":["Hologram","Compile Driver"],"picked":"Loop","floor":23},{"not_picked":["Compile Driver+1","Streamline+1"],"picked":"Hologram","floor":28},{"not_picked":["Amplify","Rebound+1"],"picked":"Chill","floor":30},{"not_picked":["Redo","Stack"],"picked":"Hologram","floor":31}],"player_experience":1779095,"relics_obtained":[{"floor":7,"key":"Bronze Scales"},{"floor":9,"key":"Gremlin Horn"},{"floor":10,"key":"Pear"},{"floor":23,"key":"Molten Egg 2"},{"floor":26,"key":"Vajra"},{"floor":30,"key":"Tiny Chest"}],"event_choices":[{"damage_healed":0,"gold_gain":0,"player_choice":"Ignored","damage_taken":0,"max_hp_gain":0,"max_hp_loss":0,"event_name":"Liars Game","floor":4,"gold_loss":0},{"damage_healed":0,"gold_gain":0,"player_choice":"Rummage","damage_taken":0,"relics_obtained":["WarpedTongs"],"max_hp_gain":0,"max_hp_loss":0,"event_name":"Accursed Blacksmith","floor":20,"gold_loss":0,"cards_obtained":["Pain"]},{"damage_healed":0,"gold_gain":0,"player_choice":"Got Potions","damage_taken":0,"max_hp_gain":0,"max_hp_loss":0,"event_name":"Lab","floor":22,"gold_loss":0},{"damage_healed":0,"gold_gain":0,"player_choice":"Became a Ghost","damage_taken":0,"max_hp_gain":0,"max_hp_loss":41,"event_name":"Ghosts","floor":25,"gold_loss":0,"cards_obtained":["Ghostly","Ghostly","Ghostly"]}],"is_beta":false,"boss_relics":[{"not_picked":["Empty Cage","Black Star"],"picked":"Astrolabe"}],"items_purged_floors":[19],"is_endless":false,"potions_floor_spawned":[1,5,7,13,16,23,28],"killed_by":"Collector","ascension_level":20}