{"gold_per_floor":[212,212,225,239,6,6,35,35,35,35,35,66,66,341,341,418,418,436,456,8,22,22],"floor_reached":22,"playtime":586,"items_purged":[],"score":399,"play_id":"e567caaa-2817-4c04-8477-60a03696bf31","local_time":"20190630153244","is_ascension_mode":true,"campfire_choices":[{"data":"Sunder","floor":6.0,"key":"SMITH"},{"floor":8.0,"key":"REST"},{"data":"Static Discharge","floor":11.0,"key":"SMITH"},{"data":"Zap","floor":13.0,"key":"SMITH"},{"floor":15.0,"key":"DIG"}],"neow_cost":"NONE","seed_source_timestamp":535208738645422,"circlet_count":0,"master_deck":["AscendersBane","Strike_B","Strike_B+1","Strike_B","Strike_B","Defend_B","Defend_B+1","Defend_B","Defend_B","Zap+1","Dualcast","Sweeping Beam","Static Discharge+1","Sunder+1","Seek","Barrage","Regret","Thunder Strike","Darkness+1","Defragment","Barrage+1"],"special_seed":0,"relics":["Cracked Core","Centennial Puzzle","Du-Vu Doll","Shovel","Darkstone Periapt","Potion Belt","Busted Crown","Mango"],"potions_floor_usage":[21,22],"damage_taken":[{"damage":1.0,"enemies":"2 Louse","floor":1.0,"turns":2.0},{"damage":0.0,"enemies":"Jaw Worm","floor":3.0,"turns":3.0},{"damage":0.0,"enemies":"Cultist","floor":4.0,"turns":3.0},{"damage":27.0,"enemies":"Lagavulin","floor":7.0,"turns":6.0},{"damage":19.0,"enemies":"3 Sentries","floor":12.0,"turns":5.0},{"damage":19.0,"enemies":"Hexaghost","floor":16.0,"turns":5.0},{"damage":12,"enemies":"3 Byrds","floor":18,"turns":3},{"damage":3,"enemies":"Chosen","floor":19,"turns":3},{"damage":28,"enemies":"Snecko","floor":21,"turns":4},{"damage":44,"enemies":"Sentry and Sphere","floor":22,"turns":3}],"seed_played":"-8659913394511556384","potions_obtained":[{"floor":3.0,"key":"Dexterity Potion"},{"floor":12.0,"key":"FocusPotion"},{"floor":16.0,"key":"Dexterity Potion"},{"floor":18,"key":"Ancient Potion"}],"is_trial":false,"path_per_floor":["M","?","M","M","$","R","E","R","T","?","R","E","R","?","R","B",null,"M","M","$","M","M"],"character_chosen":"DEFECT","items_purchased":["Centennial Puzzle","Seek","Defragment","Mango","PowerPotion"],"campfire_rested":1,"item_purchase_floors":[5,5,20,20,20],"current_hp_per_floor":[63,42,42,42,42,42,15,36,36,41,41,22,22,28,28,9,64,52,49,63,35,0],"gold":22,"neow_bonus":"HUNDRED_GOLD","is_prod":false,"is_daily":false,"chose_seed":false,"campfire_upgraded":3,"win_rate":0,"timestamp":1561926764,"path_taken":["M","?","M","M","$","R","E","R","T","?","R","E","R","?","R","BOSS","M","M","$","M","M"],"build_version":"2019-06-29","purchased_purges":0,"victory":false,"max_hp_per_floor":[71,71,71,71,71,71,71,71,71,76,76,76,76,82,82,82,82,82,82,96,96,96],"card_choices":[{"not_picked":["Storm","Turbo"],"picked":"Sweeping Beam","floor":1.0},{"not_picked":["Gash","Rebound"],"picked":"Static Discharge","floor":3.0},{"not_picked":["Cold Snap","Ball Lightning"],"picked":"Sunder","floor":4.0},{"not_picked":["Tempest","Hologram"],"picked":"Barrage","floor":7.0},{"not_picked":["Double Energy","Stack","Sunder"],"picked":"SKIP","floor":12.0},{"not_picked":["Meteor Strike","Creative AI"],"picked":"Thunder Strike","floor":16.0},{"not_picked":["Fusion"],"picked":"SKIP","floor":18},{"not_picked":[],"picked":"Darkness+1","floor":19},{"not_picked":[],"picked":"Barrage+1","floor":21}],"player_experience":1593606,"relics_obtained":[{"floor":7.0,"key":"Du-Vu Doll"},{"floor":9.0,"key":"Shovel"},{"floor":12.0,"key":"Darkstone Periapt"},{"floor":15.0,"key":"Potion Belt"}],"event_choices":[{"damage_healed":0.0,"max_hp_gain":0.0,"max_hp_loss":0.0,"gold_gain":0.0,"event_name":"Shining Light","player_choice":"Entered Light","floor":2.0,"gold_loss":0.0,"damage_taken":21.0,"cards_upgraded":["Strike_B","Defend_B"]},{"damage_healed":0.0,"max_hp_gain":5.0,"max_hp_loss":0.0,"gold_gain":0.0,"event_name":"Big Fish","player_choice":"Donut","floor":10.0,"gold_loss":0.0,"damage_taken":0.0},{"damage_healed":0.0,"max_hp_gain":0.0,"max_hp_loss":0.0,"gold_gain":275.0,"event_name":"Golden Shrine","player_choice":"Desecrate","floor":14.0,"gold_loss":0.0,"damage_taken":0.0,"cards_obtained":["Regret"]}],"is_beta":true,"boss_relics":[{"not_picked":["Orrery","Pandora\u0027s Box"],"picked":"Busted Crown"}],"items_purged_floors":[],"is_endless":false,"potions_floor_spawned":[3,12,16,18],"killed_by":"Sentry and Sphere","ascension_level":19}