{"gold_per_floor":[111,6,17,17,17,17,49,14,14,33,33,59,77,110,110,187,187,201,214,129,54,104,104,131,55,55,55,88,88,100,112,112,190,190,209,222,222,222,234,264,264,291,291,303,303],"floor_reached":45,"playtime":2766,"items_purged":["Strike_G"],"score":1158,"play_id":"3555bca9-c916-4f38-afd2-d184e46ff26f","local_time":"20190702023005","is_ascension_mode":true,"campfire_choices":[{"floor":6.0,"key":"REST"},{"floor":11.0,"key":"REST"},{"floor":15,"key":"REST"},{"data":"Well Laid Plans","floor":23,"key":"SMITH"},{"floor":27,"key":"REST"},{"data":"Footwork","floor":29,"key":"SMITH"},{"data":"Envenom","floor":32,"key":"SMITH"},{"floor":41,"key":"RECALL"}],"neow_cost":"NONE","seed_source_timestamp":658708389906173,"circlet_count":0,"master_deck":["AscendersBane","Defend_G","Defend_G","Defend_G+1","Defend_G+1","Defend_G","Survivor","Neutralize+1","Quick Slash","Well Laid Plans+1","Dagger Spray+1","PiercingWail","Footwork+1","Cloak And Dagger","Envenom+1","Backflip","Bouncing Flask","Skewer","All Out Attack+1","Acrobatics","Die Die Die","Acrobatics","Footwork","Dark Shackles","Bandage Up","Flash of Steel","Calculated Gamble+1","Flechettes","Writhe","Parasite","Riddle With Holes"],"special_seed":0,"relics":["Ring of the Snake","Lantern","Thread and Needle","Whetstone","Snake Skull","Cursed Key","Bronze Scales","Dodecahedron","Gremlin Horn","Empty Cage","Bottled Flame","Ice Cream"],"potions_floor_usage":[16,39],"damage_taken":[{"damage":9.0,"enemies":"Jaw Worm","floor":1.0,"turns":6.0},{"damage":0.0,"enemies":"Small Slimes","floor":3.0,"turns":4.0},{"damage":38.0,"enemies":"Gremlin Nob","floor":7.0,"turns":5.0},{"damage":0.0,"enemies":"2 Louse","floor":10.0,"turns":2.0},{"damage":0.0,"enemies":"3 Sentries","floor":12.0,"turns":12.0},{"damage":0.0,"enemies":"Large Slime","floor":13.0,"turns":6.0},{"damage":14,"enemies":"Lagavulin","floor":14,"turns":9},{"damage":34,"enemies":"Slime Boss","floor":16,"turns":12},{"damage":0,"enemies":"Shell Parasite","floor":18,"turns":7},{"damage":0,"enemies":"3 Byrds","floor":19,"turns":4},{"damage":28,"enemies":"Gremlin Leader","floor":24,"turns":7},{"damage":0,"enemies":"Book of Stabbing","floor":28,"turns":5},{"damage":0,"enemies":"3 Cultists","floor":30,"turns":4},{"damage":0,"enemies":"Snake Plant","floor":31,"turns":4},{"damage":41,"enemies":"Automaton","floor":33,"turns":12},{"damage":0,"enemies":"3 Darklings","floor":35,"turns":4},{"damage":2,"enemies":"Orb Walker","floor":36,"turns":3},{"damage":0,"enemies":"Spire Growth","floor":39,"turns":7},{"damage":7,"enemies":"Nemesis","floor":40,"turns":9},{"damage":1,"enemies":"Reptomancer","floor":42,"turns":5},{"damage":6,"enemies":"Writhing Mass","floor":44,"turns":6},{"damage":65,"enemies":"Transient","floor":45,"turns":6}],"seed_played":"-4627456821340151072","potions_obtained":[{"floor":0.0,"key":"SteroidPotion"},{"floor":0.0,"key":"PowerPotion"},{"floor":3.0,"key":"Fire Potion"},{"floor":7.0,"key":"Regen Potion"},{"floor":13.0,"key":"PowerPotion"},{"floor":19,"key":"Ancient Potion"},{"floor":30,"key":"Poison Potion"},{"floor":33,"key":"Ancient Potion"},{"floor":40,"key":"FairyPotion"}],"is_trial":false,"path_per_floor":["M","$","M","?","?","R","E","?","T","M","R","E","M","E","R","B",null,"M","M","?","?","?","R","E","$","T","R","E","R","M","M","R","B",null,"M","M","?","?","M","E","R","E","T","M","M"],"character_chosen":"THE_SILENT","items_purchased":["Quick Slash","Skewer"],"campfire_rested":4,"item_purchase_floors":[2,25],"current_hp_per_floor":[50,50,50,43,23,42,4,4,4,4,23,38,38,24,43,9,52,52,52,52,52,52,52,24,24,24,43,43,43,43,43,43,2,50,50,48,38,38,42,39,39,42,42,40,0],"gold":303,"neow_bonus":"THREE_SMALL_POTIONS","is_prod":false,"is_daily":false,"chose_seed":false,"campfire_upgraded":3,"win_rate":0,"timestamp":1562052605,"path_taken":["M","$","M","?","?","R","E","?","T","M","R","E","M","E","R","BOSS","M","M","?","?","?","R","E","$","T","R","E","R","M","M","R","BOSS","M","M","?","?","?","E","R","E","T","M","M"],"build_version":"2019-06-30","purchased_purges":1,"victory":false,"max_hp_per_floor":[66,66,66,66,66,66,66,66,66,66,66,66,66,66,66,66,66,66,66,66,66,66,66,66,66,66,66,66,66,66,66,66,66,66,66,66,66,66,66,66,66,66,66,66,66],"card_choices":[{"not_picked":["Underhanded Strike","Outmaneuver","Distraction"],"picked":"SKIP","floor":1.0},{"not_picked":["Underhanded Strike","Prepared"],"picked":"Well Laid Plans","floor":3.0},{"not_picked":["Finisher","Doppelganger"],"picked":"Dagger Spray","floor":7.0},{"not_picked":["Acrobatics","Distraction","Reflex"],"picked":"SKIP","floor":10.0},{"not_picked":["Slice","Underhanded Strike"],"picked":"PiercingWail","floor":12.0},{"not_picked":["Backflip","Crippling Poison"],"picked":"Footwork","floor":13.0},{"not_picked":["Flying Knee","Outmaneuver"],"picked":"Cloak And Dagger","floor":14},{"not_picked":["Storm of Steel","Night Terror"],"picked":"Envenom","floor":16},{"not_picked":["Flying Knee","Calculated Gamble+1"],"picked":"Backflip","floor":18},{"not_picked":["Well Laid Plans","Prepared","Outmaneuver"],"picked":"SKIP","floor":19},{"not_picked":["Outmaneuver","Expertise+1"],"picked":"Bouncing Flask","floor":24},{"not_picked":["Dagger Throw","Outmaneuver"],"picked":"All Out Attack+1","floor":28},{"not_picked":["Expertise","Outmaneuver+1","Slice"],"picked":"SKIP","floor":30},{"not_picked":["Finisher","Deflect"],"picked":"Acrobatics","floor":31},{"not_picked":["Storm of Steel","Unload"],"picked":"Die Die Die","floor":33},{"not_picked":["Well Laid Plans","Slice"],"picked":"Acrobatics","floor":35},{"not_picked":["Dagger Throw","Dodge and Roll+1"],"picked":"Footwork","floor":36},{"not_picked":["Enlightenment","Jack Of All Trades"],"picked":"Dark Shackles","floor":37},{"not_picked":["Chrysalis","Mayhem"],"picked":"Bandage Up","floor":37},{"not_picked":["Trip","Chrysalis"],"picked":"Flash of Steel","floor":37},{"not_picked":["Finisher","Flying Knee"],"picked":"Calculated Gamble+1","floor":39},{"not_picked":["Poisoned Stab+1","Accuracy"],"picked":"Flechettes","floor":40},{"not_picked":["Bane","Flying Knee","Prepared"],"picked":"SKIP","floor":42},{"not_picked":["Flechettes","Calculated Gamble"],"picked":"Riddle With Holes","floor":44}],"player_experience":1646790,"relics_obtained":[{"floor":7.0,"key":"Lantern"},{"floor":9.0,"key":"Thread and Needle"},{"floor":12.0,"key":"Whetstone"},{"floor":14,"key":"Snake Skull"},{"floor":24,"key":"Dodecahedron"},{"floor":28,"key":"Gremlin Horn"},{"floor":40,"key":"Bottled Flame"},{"floor":42,"key":"Ice Cream"}],"event_choices":[{"cards_removed":["Strike_G"],"damage_healed":0.0,"max_hp_gain":0.0,"max_hp_loss":0.0,"gold_gain":0.0,"event_name":"Golden Wing","player_choice":"Card Removal","floor":4.0,"gold_loss":0.0,"damage_taken":7.0},{"damage_healed":0.0,"max_hp_gain":0.0,"max_hp_loss":0.0,"gold_gain":0.0,"event_name":"Shining Light","player_choice":"Entered Light","floor":5.0,"gold_loss":0.0,"damage_taken":20.0,"cards_upgraded":["Defend_G","Defend_G"]},{"damage_healed":0.0,"max_hp_gain":0.0,"max_hp_loss":0.0,"gold_gain":0.0,"event_name":"World of Goop","player_choice":"Left Gold","floor":8.0,"gold_loss":35.0,"damage_taken":0.0},{"damage_healed":0,"gold_gain":0,"player_choice":"Obtained Relic","damage_taken":0,"relics_obtained":["Bronze Scales"],"max_hp_gain":0,"max_hp_loss":0,"event_name":"Addict","floor":20,"gold_loss":85},{"cards_removed":["Strike_G"],"damage_healed":0,"gold_gain":0,"player_choice":"Gave Gold","damage_taken":0,"max_hp_gain":0,"max_hp_loss":0,"event_name":"Beggar","floor":21,"gold_loss":75},{"damage_healed":0,"gold_gain":50,"player_choice":"Stole From Cult","damage_taken":0,"max_hp_gain":0,"max_hp_loss":0,"event_name":"Nest","floor":22,"gold_loss":0},{"damage_healed":0,"gold_gain":0,"player_choice":"Memory 3","damage_taken":10,"max_hp_gain":0,"max_hp_loss":0,"event_name":"SensoryStone","floor":37,"gold_loss":0},{"damage_healed":0,"gold_gain":0,"player_choice":"Ignored","damage_taken":0,"max_hp_gain":0,"max_hp_loss":0,"event_name":"SecretPortal","floor":38,"gold_loss":0}],"is_beta":true,"boss_relics":[{"not_picked":["Runic Dome","Snecko Eye"],"picked":"Cursed Key"},{"not_picked":["Philosopher\u0027s Stone","Eternal Feather"],"picked":"Empty Cage"}],"items_purged_floors":[2],"is_endless":false,"potions_floor_spawned":[3,7,13,19,30,33,40],"killed_by":"Transient","ascension_level":20}