{"gold_per_floor":[12,62,137,137,156,156,7,7,7,7,24,54,66,93,93,93],"floor_reached":16,"playtime":425,"items_purged":["Strike_B"],"score":216,"play_id":"20eb3482-49b1-458d-a63c-48cada2872f6","local_time":"20190630221400","is_ascension_mode":true,"campfire_choices":[{"data":"Sunder","floor":6,"key":"SMITH"},{"data":"Fission","floor":8,"key":"SMITH"},{"floor":10,"key":"REST"},{"data":"Zap","floor":15,"key":"SMITH"}],"neow_cost":"NO_GOLD","seed_source_timestamp":559466649687582,"circlet_count":0,"master_deck":["AscendersBane","Strike_B","Defend_B","Defend_B","Defend_B","Defend_B","Zap+1","Dualcast","Fission+1","Sunder+1","Coolheaded","Coolheaded","Rip and Tear","Conserve Battery","Hologram","FTL","Capacitor"],"relics":["Cracked Core","Smiling Mask","Dodecahedron","Question Card"],"potions_floor_usage":[],"damage_taken":[{"damage":6,"enemies":"Cultist","floor":1,"turns":4},{"damage":7,"enemies":"Jaw Worm","floor":5,"turns":3},{"damage":0,"enemies":"Small Slimes","floor":11,"turns":2},{"damage":3,"enemies":"3 Sentries","floor":12,"turns":9},{"damage":0,"enemies":"Blue Slaver","floor":13,"turns":3},{"damage":3,"enemies":"Lagavulin","floor":14,"turns":5},{"damage":48,"enemies":"Slime Boss","floor":16,"turns":6}],"seed_played":"5751343161287140193","potions_obtained":[{"floor":12,"key":"LiquidBronze"},{"floor":14,"key":"Ancient Potion"}],"is_trial":false,"path_per_floor":["M","T","?","?","M","R","$","R","T","R","M","E","M","E","R","B"],"character_chosen":"DEFECT","items_purchased":["Coolheaded","Rip and Tear"],"campfire_rested":1,"item_purchase_floors":[7,7],"current_hp_per_floor":[58,58,47,40,33,33,33,33,33,54,54,51,51,48,48,0],"gold":93,"neow_bonus":"TRANSFORM_TWO_CARDS","is_prod":false,"is_daily":false,"chose_seed":false,"campfire_upgraded":3,"win_rate":0,"timestamp":1561950840,"path_taken":["M","?","?","?","M","R","?","R","T","R","M","E","M","E","R","BOSS"],"build_version":"2019-06-29","purchased_purges":1,"victory":false,"max_hp_per_floor":[71,71,71,71,71,71,71,71,71,71,71,71,71,71,71,71],"card_choices":[{"not_picked":["Cold Snap","Coolheaded"],"picked":"Sunder","floor":1},{"not_picked":["Loop","Auto Shields"],"picked":"Coolheaded","floor":5},{"not_picked":["Heatsinks","Leap"],"picked":"Conserve Battery","floor":11},{"not_picked":["Double Energy","Skim"],"picked":"Hologram","floor":12},{"not_picked":["Redo","Streamline"],"picked":"FTL","floor":13},{"not_picked":["Turbo","Stack"],"picked":"Capacitor","floor":14}],"player_experience":1615478,"relics_obtained":[{"floor":2,"key":"Smiling Mask"},{"floor":12,"key":"Dodecahedron"},{"floor":14,"key":"Question Card"}],"event_choices":[{"damage_healed":0,"gold_gain":75,"player_choice":"Gather Gold","damage_taken":11,"max_hp_gain":0,"max_hp_loss":0,"event_name":"World of Goop","floor":3,"gold_loss":0},{"cards_removed":["Amplify"],"damage_healed":0,"gold_gain":0,"player_choice":"Card Removal","damage_taken":7,"max_hp_gain":0,"max_hp_loss":0,"event_name":"Golden Wing","floor":4,"gold_loss":0}],"is_beta":true,"boss_relics":[],"items_purged_floors":[7],"is_endless":false,"potions_floor_spawned":[12,14],"killed_by":"Slime Boss","ascension_level":20}