{"gold_per_floor":[117,127,139,214,139,164,179,179,179,179,194,217,242,192,192,288,288,306,306,49,49,49,49,59,79,79,7,41,41,74,94,94,198,198,216,216,16,16,36,65,65,25,25,51,51,71,171,188,188,188],"floor_reached":51,"playtime":4567,"items_purged":["Strike_R","Strike_R"],"score":776,"play_id":"88cfc4e8-bbf3-446e-b323-59c3bf6850c4","local_time":"20190626074137","is_ascension_mode":false,"campfire_choices":[{"data":"Armaments","floor":8.0,"key":"SMITH"},{"floor":10.0,"key":"REST"},{"data":"Combust","floor":15.0,"key":"SMITH"},{"data":"RitualDagger","floor":23.0,"key":"SMITH"},{"data":"Heavy Blade","floor":29.0,"key":"SMITH"},{"data":"Limit Break","floor":32.0,"key":"SMITH"},{"floor":41.0,"key":"REST"},{"data":"Heavy Blade","floor":45,"key":"SMITH"},{"floor":49,"key":"REST"}],"neow_cost":"NONE","seed_source_timestamp":1061515484059337,"circlet_count":0,"master_deck":["Strike_R","Strike_R","Defend_R","Defend_R","Defend_R","Defend_R","Bash+1","Twin Strike","Combust+1","Rampage","Dropkick","Armaments+1","Inflame","Spot Weakness","Power Through","Double Tap","Heavy Blade+1","RitualDagger+1","Headbutt+1","Uppercut","Limit Break+1","Headbutt+1","Ghostly Armor","Exhume","Whirlwind+1","Madness","Madness","Heavy Blade+1","Shockwave+1","Rupture+1","Warcry+1","Warcry+1"],"special_seed":0,"relics":["Burning Blood","Thread and Needle","Gremlin Horn","Odd Mushroom","Question Card","Velvet Choker","Vajra","Letter Opener","The Courier","Pen Nib","Philosopher\u0027s Stone","Bottled Lightning","Art of War","Pear","Centennial Puzzle","Prayer Wheel"],"potions_floor_usage":[50,50,50],"damage_taken":[{"damage":6.0,"enemies":"Cultist","floor":1.0,"turns":3.0},{"damage":5.0,"enemies":"Small Slimes","floor":2.0,"turns":3.0},{"damage":1.0,"enemies":"2 Louse","floor":3.0,"turns":2.0},{"damage":30.0,"enemies":"Lagavulin","floor":6.0,"turns":7.0},{"damage":0.0,"enemies":"Large Slime","floor":7.0,"turns":5.0},{"damage":1.0,"enemies":"2 Fungi Beasts","floor":11.0,"turns":2.0},{"damage":6.0,"enemies":"The Mushroom Lair","floor":12.0,"turns":4.0},{"damage":7.0,"enemies":"Gremlin Nob","floor":13.0,"turns":4.0},{"damage":4.0,"enemies":"Slime Boss","floor":16.0,"turns":5.0},{"damage":13.0,"enemies":"2 Thieves","floor":18.0,"turns":3.0},{"damage":8.0,"enemies":"Shell Parasite","floor":24.0,"turns":2.0},{"damage":1.0,"enemies":"Snecko","floor":25.0,"turns":4.0},{"damage":1.0,"enemies":"Gremlin Leader","floor":28.0,"turns":5.0},{"damage":7.0,"enemies":"Book of Stabbing","floor":30.0,"turns":3.0},{"damage":4.0,"enemies":"Shelled Parasite and Fungi","floor":31.0,"turns":3.0},{"damage":35.0,"enemies":"Collector","floor":33.0,"turns":5.0},{"damage":2.0,"enemies":"Orb Walker","floor":35.0,"turns":3.0},{"damage":4.0,"enemies":"3 Shapes","floor":39.0,"turns":4.0},{"damage":54.0,"enemies":"Reptomancer","floor":40.0,"turns":5.0},{"damage":18,"enemies":"Nemesis","floor":44,"turns":7},{"damage":8,"enemies":"Sphere and 2 Shapes","floor":46,"turns":3},{"damage":0,"enemies":"Mind Bloom Boss Battle","floor":47,"turns":4},{"damage":1,"enemies":"Transient","floor":48,"turns":5},{"damage":94,"enemies":"Donu and Deca","floor":50,"turns":7}],"seed_played":"-1284358648053623859","potions_obtained":[{"floor":2.0,"key":"Regen Potion"},{"floor":6.0,"key":"EntropicBrew"},{"floor":11.0,"key":"LiquidBronze"},{"floor":13.0,"key":"Dexterity Potion"},{"floor":16.0,"key":"Fire Potion"},{"floor":30.0,"key":"BloodPotion"}],"is_trial":false,"path_per_floor":["M","M","M","?","$","E","M","R","T","R","M","?","E","?","R","B",null,"M","?","$","?","$","R","M","M","T","$","E","R","E","M","R","B",null,"M","?","$","?","M","E","R","$","T","E","R","M","?","M","R","B",null],"character_chosen":"IRONCLAD","items_purchased":["Vajra","Limit Break","Bottled Lightning","Strength Potion"],"campfire_rested":3,"item_purchase_floors":[20,27,37,42],"current_hp_per_floor":[80,80,80,69,69,45,51,51,51,75,80,80,79,79,79,80,80,73,67,67,67,67,67,65,70,70,70,75,75,74,76,76,47,80,80,70,70,70,72,44,68,68,78,66,66,64,70,75,90,16],"gold":188,"neow_bonus":"UPGRADE_CARD","is_prod":false,"is_daily":false,"chose_seed":false,"campfire_upgraded":6,"win_rate":0,"timestamp":1561549297,"path_taken":["M","M","?","?","$","E","M","R","T","R","M","?","E","?","R","BOSS","M","?","$","?","?","R","M","M","T","$","E","R","E","M","R","BOSS","M","?","$","?","M","E","R","$","T","E","R","M","?","M","R","BOSS"],"build_version":"2019-01-23","purchased_purges":2,"victory":true,"max_hp_per_floor":[80,80,80,80,80,80,80,80,80,80,80,80,80,80,80,80,80,80,80,80,80,80,80,80,80,80,80,80,80,80,80,80,80,80,80,80,80,80,80,80,80,80,90,90,90,90,90,90,90,90],"card_choices":[{"not_picked":["Clash","Perfected Strike"],"picked":"Twin Strike","floor":1.0},{"not_picked":["Ghostly Armor","Clothesline"],"picked":"Combust","floor":2.0},{"not_picked":["Havoc","Exhume"],"picked":"Rampage","floor":3.0},{"not_picked":["Sword Boomerang","Bloodletting"],"picked":"Dropkick","floor":6.0},{"not_picked":["Dropkick","Sever Soul"],"picked":"Armaments","floor":7.0},{"not_picked":["Hemokinesis","Second Wind"],"picked":"Inflame","floor":11.0},{"not_picked":["Carnage","Sever Soul"],"picked":"Spot Weakness","floor":12.0},{"not_picked":["Bloodletting","Sever Soul"],"picked":"Power Through","floor":13.0},{"not_picked":["Reaper","Juggernaut","Berserk"],"picked":"Double Tap","floor":16.0},{"not_picked":["Thunderclap","Armaments","Uppercut"],"picked":"Heavy Blade","floor":18.0},{"not_picked":["Flame Barrier+1","Cleave+1","True Grit+1"],"picked":"Headbutt+1","floor":24.0},{"not_picked":["Clash","Hemokinesis","Shockwave"],"picked":"Uppercut","floor":25.0},{"not_picked":["True Grit","Perfected Strike","Impervious"],"picked":"Headbutt+1","floor":28.0},{"not_picked":["Searing Blow","Metallicize","Reckless Charge+1"],"picked":"Dropkick+1","floor":30.0},{"not_picked":["Anger","Burning Pact","Dual Wield"],"picked":"Ghostly Armor","floor":31.0},{"not_picked":["Berserk","Dark Embrace","Bludgeon"],"picked":"Exhume","floor":33.0},{"not_picked":["Intimidate","Body Slam","Flex"],"picked":"Whirlwind+1","floor":35.0},{"not_picked":["Pommel Strike","Carnage+1","Clash+1"],"picked":"Heavy Blade","floor":39.0},{"not_picked":["Warcry+1","Ghostly Armor+1","Twin Strike"],"picked":"Shockwave+1","floor":40.0},{"not_picked":["Thunderclap","Anger","Flame Barrier"],"picked":"Rupture+1","floor":44},{"not_picked":["Intimidate+1","Carnage","Clash"],"picked":"Warcry+1","floor":46},{"not_picked":["Second Wind+1","Bludgeon","Intimidate+1"],"picked":"Warcry+1","floor":48},{"not_picked":["Cleave","Warcry","Perfected Strike","Clothesline+1"],"picked":"SKIP","floor":48}],"player_experience":249093,"relics_obtained":[{"floor":6.0,"key":"Thread and Needle"},{"floor":9.0,"key":"Gremlin Horn"},{"floor":12.0,"key":"Odd Mushroom"},{"floor":13.0,"key":"Question Card"},{"floor":26.0,"key":"Letter Opener"},{"floor":28.0,"key":"The Courier"},{"floor":30.0,"key":"Pen Nib"},{"floor":40.0,"key":"Art of War"},{"floor":43,"key":"Pear"},{"floor":44,"key":"Centennial Puzzle"},{"floor":47,"key":"Prayer Wheel"}],"event_choices":[{"damage_healed":0.0,"max_hp_gain":0.0,"max_hp_loss":0.0,"gold_gain":75.0,"event_name":"World of Goop","player_choice":"Gather Gold","floor":4.0,"gold_loss":0.0,"damage_taken":11.0},{"damage_healed":0.0,"max_hp_gain":0.0,"max_hp_loss":0.0,"gold_gain":0.0,"event_name":"Mushrooms","player_choice":"Fought Mushrooms","floor":12.0,"gold_loss":0.0,"damage_taken":0.0},{"cards_removed":["Strike_R"],"damage_healed":0.0,"max_hp_gain":0.0,"max_hp_loss":0.0,"gold_gain":0.0,"event_name":"The Cleric","player_choice":"Card Removal","floor":14.0,"gold_loss":50.0,"damage_taken":0.0},{"damage_healed":0.0,"max_hp_gain":0.0,"max_hp_loss":0.0,"gold_gain":0.0,"event_name":"Nest","player_choice":"Joined the Cult","floor":19.0,"gold_loss":0.0,"damage_taken":6.0,"cards_obtained":["RitualDagger"]},{"damage_healed":0.0,"max_hp_gain":0.0,"max_hp_loss":0.0,"gold_gain":0.0,"event_name":"Vampires","player_choice":"Ignored","floor":21.0,"gold_loss":0.0,"damage_taken":0.0},{"damage_healed":0.0,"max_hp_gain":0.0,"max_hp_loss":0.0,"gold_gain":0.0,"event_name":"Winding Halls","player_choice":"Embrace Madness","floor":36.0,"gold_loss":0.0,"damage_taken":10.0,"cards_obtained":["Madness","Madness"]},{"cards_removed":["Dropkick"],"damage_healed":0.0,"max_hp_gain":0.0,"max_hp_loss":0.0,"gold_gain":0.0,"event_name":"Falling","player_choice":"Removed Attack","floor":38.0,"gold_loss":0.0,"damage_taken":0.0},{"damage_healed":0,"gold_gain":0,"player_choice":"Fight","damage_taken":0,"max_hp_gain":0,"max_hp_loss":0,"event_name":"MindBloom","floor":47,"gold_loss":0}],"is_beta":false,"boss_relics":[{"not_picked":["Calling Bell","Lizard Tail"],"picked":"Velvet Choker"},{"not_picked":["Eternal Feather","Tiny House"],"picked":"Philosopher\u0027s Stone"}],"items_purged_floors":[5,20],"is_endless":false,"potions_floor_spawned":[2,6,11,13,16,24,30,35,39,47,48],"ascension_level":0}