{"gold_per_floor":[111,111,123,139,139,139,167,167,167,167,201,4,14,14,14,87,87,98,13,63,63,81,81],"floor_reached":23,"playtime":1470,"items_purged":["Strike_B"],"score":394,"play_id":"6c0152b7-3d86-48cf-9041-a0dd7901c0c2","local_time":"20190712140831","is_ascension_mode":true,"campfire_choices":[{"data":"Defragment","floor":6,"key":"SMITH"},{"floor":10,"key":"REST"},{"data":"Zap","floor":15,"key":"SMITH"}],"neow_cost":"NONE","seed_source_timestamp":1566092162660218,"circlet_count":0,"master_deck":["AscendersBane","Strike_B","Strike_B","Strike_B","Defend_B","Defend_B","Defend_B","Defend_B","Zap+1","Dualcast","Defragment+1","FTL","Cold Snap","Melter","Coolheaded","Genetic Algorithm","Doom and Gloom","Capacitor","Rainbow","Compile Driver+1","Undo"],"relics":["Cracked Core","Blue Candle","Boot","Bottled Flame","Strawberry","Inserter","Art of War"],"potions_floor_usage":[16,23,23],"damage_taken":[{"damage":3,"enemies":"2 Louse","floor":1,"turns":3},{"damage":2,"enemies":"Jaw Worm","floor":3,"turns":3},{"damage":9,"enemies":"Small Slimes","floor":4,"turns":3},{"damage":28,"enemies":"Gremlin Nob","floor":7,"turns":4},{"damage":28,"enemies":"3 Sentries","floor":11,"turns":7},{"damage":1,"enemies":"Looter","floor":13,"turns":4},{"damage":2,"enemies":"The Guardian","floor":16,"turns":11},{"damage":26,"enemies":"Chosen","floor":18,"turns":7},{"damage":18,"enemies":"3 Byrds","floor":22,"turns":4},{"damage":24,"enemies":"Book of Stabbing","floor":23,"turns":3}],"seed_played":"1814529977325529750","potions_obtained":[{"floor":4,"key":"FocusPotion"},{"floor":11,"key":"Weak Potion"},{"floor":13,"key":"SteroidPotion"},{"floor":21,"key":"EssenceOfSteel"},{"floor":22,"key":"FocusPotion"}],"is_trial":false,"path_per_floor":["M","?","M","M","?","R","E","?","T","R","E","$","M","$","R","B",null,"M","?","?","?","M","E"],"character_chosen":"DEFECT","items_purchased":["Genetic Algorithm","Doom and Gloom"],"campfire_rested":1,"item_purchase_floors":[12,12],"current_hp_per_floor":[68,68,66,57,46,46,18,18,18,41,20,20,19,19,19,17,68,42,42,42,42,24,0],"gold":81,"neow_bonus":"TEN_PERCENT_HP_BONUS","is_prod":false,"is_daily":false,"chose_seed":false,"campfire_upgraded":2,"win_rate":0,"timestamp":1562958511,"path_taken":["M","?","M","M","?","R","E","?","T","R","E","$","M","?","R","BOSS","M","?","?","?","?","E"],"build_version":"2019-07-10","purchased_purges":1,"victory":false,"max_hp_per_floor":[78,78,78,78,78,78,78,78,78,78,85,85,85,85,85,85,85,85,85,85,85,85,85],"card_choices":[{"not_picked":["Stack","Leap"],"picked":"Defragment","floor":1},{"not_picked":["Fusion","Turbo"],"picked":"FTL","floor":3},{"not_picked":["White Noise","Gash"],"picked":"Cold Snap","floor":4},{"not_picked":["Streamline","Recycle"],"picked":"Melter","floor":7},{"not_picked":["Recycle","Steam"],"picked":"Coolheaded","floor":11},{"not_picked":["Barrage","Go for the Eyes"],"picked":"Capacitor","floor":13},{"not_picked":["Multi-Cast","All For One"],"picked":"Rainbow","floor":16},{"not_picked":["Go for the Eyes","Redo"],"picked":"Compile Driver+1","floor":18},{"not_picked":["Redo","Compile Driver"],"picked":"Undo","floor":22}],"player_experience":1669881,"relics_obtained":[{"floor":7,"key":"Boot"},{"floor":9,"key":"Bottled Flame"},{"floor":11,"key":"Strawberry"}],"event_choices":[{"damage_healed":0,"gold_gain":0,"player_choice":"Ignored","damage_taken":0,"max_hp_gain":0,"max_hp_loss":0,"event_name":"Liars Game","floor":2,"gold_loss":0},{"damage_healed":0,"gold_gain":0,"player_choice":"Success","damage_taken":11,"relics_obtained":["Blue Candle"],"max_hp_gain":0,"max_hp_loss":0,"event_name":"Scrap Ooze","floor":5,"gold_loss":0},{"damage_healed":0,"gold_gain":0,"player_choice":"Ignored","damage_taken":0,"max_hp_gain":0,"max_hp_loss":0,"event_name":"Shining Light","floor":8,"gold_loss":0},{"damage_healed":0,"gold_gain":0,"player_choice":"Obtained Relic","damage_taken":0,"relics_obtained":["Art of War"],"max_hp_gain":0,"max_hp_loss":0,"event_name":"Addict","floor":19,"gold_loss":85},{"damage_healed":0,"gold_gain":50,"player_choice":"Stole From Cult","damage_taken":0,"max_hp_gain":0,"max_hp_loss":0,"event_name":"Nest","floor":20,"gold_loss":0},{"damage_healed":0,"gold_gain":0,"player_choice":"Got Potions","damage_taken":0,"max_hp_gain":0,"max_hp_loss":0,"event_name":"Lab","floor":21,"gold_loss":0}],"is_beta":true,"boss_relics":[{"not_picked":["White Beast Statue","Pandora\u0027s Box"],"picked":"Inserter"}],"items_purged_floors":[12],"is_endless":false,"potions_floor_spawned":[4,11,13,22],"killed_by":"Book of Stabbing","ascension_level":20}