{"gold_per_floor":[114,133,133,58,73,73,104,104,104,104,143,166,191,214,214,333,333,353,66,84,104,104,148,247,247,319,354,372,393,128,155,155,155],"floor_reached":33,"playtime":4608,"items_purged":["Defend_R","Pain","Writhe"],"score":322,"play_id":"f78a0920-7afc-452b-a55d-fd63c8e9eff6","local_time":"20190623091710","is_ascension_mode":false,"campfire_choices":[{"data":"Armaments","floor":6,"key":"SMITH"},{"floor":15,"key":"REST"},{"floor":25,"key":"REST"},{"floor":32,"key":"REST"}],"neow_cost":"NONE","seed_source_timestamp":808049027721961,"circlet_count":0,"master_deck":["Strike_R","Strike_R","Strike_R","Strike_R","Defend_R","Defend_R","Defend_R","Bash","Armaments+1","Clash","Headbutt","Offering","Headbutt","Rampage","Double Tap","Rage","Feed","Shrug It Off","Combust","Berserk","Thunderclap","Thunderclap+1","Secret Weapon","Thunderclap+1","Blood for Blood","Inflame+1","Pommel Strike","Infernal Blade+1","True Grit+1","Combust","Spot Weakness"],"relics":["Burning Blood","Golden Idol","Kunai","Self Forming Clay","WarpedTongs","Ornamental Fan","Orrery","Sundial","Pear","Shuriken","Blood Vial","Omamori"],"potions_floor_usage":[7,14,16,20,28,33],"damage_taken":[{"damage":1,"enemies":"Cultist","floor":1,"turns":4},{"damage":7,"enemies":"2 Louse","floor":2,"turns":4},{"damage":0,"enemies":"Small Slimes","floor":5,"turns":3},{"damage":22,"enemies":"3 Sentries","floor":7,"turns":8},{"damage":27,"enemies":"Lagavulin","floor":11,"turns":8},{"damage":7,"enemies":"Exordium Thugs","floor":12,"turns":5},{"damage":7,"enemies":"Large Slime","floor":13,"turns":5},{"damage":12,"enemies":"3 Louse","floor":14,"turns":3},{"damage":42,"enemies":"Slime Boss","floor":16,"turns":8},{"damage":21,"enemies":"2 Thieves","floor":18,"turns":4},{"damage":17,"enemies":"Shell Parasite","floor":20,"turns":3},{"damage":2,"enemies":"Snecko","floor":21,"turns":4},{"damage":54,"enemies":"Gremlin Leader","floor":23,"turns":7},{"damage":41,"enemies":"Slavers","floor":27,"turns":4},{"damage":21,"enemies":"Centurion and Healer","floor":28,"turns":5},{"damage":6,"enemies":"3 Cultists","floor":29,"turns":5},{"damage":66,"enemies":"Automaton","floor":33,"turns":6}],"seed_played":"-5913774215749169049","potions_obtained":[{"floor":1,"key":"Poison Potion"},{"floor":7,"key":"Weak Potion"},{"floor":12,"key":"Strength Potion"},{"floor":18,"key":"Swift Potion"},{"floor":27,"key":"Explosive Potion"},{"floor":29,"key":"SkillPotion"}],"is_trial":false,"path_per_floor":["M","M","?","$","M","R","E","?","T","?","E","M","M","M","R","B",null,"M","$","M","M","?","E","?","R","T","E","M","M","$","T","R","B"],"character_chosen":"IRONCLAD","items_purchased":["Secret Weapon","Combust","Spot Weakness"],"campfire_rested":3,"item_purchase_floors":[19,30,30],"current_hp_per_floor":[88,87,65,65,71,71,55,48,48,48,27,26,25,19,45,9,88,73,73,62,66,66,28,28,57,57,25,12,17,17,17,48,0],"gold":155,"neow_bonus":"TEN_PERCENT_HP_BONUS","is_prod":false,"is_daily":false,"chose_seed":false,"campfire_upgraded":1,"win_rate":0,"timestamp":1561295830,"path_taken":["M","M","?","$","M","R","E","?","T","?","E","?","M","M","R","BOSS","M","$","M","M","?","E","?","R","T","E","M","M","$","?","R","BOSS"],"build_version":"2019-01-23","purchased_purges":3,"victory":false,"max_hp_per_floor":[88,88,88,88,88,88,88,88,88,88,88,88,88,88,88,88,88,88,88,88,88,88,98,98,98,98,101,101,104,104,104,104,104],"card_choices":[{"not_picked":["Bloodletting","Sword Boomerang"],"picked":"Armaments","floor":1},{"not_picked":["Corruption","Havoc"],"picked":"Clash","floor":2},{"not_picked":["Body Slam","Twin Strike"],"picked":"Headbutt","floor":5},{"not_picked":["Havoc","Thunderclap"],"picked":"Offering","floor":7},{"not_picked":["Shrug It Off","Warcry"],"picked":"Headbutt","floor":11},{"not_picked":["Whirlwind","Disarm"],"picked":"Rampage","floor":12},{"not_picked":["Anger","Havoc"],"picked":"Double Tap","floor":13},{"not_picked":["True Grit","Headbutt"],"picked":"Rage","floor":14},{"not_picked":["Demon Form","Dark Embrace"],"picked":"Feed","floor":16},{"not_picked":["Anger","Armaments"],"picked":"Shrug It Off","floor":17},{"not_picked":["Havoc","Corruption"],"picked":"Combust","floor":17},{"not_picked":["Headbutt","Wild Strike"],"picked":"Berserk","floor":17},{"not_picked":["Perfected Strike","Sword Boomerang"],"picked":"Thunderclap","floor":17},{"not_picked":["Twin Strike","Rage"],"picked":"Thunderclap+1","floor":18},{"not_picked":["Sentinel+1","Berserk"],"picked":"Thunderclap+1","floor":20},{"not_picked":["Pummel","Seeing Red"],"picked":"Blood for Blood","floor":21},{"not_picked":["Hemokinesis","Armaments+1"],"picked":"Inflame+1","floor":23},{"not_picked":["Carnage","Limit Break"],"picked":"Pommel Strike","floor":27},{"not_picked":["Heavy Blade","Headbutt"],"picked":"Infernal Blade+1","floor":28},{"not_picked":["Armaments","Immolate"],"picked":"True Grit+1","floor":29}],"player_experience":189916,"relics_obtained":[{"floor":7,"key":"Kunai"},{"floor":9,"key":"Self Forming Clay"},{"floor":11,"key":"Ornamental Fan"},{"floor":23,"key":"Pear"},{"floor":26,"key":"Shuriken"},{"floor":27,"key":"Blood Vial"},{"floor":31,"key":"Omamori"}],"event_choices":[{"damage_healed":0,"gold_gain":0,"player_choice":"Take Damage","damage_taken":22,"relics_obtained":["Golden Idol"],"max_hp_gain":0,"max_hp_loss":0,"event_name":"Golden Idol","floor":3,"gold_loss":0},{"cards_removed":["Strike_R"],"damage_healed":0,"gold_gain":0,"player_choice":"Card Removal","damage_taken":7,"max_hp_gain":0,"max_hp_loss":0,"event_name":"Golden Wing","floor":8,"gold_loss":0},{"damage_healed":0,"gold_gain":0,"player_choice":"Rummage","damage_taken":0,"relics_obtained":["WarpedTongs"],"max_hp_gain":0,"max_hp_loss":0,"event_name":"Accursed Blacksmith","floor":10,"gold_loss":0,"cards_obtained":["Pain"]},{"damage_healed":0,"gold_gain":0,"player_choice":"Opened","damage_taken":0,"relics_obtained":["Sundial"],"max_hp_gain":0,"max_hp_loss":0,"event_name":"The Mausoleum","floor":22,"gold_loss":0,"cards_obtained":["Writhe"]},{"damage_healed":0,"gold_gain":99,"player_choice":"Stole From Cult","damage_taken":0,"max_hp_gain":0,"max_hp_loss":0,"event_name":"Nest","floor":24,"gold_loss":0}],"is_beta":false,"boss_relics":[{"not_picked":["Runic Dome","Coffee Dripper"],"picked":"Orrery"}],"items_purged_floors":[4,19,30],"is_endless":false,"potions_floor_spawned":[1,7,12,18,27,29],"killed_by":"Automaton","ascension_level":0}