{"gold_per_floor":[117,130,147,162,181,206,225,245,245,265,279,34,46,61,61,162,162,172,154,165,12,12,37,37,37,37,54,69,83,102,127,127,230,230,246,19,19,37,55,55,81,81,136,190,207,235,235,235,235,235],"floor_reached":51,"playtime":10951,"items_purged":[],"score":759,"play_id":"c76a0924-e129-4c6f-8067-860c7abaae77","local_time":"20190709023734","is_ascension_mode":false,"campfire_choices":[{"data":"Armaments","floor":15,"key":"SMITH"},{"data":"Body Slam","floor":24,"key":"SMITH"},{"data":"Corruption","floor":32,"key":"SMITH"},{"floor":40,"key":"REST"},{"floor":42,"key":"REST"},{"floor":49,"key":"REST"}],"neow_cost":"PERCENT_DAMAGE","seed_source_timestamp":1215577070127600,"circlet_count":0,"master_deck":["Strike_R+1","Strike_R+1","Defend_R","Defend_R","Defend_R","Defend_R","Bash","Violence","Dark Shackles","Body Slam+1","Battle Trance","Feel No Pain","Flame Barrier","Metallicize","Intimidate","Perfected Strike","Headbutt","Shrug It Off","Corruption+1","Armaments+1","Venomology","Seeing Red+1","True Grit+1","Impervious+1","Stack+1","Blade Dance","Hologram+1","Rampage","Hologram","Double Tap","Violence","Hologram","Steam","Entrench","Finesse","Good Instincts","Flechettes","Seek","Madness","Madness"],"relics":["Burning Blood","Whetstone","Gremlin Horn","PrismaticShard","Astrolabe","Happy Flower","Boot","Self Forming Clay","Juzu Bracelet","Red Skull","Orrery","TheAbacus","Girya","Oddly Smooth Stone","Magic Flower","Centennial Puzzle"],"potions_floor_usage":[7,13,16,19,19,23,27,28,31,31,33,33,33,33,33,38,38,39,41,41,41,45,45,46,46,50,50],"damage_taken":[{"damage":0,"enemies":"Cultist","floor":1,"turns":3},{"damage":0,"enemies":"Jaw Worm","floor":2,"turns":3},{"damage":0,"enemies":"Small Slimes","floor":3,"turns":4},{"damage":13,"enemies":"Red Slaver","floor":4,"turns":7},{"damage":2,"enemies":"Looter","floor":5,"turns":4},{"damage":63,"enemies":"Gremlin Nob","floor":6,"turns":6},{"damage":0,"enemies":"Blue Slaver","floor":7,"turns":7},{"damage":4,"enemies":"2 Fungi Beasts","floor":8,"turns":6},{"damage":1,"enemies":"Exordium Wildlife","floor":10,"turns":6},{"damage":1,"enemies":"3 Louse","floor":11,"turns":5},{"damage":0,"enemies":"Gremlin Gang","floor":13,"turns":3},{"damage":0,"enemies":"Looter","floor":14,"turns":3},{"damage":21,"enemies":"Slime Boss","floor":16,"turns":13},{"damage":0,"enemies":"Chosen","floor":18,"turns":7},{"damage":9,"enemies":"2 Thieves","floor":19,"turns":4},{"damage":1,"enemies":"Snecko","floor":20,"turns":8},{"damage":6,"enemies":"Book of Stabbing","floor":23,"turns":7},{"damage":20,"enemies":"Centurion and Healer","floor":27,"turns":11},{"damage":15,"enemies":"Chosen and Byrds","floor":28,"turns":6},{"damage":12,"enemies":"Snake Plant","floor":29,"turns":6},{"damage":9,"enemies":"Sentry and Sphere","floor":30,"turns":8},{"damage":14,"enemies":"Slavers","floor":31,"turns":10},{"damage":34,"enemies":"Collector","floor":33,"turns":8},{"damage":17,"enemies":"3 Darklings","floor":35,"turns":8},{"damage":20,"enemies":"3 Shapes","floor":38,"turns":4},{"damage":20,"enemies":"Sphere and 2 Shapes","floor":39,"turns":11},{"damage":71,"enemies":"Nemesis","floor":41,"turns":13},{"damage":25,"enemies":"2 Orb Walkers","floor":44,"turns":7},{"damage":13,"enemies":"4 Shapes","floor":45,"turns":9},{"damage":3,"enemies":"Giant Head","floor":46,"turns":7},{"damage":28,"enemies":"Awakened One","floor":50,"turns":14}],"seed_played":"1330902934917000435","potions_obtained":[{"floor":1,"key":"Fire Potion"},{"floor":2,"key":"Fire Potion"},{"floor":6,"key":"Regen Potion"},{"floor":7,"key":"Explosive Potion"},{"floor":10,"key":"Swift Potion"},{"floor":14,"key":"Energy Potion"},{"floor":20,"key":"Ancient Potion"},{"floor":27,"key":"BloodPotion"},{"floor":30,"key":"BloodPotion"},{"floor":35,"key":"LiquidBronze"},{"floor":44,"key":"Fire Potion"},{"floor":46,"key":"Dexterity Potion"}],"is_trial":false,"path_per_floor":["M","M","M","M","M","E","M","M","T","M","M","$","M","M","R","B",null,"M","M","M","$","?","E","R","?","T","M","M","M","M","E","R","B",null,"M","$","?","M","M","R","E","R","T","?","M","E","?","?","R","B",null],"character_chosen":"IRONCLAD","items_purchased":["Corruption","PrismaticShard","Happy Flower","Entrench","TheAbacus"],"campfire_rested":3,"item_purchase_floors":[12,12,21,36,36],"current_hp_per_floor":[62,68,74,67,71,14,35,37,37,42,47,47,53,59,59,44,80,80,77,80,80,80,80,80,80,80,66,77,71,68,80,80,52,80,69,69,64,50,51,75,10,34,34,15,35,41,41,31,55,36],"gold":235,"neow_bonus":"RANDOM_COLORLESS_2","is_prod":false,"is_daily":false,"chose_seed":false,"campfire_upgraded":3,"win_rate":0.0,"timestamp":1562654254,"path_taken":["M","M","M","M","M","E","?","M","T","M","M","?","M","M","R","BOSS","M","M","M","$","?","E","R","?","T","M","M","M","M","E","R","BOSS","M","$","?","M","M","R","E","R","T","?","M","E","?","?","R","BOSS"],"build_version":"2019-07-05","purchased_purges":0,"victory":true,"max_hp_per_floor":[80,80,80,80,80,80,80,80,80,80,80,80,80,80,80,80,80,80,80,80,80,80,80,80,80,80,80,80,80,80,80,80,80,80,80,80,80,80,80,80,80,80,80,80,80,80,80,80,80,80],"card_choices":[{"not_picked":["Rupture","Sword Boomerang"],"picked":"Body Slam","floor":1},{"not_picked":["Burning Pact","Uppercut"],"picked":"Battle Trance","floor":2},{"not_picked":["Corruption","Second Wind"],"picked":"Feel No Pain","floor":3},{"not_picked":["Twin Strike","Iron Wave"],"picked":"Flame Barrier","floor":4},{"not_picked":["Cleave","Shockwave","Clash"],"picked":"SKIP","floor":5},{"not_picked":["Reckless Charge","Limit Break"],"picked":"Metallicize","floor":6},{"not_picked":["Thunderclap","Twin Strike"],"picked":"Intimidate","floor":7},{"not_picked":["Dropkick","Clash"],"picked":"Perfected Strike","floor":8},{"not_picked":["Spot Weakness","Pommel Strike"],"picked":"Headbutt","floor":10},{"not_picked":["Second Wind","Thunderclap"],"picked":"Shrug It Off","floor":11},{"not_picked":["Terror","Darkness"],"picked":"Armaments","floor":13},{"not_picked":["Quick Slash","Endless Agony"],"picked":"Venomology","floor":14},{"not_picked":["True Grit","Coolheaded","Doom and Gloom"],"picked":"SKIP","floor":18},{"not_picked":["Perfected Strike+1","Deadly Poison"],"picked":"Stack+1","floor":19},{"not_picked":["Beam Cell","Pommel Strike+1"],"picked":"Blade Dance","floor":20},{"not_picked":["Sweeping Beam+1","Leap"],"picked":"Hologram+1","floor":23},{"not_picked":["Sword Boomerang","Dagger Throw"],"picked":"Rampage","floor":27},{"not_picked":["Outmaneuver","Beam Cell"],"picked":"Hologram","floor":28},{"not_picked":["Underhanded Strike","Sucker Punch+1","Deadly Poison"],"picked":"SKIP","floor":29},{"not_picked":["Dagger Spray","Blizzard"],"picked":"Double Tap","floor":30},{"not_picked":["Seeing Red","Blade Dance+1","Dash"],"picked":"SKIP","floor":31},{"not_picked":["Limit Break","Venomology"],"picked":"Violence","floor":33},{"not_picked":["Conserve Battery","Defragment"],"picked":"Hologram","floor":34},{"not_picked":["Quick Slash+1","Dodge and Roll+1"],"picked":"Steam","floor":34},{"not_picked":["True Grit+1","Power Through+1","Go for the Eyes+1"],"picked":"SKIP","floor":35},{"not_picked":["Jack Of All Trades","PanicButton"],"picked":"Finesse","floor":37},{"not_picked":["Jack Of All Trades","Swift Strike"],"picked":"Good Instincts","floor":37},{"not_picked":["Barrage","Dodge and Roll+1","Slice+1"],"picked":"SKIP","floor":38},{"not_picked":["Steam+1","Tactician","Armaments"],"picked":"SKIP","floor":39},{"not_picked":["Purity","Barrage","FTL"],"picked":"SKIP","floor":41},{"not_picked":["Multi-Cast","Anger+1"],"picked":"Flechettes","floor":44},{"not_picked":["Streamline","Leap","Battle Trance"],"picked":"SKIP","floor":45},{"not_picked":["Anger","Streamline"],"picked":"Seek","floor":46}],"player_experience":11585,"relics_obtained":[{"floor":6,"key":"Whetstone"},{"floor":9,"key":"Gremlin Horn"},{"floor":23,"key":"Boot"},{"floor":26,"key":"Juzu Bracelet"},{"floor":31,"key":"Red Skull"},{"floor":41,"key":"Girya"},{"floor":43,"key":"Oddly Smooth Stone"},{"floor":44,"key":"Magic Flower"},{"floor":46,"key":"Centennial Puzzle"}],"event_choices":[{"damage_healed":0,"gold_gain":0,"player_choice":"Ignored","damage_taken":0,"max_hp_gain":0,"max_hp_loss":0,"event_name":"The Mausoleum","floor":22,"gold_loss":0},{"damage_healed":0,"gold_gain":0,"player_choice":"Gave Potion","damage_taken":0,"relics_obtained":["Self Forming Clay"],"max_hp_gain":0,"max_hp_loss":0,"event_name":"WeMeetAgain","floor":25,"gold_loss":0},{"damage_healed":0,"gold_gain":0,"player_choice":"Memory 2","damage_taken":5,"max_hp_gain":0,"max_hp_loss":0,"event_name":"SensoryStone","floor":37,"gold_loss":0},{"damage_healed":0,"gold_gain":0,"player_choice":"Fight","damage_taken":0,"max_hp_gain":0,"max_hp_loss":0,"event_name":"Mysterious Sphere","floor":44,"gold_loss":0},{"damage_healed":0,"gold_gain":0,"player_choice":"Ignored","damage_taken":0,"max_hp_gain":0,"max_hp_loss":0,"event_name":"Tomb of Lord Red Mask","floor":47,"gold_loss":0},{"damage_healed":0,"gold_gain":0,"player_choice":"Embrace Madness","damage_taken":10,"max_hp_gain":0,"max_hp_loss":0,"event_name":"Winding Halls","floor":48,"gold_loss":0,"cards_obtained":["Madness","Madness"]}],"is_beta":false,"boss_relics":[{"not_picked":["Black Star","Velvet Choker"],"picked":"Astrolabe"},{"not_picked":["Philosopher\u0027s Stone","Busted Crown"],"picked":"Orrery"}],"items_purged_floors":[],"is_endless":false,"potions_floor_spawned":[1,2,6,7,10,14,20,23,27,30,35,44,46],"ascension_level":0}