{"gold_per_floor":[111,131,1,1,0,0,27,27,27,60,60,78,104,104],"floor_reached":14,"playtime":422,"items_purged":["Strike_G"],"score":212,"play_id":"a6cb9e3e-36ab-43a9-821c-6e814cd110bb","local_time":"20190630220647","is_ascension_mode":true,"campfire_choices":[{"data":"Neutralize","floor":6,"key":"SMITH"},{"floor":8,"key":"REST"},{"floor":11,"key":"REST"}],"neow_cost":"NONE","seed_source_timestamp":559036926912756,"circlet_count":0,"master_deck":["AscendersBane","Strike_G","Strike_G+1","Strike_G","Strike_G","Defend_G","Defend_G","Defend_G","Defend_G","Defend_G","Survivor+1","Neutralize+1","Dagger Spray","Infinite Blades","Deadly Poison","Malaise","Catalyst","Dagger Spray","Burst"],"relics":["Ring of the Snake","Omamori","Question Card","Pear","Dream Catcher","Oddly Smooth Stone"],"potions_floor_usage":[7,13,14],"damage_taken":[{"damage":1,"enemies":"Cultist","floor":1,"turns":5},{"damage":7,"enemies":"Jaw Worm","floor":2,"turns":7},{"damage":19,"enemies":"3 Sentries","floor":7,"turns":7},{"damage":21,"enemies":"Lagavulin","floor":10,"turns":7},{"damage":0,"enemies":"2 Louse","floor":12,"turns":3},{"damage":32,"enemies":"Gremlin Nob","floor":13,"turns":4},{"damage":18,"enemies":"Large Slime","floor":14,"turns":2}],"seed_played":"-4461800682864592301","potions_obtained":[{"floor":1,"key":"GamblersBrew"},{"floor":7,"key":"Explosive Potion"},{"floor":10,"key":"Strength Potion"},{"floor":13,"key":"LiquidBronze"}],"is_trial":false,"path_per_floor":["M","M","$","?","?","R","E","R","T","E","R","M","E","M"],"character_chosen":"THE_SILENT","items_purchased":["PowerPotion"],"campfire_rested":2,"item_purchase_floors":[3],"current_hp_per_floor":[58,51,51,31,31,31,12,31,41,20,42,42,10,0],"gold":104,"neow_bonus":"RANDOM_COMMON_RELIC","is_prod":false,"is_daily":false,"chose_seed":false,"campfire_upgraded":1,"win_rate":0,"timestamp":1561950407,"path_taken":["M","M","$","?","?","R","E","R","T","E","R","M","E","M"],"build_version":"2019-06-29","purchased_purges":1,"victory":false,"max_hp_per_floor":[66,66,66,66,66,66,66,66,76,76,76,76,76,76],"card_choices":[{"not_picked":["Sucker Punch","Underhanded Strike"],"picked":"Dagger Spray","floor":1},{"not_picked":["Cloak And Dagger","Catalyst"],"picked":"Infinite Blades","floor":2},{"not_picked":["Cloak And Dagger","Acrobatics"],"picked":"Deadly Poison","floor":7},{"not_picked":["Slice","Masterful Stab","Deflect"],"picked":"Malaise","floor":10},{"not_picked":["Outmaneuver","Blur","Slice"],"picked":"Catalyst","floor":11},{"not_picked":["Outmaneuver","Acrobatics","Bane"],"picked":"Dagger Spray","floor":12},{"not_picked":["Concentrate","All Out Attack","Sucker Punch"],"picked":"Burst","floor":13}],"player_experience":1615056,"relics_obtained":[{"floor":7,"key":"Question Card"},{"floor":9,"key":"Pear"},{"floor":10,"key":"Dream Catcher"},{"floor":13,"key":"Oddly Smooth Stone"}],"event_choices":[{"damage_healed":0,"gold_gain":0,"player_choice":"Entered Light","damage_taken":20,"max_hp_gain":0,"max_hp_loss":0,"event_name":"Shining Light","floor":4,"gold_loss":0,"cards_upgraded":["Strike_G","Survivor"]},{"damage_healed":0,"gold_gain":0,"player_choice":"Left Gold","damage_taken":0,"max_hp_gain":0,"max_hp_loss":0,"event_name":"World of Goop","floor":5,"gold_loss":1}],"is_beta":true,"boss_relics":[],"items_purged_floors":[3],"is_endless":false,"potions_floor_spawned":[1,7,10,13],"killed_by":"Large Slime","ascension_level":20}