{"gold_per_floor":[114,129,204,219,219,219,257,257,307,345,364,364],"floor_reached":12,"playtime":535,"items_purged":[],"score":88,"play_id":"e347b7c1-e728-4259-bb57-aea09be70e01","local_time":"20190707115707","daily_mods":["Heirloom","Blue Cards","DeadlyEvents"],"is_ascension_mode":false,"campfire_choices":[{"data":"Bouncing Flask","floor":6,"key":"SMITH"}],"neow_cost":"","seed_source_timestamp":667447475603490,"circlet_count":0,"master_deck":["Strike_G","Strike_G","Strike_G","Strike_G","Defend_G","Defend_G","Defend_G","Defend_G","Defend_G","Survivor","Neutralize","Poisoned Stab","Bouncing Flask+1","Cold Snap","Streamline","Corpse Explosion"],"special_seed":18084,"relics":["Ring of the Snake","Girya","Golden Idol","Dodecahedron","Potion Belt","Tough Bandages"],"potions_floor_usage":[7],"damage_taken":[{"damage":0,"enemies":"Small Slimes","floor":1,"turns":3},{"damage":0,"enemies":"Cultist","floor":2,"turns":4},{"damage":0,"enemies":"2 Louse","floor":4,"turns":3},{"damage":5,"enemies":"Gremlin Nob","floor":7,"turns":4},{"damage":15,"enemies":"3 Sentries","floor":10,"turns":9},{"damage":0,"enemies":"2 Fungi Beasts","floor":11,"turns":3},{"damage":23,"enemies":"Lagavulin","floor":12,"turns":3}],"seed_played":"-6942843224144824641","potions_obtained":[{"floor":2,"key":"EssenceOfSteel"},{"floor":11,"key":"AttackPotion"}],"is_trial":false,"path_per_floor":["M","M","?","M","?","R","E","?","T","E","M","E"],"character_chosen":"THE_SILENT","items_purchased":[],"campfire_rested":0,"item_purchase_floors":[],"current_hp_per_floor":[70,70,59,59,42,42,37,37,37,22,22,0],"gold":364,"neow_bonus":"","is_prod":false,"is_daily":true,"chose_seed":false,"campfire_upgraded":1,"win_rate":0,"timestamp":1562468227,"path_taken":["M","M","?","M","?","R","E","?","T","E","M","?"],"build_version":"2019-07-05","purchased_purges":0,"victory":false,"max_hp_per_floor":[70,70,70,70,70,70,70,70,70,70,70,70],"card_choices":[{"not_picked":["Sucker Punch","Steam"],"picked":"Poisoned Stab","floor":1},{"not_picked":["Redo","Reinforced Body"],"picked":"Bouncing Flask","floor":2},{"not_picked":["Quick Slash","Prepared"],"picked":"Cold Snap","floor":4},{"not_picked":["Compile Driver","Sunder"],"picked":"Streamline","floor":7},{"not_picked":["Hello World","Self Repair"],"picked":"Corpse Explosion","floor":10},{"not_picked":["Melter","Choke","Coolheaded"],"picked":"SKIP","floor":11}],"player_experience":93117,"relics_obtained":[{"floor":7,"key":"Dodecahedron"},{"floor":9,"key":"Potion Belt"},{"floor":10,"key":"Tough Bandages"}],"event_choices":[{"damage_healed":0,"gold_gain":75,"player_choice":"Gather Gold","damage_taken":11,"max_hp_gain":0,"max_hp_loss":0,"event_name":"World of Goop","floor":3,"gold_loss":0},{"damage_healed":0,"gold_gain":0,"player_choice":"Take Damage","damage_taken":17,"relics_obtained":["Golden Idol"],"max_hp_gain":0,"max_hp_loss":0,"event_name":"Golden Idol","floor":5,"gold_loss":0},{"cards_removed":["Strike_G"],"damage_healed":0,"gold_gain":0,"player_choice":"Offered Basic","damage_taken":0,"max_hp_gain":0,"max_hp_loss":0,"event_name":"Bonfire Elementals","floor":8,"gold_loss":0}],"is_beta":false,"boss_relics":[],"items_purged_floors":[],"is_endless":false,"potions_floor_spawned":[2,11],"killed_by":"Lagavulin","ascension_level":0}