{"gold_per_floor":[110,61,71,86,86,86,113,38,38,38,64,64,99,115,115,217,267,284,284,38,54,72,72,72,72,72,72,87,87,115,130,130,130],"floor_reached":33,"playtime":1063,"items_purged":["Strike_R","Strike_R"],"score":354,"play_id":"64e44fd0-bfe6-4ad8-ae30-86bd3c0438f0","local_time":"20190630191010","is_ascension_mode":true,"campfire_choices":[{"data":"Armaments","floor":6.0,"key":"SMITH"},{"data":"Uppercut","floor":10.0,"key":"SMITH"},{"data":"Searing Blow+2","floor":12.0,"key":"SMITH"},{"data":"Searing Blow+3","floor":15.0,"key":"SMITH"},{"data":"Armaments","floor":23.0,"key":"SMITH"},{"data":"Searing Blow+4","floor":25.0,"key":"SMITH"},{"data":"Searing Blow+5","floor":29.0,"key":"SMITH"},{"data":"Searing Blow+6","floor":32.0,"key":"SMITH"}],"neow_cost":"","seed_source_timestamp":0,"circlet_count":0,"master_deck":["Double Tap+1","Dual Wield","Defend_R","Defend_R+1","Defend_R","Defend_R+1","Strike_R","Strike_R","Searing Blow+9","Thunderclap","Armaments+1","True Grit","Rampage","Uppercut+1","Headbutt","Immolate","Armaments+1","Shrug It Off","Impervious","Rage+1","Second Wind"],"special_seed":0,"relics":["Burning Blood","Meat on the Bone","Self Forming Clay","Bronze Scales","Omamori","War Paint","Tiny House","Blood Vial","PreservedInsect"],"potions_floor_usage":[33,33],"damage_taken":[{"damage":7.0,"enemies":"Jaw Worm","floor":1.0,"turns":2.0},{"damage":0.0,"enemies":"Cultist","floor":3.0,"turns":2.0},{"damage":1.0,"enemies":"2 Louse","floor":4.0,"turns":3.0},{"damage":43.0,"enemies":"Lagavulin","floor":7.0,"turns":8.0},{"damage":6.0,"enemies":"Gremlin Nob","floor":11.0,"turns":3.0},{"damage":20.0,"enemies":"3 Sentries","floor":13.0,"turns":5.0},{"damage":8.0,"enemies":"Exordium Thugs","floor":14.0,"turns":4.0},{"damage":21.0,"enemies":"The Guardian","floor":16.0,"turns":10.0},{"damage":16.0,"enemies":"Spheric Guardian","floor":18.0,"turns":4.0},{"damage":0.0,"enemies":"3 Byrds","floor":21.0,"turns":4.0},{"damage":9.0,"enemies":"Snake Plant","floor":22.0,"turns":4.0},{"damage":16.0,"enemies":"3 Cultists","floor":28.0,"turns":4.0},{"damage":12.0,"enemies":"Book of Stabbing","floor":30.0,"turns":5.0},{"damage":15.0,"enemies":"Snecko","floor":31.0,"turns":4.0},{"damage":73,"enemies":"Champ","floor":33,"turns":8}],"seed_played":"4970468730619858102","potions_obtained":[{"floor":3.0,"key":"Regen Potion"},{"floor":4.0,"key":"Block Potion"},{"floor":7.0,"key":"AttackPotion"},{"floor":14.0,"key":"EssenceOfSteel"},{"floor":21.0,"key":"GamblersBrew"},{"floor":30.0,"key":"Poison Potion"}],"is_trial":true,"path_per_floor":["M","$","M","M","?","R","E","$","T","R","E","R","E","M","R","B",null,"M","?","$","M","M","R","?","R","T","?","M","R","E","M","R","B"],"character_chosen":"IRONCLAD","items_purchased":["Armaments","Impervious"],"campfire_rested":0,"item_purchase_floors":[2,20],"current_hp_per_floor":[79,79,80,80,85,85,60,60,60,60,60,60,58,68,68,53,90,80,80,80,86,83,83,83,83,83,83,75,75,71,64,64,0],"gold":130,"neow_bonus":"","is_prod":false,"is_daily":false,"chose_seed":false,"campfire_upgraded":8,"win_rate":0,"timestamp":1561889410,"path_taken":["M","$","M","M","?","R","E","?","T","R","E","R","E","M","R","BOSS","M","?","$","?","M","R","?","R","T","?","M","R","E","M","R","BOSS"],"build_version":"2019-01-23","purchased_purges":2,"victory":false,"max_hp_per_floor":[80,80,80,80,85,85,85,85,85,85,85,85,85,85,85,85,90,90,90,90,90,90,90,90,90,90,90,90,90,90,90,90,90],"card_choices":[{"not_picked":["Body Slam","Carnage"],"picked":"Thunderclap","floor":1.0},{"not_picked":["Metallicize","Warcry"],"picked":"True Grit","floor":3.0},{"not_picked":["Shrug It Off","Iron Wave"],"picked":"Rampage","floor":4.0},{"not_picked":["Dropkick","Clash"],"picked":"Uppercut","floor":7.0},{"not_picked":["Clash","Sword Boomerang","Dark Embrace"],"picked":"SKIP","floor":11.0},{"not_picked":["Warcry","Havoc"],"picked":"Headbutt","floor":13.0},{"not_picked":["Warcry","Whirlwind","Spot Weakness"],"picked":"SKIP","floor":14.0},{"not_picked":["Limit Break","Double Tap"],"picked":"Immolate","floor":16.0},{"not_picked":["Carnage","Searing Blow"],"picked":"Armaments","floor":17.0},{"not_picked":["Havoc","Perfected Strike"],"picked":"Shrug It Off","floor":18.0},{"not_picked":["Armaments","Anger","Dark Embrace"],"picked":"SKIP","floor":21.0},{"not_picked":["Burning Pact+1","Ghostly Armor+1"],"picked":"Rage+1","floor":22.0},{"not_picked":["Entrench","Body Slam","Headbutt"],"picked":"SKIP","floor":28.0},{"not_picked":["Inflame","Feel No Pain","Clash"],"picked":"SKIP","floor":30.0},{"not_picked":["Whirlwind","Clash+1"],"picked":"Second Wind","floor":31.0}],"player_experience":165692,"relics_obtained":[{"floor":7.0,"key":"Self Forming Clay"},{"floor":9.0,"key":"Bronze Scales"},{"floor":11.0,"key":"Omamori"},{"floor":13.0,"key":"War Paint"},{"floor":26.0,"key":"Blood Vial"},{"floor":30.0,"key":"PreservedInsect"}],"event_choices":[{"damage_healed":0.0,"max_hp_gain":5.0,"max_hp_loss":0.0,"gold_gain":0.0,"event_name":"Big Fish","player_choice":"Donut","floor":5.0,"gold_loss":0.0,"damage_taken":0.0},{"damage_healed":0.0,"max_hp_gain":0.0,"max_hp_loss":0.0,"gold_gain":0.0,"event_name":"The Woman in Blue","player_choice":"Bought 0 Potions","floor":19.0,"gold_loss":0.0,"damage_taken":0.0},{"damage_healed":0.0,"max_hp_gain":0.0,"max_hp_loss":0.0,"gold_gain":0.0,"event_name":"Vampires","player_choice":"Ignored","floor":24.0,"gold_loss":0.0,"damage_taken":0.0},{"damage_healed":0.0,"max_hp_gain":0.0,"max_hp_loss":0.0,"gold_gain":0.0,"event_name":"NoteForYourself","player_choice":"Ignored","floor":27.0,"gold_loss":0.0,"damage_taken":0.0}],"is_beta":false,"boss_relics":[{"not_picked":["Black Blood","Lizard Tail"],"picked":"Tiny House"}],"items_purged_floors":[8,20],"is_endless":false,"potions_floor_spawned":[3,4,7,14,16,21,22,30,31],"killed_by":"Champ","ascension_level":3}