{"gold_per_floor":[211,68,79,99,117,152,152,207,207,230,47,47,47,64,64,167,167,177,187,39,53,1,1,20,31,57,6,31,43,69,93,105,117],"floor_reached":33,"playtime":2294,"items_purged":["Strike_G","Strike_G"],"score":259,"play_id":"221e9582-ff76-4ad7-8f84-aad6485e9fd9","local_time":"20190708230014","is_ascension_mode":false,"campfire_choices":[{"floor":7,"key":"REST"},{"data":"A Thousand Cuts","floor":15,"key":"SMITH"},{"floor":23,"key":"REST"},{"floor":29,"key":"REST"},{"floor":32,"key":"REST"}],"neow_cost":"NONE","seed_source_timestamp":1896380081774200,"circlet_count":0,"master_deck":["Strike_G","Strike_G","Strike_G","Defend_G+1","Defend_G","Defend_G","Defend_G+1","Defend_G","Survivor","Neutralize","Sucker Punch","Accuracy","Backflip","Outmaneuver","A Thousand Cuts+1","All Out Attack","Dramatic Entrance","Parasite","Backflip","Envenom","Deadly Poison+1","Crippling Poison","Noxious Fumes","Skewer","Poisoned Stab+1","Bane","Deflect+1","Prepared","Bullet Time","Deadly Poison","Cloak And Dagger","Deadly Poison","Quick Slash"],"relics":["Ring of the Serpent","Mercury Hourglass","Tiny Chest","War Paint","Dream Catcher","Anchor","MawBank"],"potions_floor_usage":[6,6,6,8,18,33,33],"damage_taken":[{"damage":0,"enemies":"Cultist","floor":1,"turns":4},{"damage":0,"enemies":"2 Louse","floor":3,"turns":4},{"damage":5,"enemies":"Small Slimes","floor":4,"turns":5},{"damage":1,"enemies":"Red Slaver","floor":5,"turns":7},{"damage":24,"enemies":"Lagavulin","floor":6,"turns":11},{"damage":27,"enemies":"Gremlin Nob","floor":8,"turns":5},{"damage":0,"enemies":"Gremlin Gang","floor":14,"turns":2},{"damage":69,"enemies":"Slime Boss","floor":16,"turns":12},{"damage":23,"enemies":"Shell Parasite","floor":18,"turns":10},{"damage":4,"enemies":"3 Byrds","floor":19,"turns":4},{"damage":19,"enemies":"Cultist and Chosen","floor":21,"turns":6},{"damage":6,"enemies":"Snake Plant","floor":24,"turns":4},{"damage":30,"enemies":"Shelled Parasite and Fungi","floor":25,"turns":5},{"damage":3,"enemies":"Snecko","floor":30,"turns":4},{"damage":13,"enemies":"Snake Plant","floor":31,"turns":5},{"damage":63,"enemies":"Automaton","floor":33,"turns":6}],"seed_played":"6260619921390694386","potions_obtained":[{"floor":1,"key":"Poison Potion"},{"floor":4,"key":"EssenceOfSteel"},{"floor":5,"key":"Strength Potion"},{"floor":6,"key":"SpeedPotion"},{"floor":16,"key":"Ancient Potion"},{"floor":21,"key":"Explosive Potion"},{"floor":25,"key":"GhostInAJar"},{"floor":30,"key":"LiquidBronze"},{"floor":31,"key":"SmokeBomb"}],"is_trial":false,"path_per_floor":["M","$","M","M","M","E","R","E","T","T","$","?","?","M","R","B",null,"M","M","$","M","$","R","M","M","T","$","T","R","M","M","R","B"],"character_chosen":"THE_SILENT","items_purchased":["Accuracy","Dramatic Entrance","Noxious Fumes","Skewer","Bane","Deadly Poison"],"campfire_rested":4,"item_purchase_floors":[2,11,20,20,22,27],"current_hp_per_floor":[70,70,70,65,64,40,61,34,34,34,34,51,70,70,70,1,70,47,43,43,24,24,45,39,9,9,9,9,30,27,14,35,0],"gold":117,"neow_bonus":"HUNDRED_GOLD","is_prod":false,"is_daily":false,"chose_seed":false,"campfire_upgraded":1,"win_rate":0,"timestamp":1562641214,"path_taken":["M","$","M","M","M","E","R","E","T","?","$","?","?","M","R","BOSS","M","M","$","M","$","R","M","M","T","$","?","R","M","M","R","BOSS"],"build_version":"2019-07-05","purchased_purges":2,"victory":false,"max_hp_per_floor":[70,70,70,70,70,70,70,70,70,70,70,70,70,70,70,70,70,70,70,70,70,70,70,70,70,70,70,70,70,70,70,70,70],"card_choices":[{"not_picked":["Eviscerate","Well Laid Plans"],"picked":"Sucker Punch","floor":1},{"not_picked":["Flying Knee","Backstab"],"picked":"Backflip","floor":3},{"not_picked":["Dagger Spray","Underhanded Strike"],"picked":"Outmaneuver","floor":4},{"not_picked":["Underhanded Strike","Flying Knee","Deflect"],"picked":"SKIP","floor":5},{"not_picked":["Riddle With Holes","Calculated Gamble"],"picked":"A Thousand Cuts","floor":6},{"not_picked":["Dodge and Roll","Sucker Punch"],"picked":"All Out Attack","floor":8},{"not_picked":["Acrobatics","Bane"],"picked":"Backflip","floor":14},{"not_picked":["Venomology","Adrenaline"],"picked":"Envenom","floor":16},{"not_picked":["Quick Slash","Bouncing Flask"],"picked":"Deadly Poison+1","floor":18},{"not_picked":["Tactician","Reflex+1"],"picked":"Crippling Poison","floor":19},{"not_picked":["Masterful Stab+1","Quick Slash"],"picked":"Poisoned Stab+1","floor":21},{"not_picked":["Expertise","Flying Knee"],"picked":"Deflect+1","floor":23},{"not_picked":["Endless Agony","Poisoned Stab"],"picked":"Prepared","floor":24},{"not_picked":["Deadly Poison","Slice+1"],"picked":"Bullet Time","floor":25},{"not_picked":["Sucker Punch","Expertise+1"],"picked":"Cloak And Dagger","floor":29},{"not_picked":["Bouncing Flask","Deflect","Slice"],"picked":"SKIP","floor":30},{"not_picked":["Skewer","Blade Dance"],"picked":"Deadly Poison","floor":31},{"not_picked":["Noxious Fumes","Backflip"],"picked":"Quick Slash","floor":32}],"player_experience":134327,"relics_obtained":[{"floor":6,"key":"Mercury Hourglass"},{"floor":8,"key":"Tiny Chest"},{"floor":9,"key":"War Paint"},{"floor":10,"key":"Dream Catcher"},{"floor":26,"key":"Anchor"},{"floor":28,"key":"MawBank"}],"event_choices":[{"damage_healed":17,"gold_gain":0,"player_choice":"Healed and dodged fight","damage_taken":0,"max_hp_gain":0,"max_hp_loss":0,"event_name":"Mushrooms","floor":12,"gold_loss":0,"cards_obtained":["Parasite"]},{"damage_healed":19,"gold_gain":0,"player_choice":"Full Heal","damage_taken":0,"max_hp_gain":0,"max_hp_loss":0,"event_name":"Wheel of Change","floor":13,"gold_loss":0}],"is_beta":false,"boss_relics":[{"not_picked":["Calling Bell","Empty Cage"],"picked":"Ring of the Serpent"}],"items_purged_floors":[2,11],"is_endless":false,"potions_floor_spawned":[1,4,5,6,16,21,25,30,31],"killed_by":"Automaton","ascension_level":0}