{"gold_per_floor":[114,114,133,146,60,60,91,91,91,121,121,132,158,169,169,243,243,255,255,275,38,52,52,52,87,87,87,97,97,111,138,138,215,215,225,225,241,84,98,128,154,154,154,181,181,181,181,201,201,201,201,201,24,59,59],"floor_reached":56,"playtime":3650,"items_purged":["Bite+1","Defend_G"],"score":2408,"play_id":"05f93b03-1448-4325-a931-6aa092342cdd","local_time":"20190630152146","is_ascension_mode":true,"campfire_choices":[{"data":"Unload","floor":6.0,"key":"SMITH"},{"data":"Crippling Poison","floor":8.0,"key":"SMITH"},{"floor":11.0,"key":"REST"},{"floor":15.0,"key":"REST"},{"data":"After Image","floor":23.0,"key":"SMITH"},{"data":"Noxious Fumes","floor":24.0,"key":"SMITH"},{"data":"Neutralize","floor":27.0,"key":"SMITH"},{"data":"Footwork","floor":29.0,"key":"SMITH"},{"data":"Footwork","floor":32.0,"key":"SMITH"},{"floor":42.0,"key":"REST"},{"floor":45.0,"key":"RECALL"},{"data":"Survivor","floor":47.0,"key":"SMITH"},{"data":"Defend_G","floor":49.0,"key":"SMITH"},{"data":"Defend_G","floor":52.0,"key":"SMITH"}],"neow_cost":"NONE","seed_source_timestamp":531443564412616,"circlet_count":0,"master_deck":["AscendersBane","Defend_G","Defend_G","Defend_G+1","Defend_G+1","Survivor+1","Neutralize+1","Unload+1","Crippling Poison+1","Backflip+1","Noxious Fumes+1","Footwork+1","All Out Attack+1","PiercingWail+1","Backflip+1","Deflect+1","After Image+1","Deflect+1","Bite+1","Bite+1","Bite+1","Bite+1","Footwork+1","Blur+1","Cloak And Dagger+1","Caltrops+1","Escape Plan+1","Dodge and Roll+1","Phantasmal Killer+1","Bullet Time+1","Predator+1","Trip+1","PanicButton+1","Blind+1","Acrobatics+1","Backflip+1","Blur+1","Reflex+1","Backflip+1","PiercingWail+1","Night Terror+1","Escape Plan+1"],"special_seed":0,"relics":["Ring of the Snake","NeowsBlessing","WingedGreaves","Molten Egg 2","Toxic Egg 2","Darkstone Periapt","Runic Pyramid","Orichalcum","Letter Opener","Anchor","HoveringKite","Boot","Mango","Unceasing Top","Lantern"],"potions_floor_usage":[55,55],"damage_taken":[{"damage":0.0,"enemies":"2 Louse","floor":1.0,"turns":1.0},{"damage":0.0,"enemies":"Cultist","floor":3.0,"turns":1.0},{"damage":0.0,"enemies":"Jaw Worm","floor":4.0,"turns":1.0},{"damage":27.0,"enemies":"Lagavulin","floor":7.0,"turns":8.0},{"damage":24.0,"enemies":"Gremlin Nob","floor":10.0,"turns":4.0},{"damage":1.0,"enemies":"Exordium Wildlife","floor":12.0,"turns":3.0},{"damage":14.0,"enemies":"3 Sentries","floor":13.0,"turns":5.0},{"damage":0.0,"enemies":"3 Louse","floor":14.0,"turns":1.0},{"damage":7.0,"enemies":"The Guardian","floor":16.0,"turns":14.0},{"damage":4.0,"enemies":"Chosen","floor":18.0,"turns":6.0},{"damage":1.0,"enemies":"3 Byrds","floor":20.0,"turns":4.0},{"damage":5.0,"enemies":"Snake Plant","floor":22.0,"turns":6.0},{"damage":1.0,"enemies":"Book of Stabbing","floor":25.0,"turns":7.0},{"damage":3.0,"enemies":"Sentry and Sphere","floor":28.0,"turns":7.0},{"damage":12.0,"enemies":"Chosen and Byrds","floor":30.0,"turns":6.0},{"damage":11.0,"enemies":"Slavers","floor":31.0,"turns":7.0},{"damage":5.0,"enemies":"Collector","floor":33.0,"turns":13.0},{"damage":0.0,"enemies":"Orb Walker","floor":35.0,"turns":5.0},{"damage":0.0,"enemies":"3 Shapes","floor":37.0,"turns":6.0},{"damage":12.0,"enemies":"3 Darklings","floor":39.0,"turns":6.0},{"damage":30.0,"enemies":"Reptomancer","floor":40.0,"turns":9.0},{"damage":36.0,"enemies":"Giant Head","floor":41.0,"turns":10.0},{"damage":0.0,"enemies":"Reptomancer","floor":44.0,"turns":6.0},{"damage":2.0,"enemies":"4 Shapes","floor":48.0,"turns":6.0},{"damage":0.0,"enemies":"Donu and Deca","floor":50.0,"turns":11.0},{"damage":30.0,"enemies":"Shield and Spear","floor":54.0,"turns":9.0},{"damage":16,"enemies":"The Heart","floor":55,"turns":12}],"seed_played":"-2423653985476406859","potions_obtained":[{"floor":4.0,"key":"Fire Potion"},{"floor":12.0,"key":"FearPotion"},{"floor":14.0,"key":"Energy Potion"},{"floor":16.0,"key":"EssenceOfSteel"},{"floor":22.0,"key":"Energy Potion"},{"floor":30.0,"key":"GamblersBrew"},{"floor":33.0,"key":"PowerPotion"},{"floor":35.0,"key":"EssenceOfSteel"},{"floor":39.0,"key":"Ancient Potion"},{"floor":48.0,"key":"PowerPotion"},{"floor":54.0,"key":"Ancient Potion"}],"is_trial":false,"path_per_floor":["M","?","M","M","$","R","E","R","T","E","R","M","E","M","R","B",null,"M","?","M","$","M","R","R","E","T","R","M","R","M","E","R","B",null,"M","?","M","$","M","E","E","R","T","E","R","?","R","M","R","B",null,"R","$","E","B",null],"character_chosen":"THE_SILENT","items_purchased":["Noxious Fumes","Footwork","Blur+1","Backflip+1","Night Terror+1"],"campfire_rested":3,"item_purchase_floors":[5,21,21,38,53],"current_hp_per_floor":[59,59,59,59,59,59,32,32,32,8,27,26,12,12,31,24,56,52,46,46,46,46,46,46,46,46,46,46,46,37,41,41,46,46,46,36,39,39,42,24,23,41,41,53,53,53,53,60,60,60,60,60,60,46,51],"gold":59,"neow_bonus":"THREE_ENEMY_KILL","is_prod":false,"is_daily":false,"chose_seed":false,"campfire_upgraded":10,"win_rate":0,"timestamp":1561926106,"path_taken":["M","?","?","M","$","R","E","R","T","E","R","M","E","M","R","BOSS","M","?","M","$","M","R","R","E","T","R","M","R","M","E","R","BOSS","M","?","M","$","M","E","E","R","T","E","R","?","R","?","R","BOSS","R","$","E","BOSS"],"build_version":"2019-06-29","purchased_purges":2,"victory":true,"max_hp_per_floor":[66,66,66,66,66,66,66,66,66,66,66,66,66,66,66,66,66,66,46,46,46,46,46,46,46,46,46,46,46,46,46,46,46,46,46,46,46,46,46,46,60,60,60,60,60,60,60,60,60,60,60,60,60,60,60],"card_choices":[{"not_picked":["Acrobatics","Accuracy","Distraction"],"picked":"SKIP","floor":1.0},{"not_picked":["Expertise","Skewer"],"picked":"Crippling Poison","floor":3.0},{"not_picked":["Outmaneuver","Acrobatics"],"picked":"Backflip","floor":4.0},{"not_picked":["Poisoned Stab","Deflect"],"picked":"Footwork","floor":7.0},{"not_picked":["Underhanded Strike+1","Blade Dance"],"picked":"All Out Attack+1","floor":10.0},{"not_picked":["Reflex+1","Poisoned Stab+1"],"picked":"PiercingWail+1","floor":12.0},{"not_picked":["Underhanded Strike+1","Acrobatics+1"],"picked":"Backflip+1","floor":13.0},{"not_picked":["Setup+1","Blade Dance+1"],"picked":"Deflect+1","floor":14.0},{"not_picked":["Corpse Explosion+1","A Thousand Cuts"],"picked":"After Image","floor":16.0},{"not_picked":["Backflip+1","Dagger Throw+1"],"picked":"Deflect+1","floor":18.0},{"not_picked":["Outmaneuver+1","Dagger Throw+1","Heel Hook+1"],"picked":"SKIP","floor":20.0},{"not_picked":["Setup+1","Prepared+1"],"picked":"Cloak And Dagger+1","floor":22.0},{"not_picked":["Deflect+1","Bane+1"],"picked":"Caltrops+1","floor":25.0},{"not_picked":["Dagger Throw+1","Setup+1"],"picked":"Escape Plan+1","floor":28.0},{"not_picked":["Deadly Poison+1","Leg Sweep+1"],"picked":"Dodge and Roll+1","floor":30.0},{"not_picked":["Catalyst+1","PiercingWail+1"],"picked":"Phantasmal Killer+1","floor":31.0},{"not_picked":["Storm of Steel+1","A Thousand Cuts"],"picked":"Bullet Time+1","floor":33.0},{"not_picked":["Acrobatics+1","Poisoned Stab+1"],"picked":"Predator+1","floor":35.0},{"not_picked":["Dramatic Entrance+1","Forethought+1"],"picked":"Trip+1","floor":36.0},{"not_picked":["Bandage Up+1","Impatience+1"],"picked":"PanicButton+1","floor":36.0},{"not_picked":["Good Instincts+1","Metamorphosis+1"],"picked":"Blind+1","floor":36.0},{"not_picked":["Quick Slash+1","Deflect+1"],"picked":"Acrobatics+1","floor":37.0},{"not_picked":["Deadly Poison+1","Deflect+1","Flying Knee+1"],"picked":"SKIP","floor":39.0},{"not_picked":["Well Laid Plans","Concentrate+1"],"picked":"Blur+1","floor":40.0},{"not_picked":["Dash+1","Setup+1"],"picked":"Reflex+1","floor":41.0},{"not_picked":["Underhanded Strike+1","Outmaneuver+1"],"picked":"Backflip+1","floor":44.0},{"not_picked":["Sucker Punch+1","Deadly Poison+1"],"picked":"PiercingWail+1","floor":48.0},{"not_picked":["Deadly Poison+1","Eviscerate+1"],"picked":"Escape Plan+1","floor":54.0}],"player_experience":1589956,"relics_obtained":[{"floor":7.0,"key":"WingedGreaves"},{"floor":9.0,"key":"Molten Egg 2"},{"floor":10.0,"key":"Toxic Egg 2"},{"floor":13.0,"key":"Darkstone Periapt"},{"floor":25.0,"key":"Orichalcum"},{"floor":26.0,"key":"Letter Opener"},{"floor":31.0,"key":"Anchor"},{"floor":40.0,"key":"Boot"},{"floor":41.0,"key":"Mango"},{"floor":44.0,"key":"Unceasing Top"},{"floor":54.0,"key":"Lantern"}],"event_choices":[{"damage_healed":0.0,"max_hp_gain":0.0,"max_hp_loss":0.0,"gold_gain":0.0,"event_name":"Match and Keep!","player_choice":"1 cards matched","floor":2.0,"gold_loss":0.0,"damage_taken":0.0,"cards_obtained":["Unload"]},{"damage_healed":0.0,"max_hp_gain":0.0,"max_hp_loss":20.0,"gold_gain":0.0,"event_name":"Vampires","player_choice":"Became a vampire","floor":19.0,"gold_loss":0.0,"damage_taken":0.0,"cards_obtained":["Bite","Bite","Bite","Bite","Bite"]},{"damage_healed":0.0,"max_hp_gain":0.0,"max_hp_loss":0.0,"gold_gain":0.0,"event_name":"SensoryStone","player_choice":"Memory 3","floor":36.0,"gold_loss":0.0,"damage_taken":10.0},{"damage_healed":0.0,"max_hp_gain":0.0,"max_hp_loss":0.0,"gold_gain":0.0,"event_name":"Upgrade Shrine","player_choice":"Upgraded","floor":46.0,"gold_loss":0.0,"damage_taken":0.0,"cards_upgraded":["Backflip"]}],"is_beta":true,"boss_relics":[{"not_picked":["Calling Bell","Eternal Feather"],"picked":"Runic Pyramid"},{"not_picked":["Astrolabe","Black Star"],"picked":"HoveringKite"}],"items_purged_floors":[21,38],"is_endless":false,"potions_floor_spawned":[4,12,14,16,22,30,33,35,39,48,54],"ascension_level":19}