{"gold_per_floor":[110,35,35,54,64,64,79,79,79,104,124,74,92,55,55,153,153,169,179,30,42,42,74,74,85,133,133,150,77,92,112,112,207,207,224,239,239,30,48,79,79,99,123,123,123,123,23,38,38,38],"floor_reached":51,"playtime":7664,"items_purged":["Strike_G","Strike_G"],"score":824,"play_id":"e94a1b72-07af-4c4c-92a8-cbcc0133181c","local_time":"20190709194509","is_ascension_mode":true,"campfire_choices":[{"data":"Quick Slash","floor":6.0,"key":"SMITH"},{"data":"Survivor","floor":8.0,"key":"SMITH"},{"data":"Footwork","floor":15.0,"key":"SMITH"},{"floor":24.0,"key":"REST"},{"floor":27.0,"key":"REST"},{"floor":32.0,"key":"REST"},{"floor":41,"key":"REST"},{"floor":44,"key":"REST"},{"floor":49,"key":"REST"}],"neow_cost":"NONE","seed_source_timestamp":2224931866265166,"circlet_count":0,"master_deck":["Defend_G+1","Defend_G","Survivor+1","Neutralize","Dagger Spray+1","After Image+1","Malaise+1","Calculated Gamble","Dagger Throw","Quick Slash+1","Acrobatics","Poisoned Stab","Backstab","Adrenaline+1","Deflect+1","Cloak And Dagger+1","Tools of the Trade","Die Die Die","Poisoned Stab","Deadly Poison+1","Predator+1","Corpse Explosion","Dagger Spray+1","Dagger Throw+1","Noxious Fumes","Backflip","Venomology","Predator+1","Noxious Fumes+1","Night Terror","Terror","Malaise+1","Bane+1","Acrobatics+1","Cloak And Dagger+1","Poisoned Stab+1","Backflip+1","Madness","Madness","Cloak And Dagger+1","Deadly Poison+1"],"special_seed":0,"relics":["Astrolabe","Dream Catcher","Singing Bowl","Fusion Hammer","War Paint","Prayer Wheel","Anchor","Velvet Choker","DollysMirror","Mummified Hand","Strawberry"],"potions_floor_usage":[40,40,50,50,50],"damage_taken":[{"damage":0.0,"enemies":"Jaw Worm","floor":1.0,"turns":4.0},{"damage":0.0,"enemies":"2 Louse","floor":4.0,"turns":3.0},{"damage":0.0,"enemies":"Small Slimes","floor":5.0,"turns":4.0},{"damage":1.0,"enemies":"Exordium Wildlife","floor":7.0,"turns":5.0},{"damage":16.0,"enemies":"Gremlin Nob","floor":10.0,"turns":5.0},{"damage":0.0,"enemies":"Exordium Thugs","floor":11.0,"turns":3.0},{"damage":0.0,"enemies":"Large Slime","floor":13.0,"turns":4.0},{"damage":25.0,"enemies":"Slime Boss","floor":16.0,"turns":11.0},{"damage":8.0,"enemies":"Shell Parasite","floor":18.0,"turns":5.0},{"damage":1.0,"enemies":"Chosen","floor":19.0,"turns":5.0},{"damage":12.0,"enemies":"Snecko","floor":21.0,"turns":8.0},{"damage":13.0,"enemies":"Gremlin Leader","floor":23.0,"turns":8.0},{"damage":13.0,"enemies":"Centurion and Healer","floor":25.0,"turns":5.0},{"damage":0.0,"enemies":"3 Cultists","floor":28.0,"turns":3.0},{"damage":7.0,"enemies":"Shelled Parasite and Fungi","floor":30.0,"turns":3.0},{"damage":0.0,"enemies":"Centurion and Healer","floor":31.0,"turns":2.0},{"damage":22.0,"enemies":"Collector","floor":33.0,"turns":9.0},{"damage":11,"enemies":"3 Shapes","floor":35,"turns":5},{"damage":0,"enemies":"Orb Walker","floor":36,"turns":4},{"damage":15,"enemies":"Writhing Mass","floor":39,"turns":6},{"damage":31,"enemies":"Nemesis","floor":40,"turns":9},{"damage":0,"enemies":"Spire Growth","floor":42,"turns":4},{"damage":7,"enemies":"Transient","floor":48,"turns":5},{"damage":49,"enemies":"Awakened One","floor":50,"turns":16}],"seed_played":"1435976138928856148","potions_obtained":[{"floor":1.0,"key":"SpeedPotion"},{"floor":7.0,"key":"AttackPotion"},{"floor":16.0,"key":"SkillPotion"},{"floor":19.0,"key":"Swift Potion"},{"floor":25.0,"key":"Ancient Potion"},{"floor":28.0,"key":"Dexterity Potion"},{"floor":31.0,"key":"SteroidPotion"}],"is_trial":false,"path_per_floor":["M","$","?","M","M","R","M","R","T","E","M","?","M","$","R","B",null,"M","M","$","M","?","E","R","M","T","R","M","$","M","M","R","B",null,"M","M","?","$","M","E","R","M","T","R","?","?","$","M","R","B",null],"character_chosen":"THE_SILENT","items_purchased":["Backstab","War Paint","Noxious Fumes","DollysMirror"],"campfire_rested":6,"item_purchase_floors":[14,20,29,38],"current_hp_per_floor":[70,70,75,75,75,75,74,74,74,60,60,60,60,60,60,35,77,69,70,70,58,58,45,68,55,55,78,80,80,75,75,83,61,83,76,78,78,78,67,51,78,78,85,100,87,87,87,82,102,53],"gold":38,"neow_bonus":"BOSS_RELIC","is_prod":false,"is_daily":false,"chose_seed":false,"campfire_upgraded":3,"win_rate":0,"timestamp":1562715909,"path_taken":["M","$","?","M","M","R","M","R","T","E","M","?","M","$","R","BOSS","M","M","$","M","?","E","R","M","T","R","M","$","M","M","R","BOSS","M","M","?","$","M","E","R","M","T","R","?","?","$","M","R","BOSS"],"build_version":"2019-07-05","purchased_purges":2,"victory":true,"max_hp_per_floor":[70,70,75,75,75,75,75,75,75,77,77,77,77,77,77,77,77,77,79,79,79,79,79,79,79,79,79,81,81,83,83,83,83,83,87,89,89,89,93,93,93,93,100,100,100,100,100,102,102,102],"card_choices":[{"not_picked":["Reflex","PiercingWail"],"picked":"Calculated Gamble","floor":1.0},{"not_picked":["Riddle With Holes","Finisher"],"picked":"Dagger Throw","floor":4.0},{"not_picked":["Infinite Blades","Tactician"],"picked":"Quick Slash","floor":5.0},{"not_picked":["Deadly Poison","Quick Slash"],"picked":"Acrobatics","floor":7.0},{"not_picked":["Grand Finale","Crippling Poison","Bane"],"picked":"Singing Bowl","floor":10.0},{"not_picked":["Setup","Reflex"],"picked":"Poisoned Stab","floor":11.0},{"not_picked":["Masterful Stab","Distraction"],"picked":"Footwork","floor":13.0},{"not_picked":["Burst","Phantasmal Killer"],"picked":"Adrenaline","floor":16.0},{"not_picked":["Choke","Quick Slash"],"picked":"Deflect+1","floor":18.0},{"not_picked":["Eviscerate+1","Dodge and Roll","Deadly Poison"],"picked":"Singing Bowl","floor":19.0},{"not_picked":["Dagger Spray","Predator"],"picked":"Cloak And Dagger+1","floor":21.0},{"not_picked":["Deadly Poison","Calculated Gamble"],"picked":"Poisoned Stab","floor":23.0},{"not_picked":["Deflect","Masterful Stab"],"picked":"Deadly Poison+1","floor":24.0},{"not_picked":["Dodge and Roll","Poisoned Stab"],"picked":"Predator+1","floor":25.0},{"not_picked":["Underhanded Strike","Outmaneuver+1"],"picked":"Corpse Explosion","floor":25.0},{"not_picked":["Concentrate","Leg Sweep"],"picked":"Dagger Spray+1","floor":27.0},{"not_picked":["Dodge and Roll","Prepared","Poisoned Stab"],"picked":"Singing Bowl","floor":28.0},{"not_picked":["Predator+1","Underhanded Strike+1"],"picked":"Dagger Throw+1","floor":28.0},{"not_picked":["Caltrops","PiercingWail","Dodge and Roll"],"picked":"Singing Bowl","floor":30.0},{"not_picked":["Endless Agony","Cloak And Dagger"],"picked":"Backflip","floor":30.0},{"not_picked":["Underhanded Strike","Blade Dance+1"],"picked":"Venomology","floor":31.0},{"not_picked":["Dodge and Roll","Skewer+1"],"picked":"Predator+1","floor":31.0},{"not_picked":["Choke","Setup+1"],"picked":"Noxious Fumes+1","floor":32.0},{"not_picked":["Doppelganger","A Thousand Cuts"],"picked":"Night Terror","floor":33.0},{"not_picked":["Outmaneuver","Flying Knee","Dodge and Roll"],"picked":"Singing Bowl","floor":35},{"not_picked":["Outmaneuver","Prepared","Well Laid Plans"],"picked":"Singing Bowl","floor":35},{"not_picked":["Outmaneuver","Acrobatics","Dagger Spray"],"picked":"Singing Bowl","floor":36},{"not_picked":["Bullet Time","Dagger Spray"],"picked":"Terror","floor":36},{"not_picked":["Blade Dance+1","Dagger Spray","Outmaneuver"],"picked":"Singing Bowl","floor":39},{"not_picked":["All Out Attack","Deflect","Quick Slash"],"picked":"Singing Bowl","floor":39},{"not_picked":["Wraith Form v2","Prepared"],"picked":"Bane+1","floor":40},{"not_picked":["Underhanded Strike","Blade Dance"],"picked":"Acrobatics+1","floor":41},{"not_picked":["Finisher+1","Bane"],"picked":"Cloak And Dagger+1","floor":42},{"not_picked":["Flechettes+1","Blade Dance"],"picked":"Poisoned Stab+1","floor":42},{"not_picked":["Calculated Gamble+1","Acrobatics+1"],"picked":"Backflip+1","floor":44},{"not_picked":["PiercingWail","Sucker Punch+1"],"picked":"Cloak And Dagger+1","floor":48},{"not_picked":["Deadly Poison","Underhanded Strike","Deflect"],"picked":"Singing Bowl","floor":48},{"not_picked":["Predator+1","Backflip"],"picked":"Deadly Poison+1","floor":49}],"player_experience":431599,"relics_obtained":[{"floor":9.0,"key":"Dream Catcher"},{"floor":10.0,"key":"Singing Bowl"},{"floor":23.0,"key":"Prayer Wheel"},{"floor":26.0,"key":"Anchor"},{"floor":40,"key":"Mummified Hand"},{"floor":43,"key":"Strawberry"}],"event_choices":[{"damage_healed":0.0,"max_hp_gain":5.0,"max_hp_loss":0.0,"gold_gain":0.0,"event_name":"Big Fish","player_choice":"Donut","floor":3.0,"gold_loss":0.0,"damage_taken":0.0},{"cards_removed":["Strike_G"],"damage_healed":0.0,"max_hp_gain":0.0,"max_hp_loss":0.0,"gold_gain":0.0,"event_name":"The Cleric","player_choice":"Card Removal","floor":12.0,"gold_loss":50.0,"damage_taken":0.0},{"damage_healed":0.0,"max_hp_gain":0.0,"max_hp_loss":0.0,"gold_gain":0.0,"cards_transformed":["Defend_G","Strike_G"],"event_name":"Drug Dealer","player_choice":"Became Test Subject","floor":22.0,"gold_loss":0.0,"damage_taken":0.0,"cards_obtained":["Tools of the Trade","Die Die Die"]},{"cards_removed":["Footwork"],"damage_healed":0,"gold_gain":0,"player_choice":"Removed Power","damage_taken":0,"max_hp_gain":0,"max_hp_loss":0,"event_name":"Falling","floor":37,"gold_loss":0},{"damage_healed":0,"gold_gain":0,"player_choice":"Embrace Madness","damage_taken":13,"max_hp_gain":0,"max_hp_loss":0,"event_name":"Winding Halls","floor":45,"gold_loss":0,"cards_obtained":["Madness","Madness"]},{"damage_healed":0,"gold_gain":0,"player_choice":"Ignored","damage_taken":0,"max_hp_gain":0,"max_hp_loss":0,"event_name":"Mysterious Sphere","floor":46,"gold_loss":0}],"is_beta":false,"boss_relics":[{"not_picked":["Ectoplasm","White Beast Statue"],"picked":"Fusion Hammer"},{"not_picked":["Coffee Dripper","Tiny House"],"picked":"Velvet Choker"}],"items_purged_floors":[2,47],"is_endless":false,"potions_floor_spawned":[1,7,16,19,25,28,31,35,36],"ascension_level":3}