{"gold_per_floor":[110,73,33,47,62,92,92,110,190,216,216,230,230,264,264,336,336,347,365,381,581,592,592,53,53,80,5,19,19,46,64,64,135,135,150,50,67,78,178,178,192,203,254,254,283,297,297,315,315,315,315],"floor_reached":52,"playtime":2549,"items_purged":["Strike_R","Strike_R"],"score":1977,"play_id":"ae13bc9e-c79f-4f61-b43e-3b1232e59608","local_time":"20190619014203","is_ascension_mode":true,"campfire_choices":[{"data":"Immolate","floor":7,"key":"SMITH"},{"data":"Armaments","floor":11,"key":"SMITH"},{"floor":13,"key":"REST"},{"data":"1","floor":15,"key":"LIFT"},{"data":"2","floor":23,"key":"LIFT"},{"data":"3","floor":25,"key":"LIFT"},{"floor":29,"key":"REST"},{"data":"Shockwave","floor":32,"key":"SMITH"},{"floor":40,"key":"RECALL"},{"data":"Master of Strategy","floor":49,"key":"SMITH"}],"neow_cost":"CURSE","seed_source_timestamp":1801641196545883,"circlet_count":0,"master_deck":["AscendersBane","Strike_R","Strike_R+1","Strike_R","Defend_R","Defend_R","Defend_R","Defend_R","Bash","Clumsy","Twin Strike+1","Disarm","Clothesline","Metallicize","Immolate+1","Armaments+1","Burning Pact","Impervious","Double Tap","Feel No Pain","True Grit","Spot Weakness","Reaper","Shockwave+1","Heavy Blade","Feed","Headbutt","True Grit+1","Disarm+1","Master of Strategy+1","Pommel Strike+1","Feel No Pain"],"relics":["Burning Blood","Girya","Gambling Chip","Letter Opener","Whetstone","Charon\u0027s Ashes","Velvet Choker","Bag of Preparation","Paper Frog","Orichalcum","Oddly Smooth Stone","Snecko Eye","Incense Burner","Red Skull","PreservedInsect"],"potions_floor_usage":[6,16,16,30,33],"damage_taken":[{"damage":14,"enemies":"Jaw Worm","floor":1,"turns":4},{"damage":4,"enemies":"Cultist","floor":4,"turns":4},{"damage":8,"enemies":"Small Slimes","floor":5,"turns":4},{"damage":22,"enemies":"Lagavulin","floor":6,"turns":10},{"damage":22,"enemies":"Gremlin Gang","floor":8,"turns":4},{"damage":9,"enemies":"3 Sentries","floor":10,"turns":4},{"damage":8,"enemies":"Large Slime","floor":12,"turns":6},{"damage":18,"enemies":"Lagavulin","floor":14,"turns":8},{"damage":0,"enemies":"Slime Boss","floor":16,"turns":6},{"damage":15,"enemies":"3 Byrds","floor":18,"turns":4},{"damage":10,"enemies":"Spheric Guardian","floor":19,"turns":4},{"damage":4,"enemies":"Centurion and Healer","floor":20,"turns":7},{"damage":21,"enemies":"Sentry and Sphere","floor":22,"turns":6},{"damage":22,"enemies":"Snecko","floor":28,"turns":5},{"damage":11,"enemies":"Slavers","floor":30,"turns":4},{"damage":0,"enemies":"Chosen and Byrds","floor":31,"turns":3},{"damage":51,"enemies":"Collector","floor":33,"turns":9},{"damage":0,"enemies":"3 Darklings","floor":35,"turns":2},{"damage":0,"enemies":"Orb Walker","floor":37,"turns":2},{"damage":6,"enemies":"Writhing Mass","floor":38,"turns":8},{"damage":0,"enemies":"Mind Bloom Boss Battle","floor":39,"turns":5},{"damage":0,"enemies":"Jaw Worm Horde","floor":41,"turns":3},{"damage":0,"enemies":"3 Darklings","floor":42,"turns":1},{"damage":35,"enemies":"Giant Head","floor":45,"turns":9},{"damage":0,"enemies":"Transient","floor":46,"turns":6},{"damage":5,"enemies":"4 Shapes","floor":48,"turns":3},{"damage":38,"enemies":"Donu and Deca","floor":50,"turns":8},{"damage":40,"enemies":"Time Eater","floor":51,"turns":14}],"seed_played":"2432385908735685687","potions_obtained":[{"floor":3,"key":"SteroidPotion"},{"floor":3,"key":"Strength Potion"},{"floor":4,"key":"Fire Potion"},{"floor":6,"key":"LiquidBronze"},{"floor":10,"key":"Fire Potion"},{"floor":16,"key":"Strength Potion"},{"floor":19,"key":"Swift Potion"},{"floor":28,"key":"SteroidPotion"},{"floor":30,"key":"Fire Potion"},{"floor":35,"key":"Strength Potion"},{"floor":39,"key":"Strength Potion"}],"is_trial":false,"path_per_floor":["M","$","?","M","M","E","R","M","T","E","R","M","R","E","R","B",null,"M","M","M","?","M","R","$","R","T","$","M","R","E","M","R","B",null,"M","$","M","M","?","R","M","M","T","?","E","M","?","M","R","B","B",null],"character_chosen":"IRONCLAD","items_purchased":["Disarm","Reaper","Bag of Preparation","Paper Frog"],"campfire_rested":2,"item_purchase_floors":[2,24,24,24],"current_hp_per_floor":[60,60,60,62,60,44,44,28,28,25,25,23,45,33,33,39,66,57,53,55,55,40,40,40,40,40,40,31,53,70,75,75,48,68,74,74,75,79,79,79,82,82,82,72,86,86,86,89,89,57,45],"gold":315,"neow_bonus":"ONE_RARE_RELIC","is_prod":false,"is_daily":false,"chose_seed":false,"campfire_upgraded":4,"win_rate":0,"timestamp":1560926523,"path_taken":["M","$","?","M","M","E","R","M","T","E","R","?","R","E","R","BOSS","M","M","?","?","M","R","$","R","T","$","M","R","E","M","R","BOSS","M","$","?","M","?","R","M","M","T","?","E","M","?","?","R","BOSS","BOSS"],"build_version":"2019-01-23","purchased_purges":2,"victory":true,"max_hp_per_floor":[75,75,75,75,75,75,75,75,75,75,75,75,75,75,75,75,75,75,75,75,75,75,75,75,75,75,75,75,75,75,75,75,75,75,75,75,75,79,79,79,82,82,82,82,86,86,86,89,89,89,89],"card_choices":[{"not_picked":["Perfected Strike","Havoc"],"picked":"Twin Strike","floor":1},{"not_picked":["Heavy Blade","Pommel Strike"],"picked":"Clothesline","floor":4},{"not_picked":["Cleave","Iron Wave"],"picked":"Metallicize","floor":5},{"not_picked":["Searing Blow","Pommel Strike"],"picked":"Immolate","floor":6},{"not_picked":["Sword Boomerang","Clothesline"],"picked":"Armaments","floor":8},{"not_picked":["Body Slam","Perfected Strike","Dual Wield"],"picked":"SKIP","floor":10},{"not_picked":["Wild Strike","Warcry"],"picked":"Burning Pact","floor":12},{"not_picked":["Twin Strike","Perfected Strike"],"picked":"Impervious","floor":14},{"not_picked":["Demon Form","Barricade"],"picked":"Double Tap","floor":16},{"not_picked":["Headbutt+1","Perfected Strike"],"picked":"Feel No Pain","floor":18},{"not_picked":["Iron Wave","Havoc"],"picked":"True Grit","floor":19},{"not_picked":["Clash","Twin Strike"],"picked":"True Grit","floor":20},{"not_picked":["Heavy Blade","Dual Wield"],"picked":"Spot Weakness","floor":22},{"not_picked":["Twin Strike","Evolve"],"picked":"Shockwave","floor":28},{"not_picked":["Double Tap","Anger"],"picked":"Heavy Blade","floor":30},{"not_picked":["Flex","Iron Wave","Warcry"],"picked":"SKIP","floor":31},{"not_picked":["Brutality","Double Tap"],"picked":"Feed","floor":33},{"not_picked":["Clash","Rupture"],"picked":"Headbutt","floor":35},{"not_picked":["Seeing Red","Combust","Clash"],"picked":"SKIP","floor":37},{"not_picked":["Wild Strike+1","Warcry","Power Through"],"picked":"SKIP","floor":38},{"not_picked":["Spot Weakness","Armaments"],"picked":"True Grit+1","floor":39},{"not_picked":["Perfected Strike","Intimidate","Clash"],"picked":"SKIP","floor":41},{"not_picked":["Rupture","Entrench+1"],"picked":"Disarm+1","floor":42},{"not_picked":["Deep Breath","Dark Shackles"],"picked":"Master of Strategy","floor":44},{"not_picked":["Carnage+1","Thunderclap+1"],"picked":"Pommel Strike+1","floor":45},{"not_picked":["Havoc","Cleave","Sword Boomerang+1"],"picked":"SKIP","floor":46},{"not_picked":["Anger","Hemokinesis"],"picked":"Feel No Pain","floor":48}],"player_experience":1802782,"relics_obtained":[{"floor":6,"key":"Gambling Chip"},{"floor":9,"key":"Letter Opener"},{"floor":10,"key":"Whetstone"},{"floor":14,"key":"Charon\u0027s Ashes"},{"floor":26,"key":"Orichalcum"},{"floor":30,"key":"Oddly Smooth Stone"},{"floor":39,"key":"Incense Burner"},{"floor":43,"key":"Red Skull"},{"floor":45,"key":"PreservedInsect"}],"event_choices":[{"damage_healed":0,"gold_gain":0,"player_choice":"Bought 3 Potions","damage_taken":0,"max_hp_gain":0,"max_hp_loss":0,"event_name":"The Woman in Blue","floor":3,"gold_loss":0},{"damage_healed":0,"gold_gain":250,"player_choice":"Bet on Owner","damage_taken":0,"max_hp_gain":0,"max_hp_loss":0,"event_name":"The Joust","floor":21,"gold_loss":50},{"damage_healed":0,"gold_gain":0,"player_choice":"Fight","damage_taken":0,"max_hp_gain":0,"max_hp_loss":0,"event_name":"MindBloom","floor":39,"gold_loss":0},{"damage_healed":0,"gold_gain":0,"player_choice":"Memory 3","damage_taken":10,"max_hp_gain":0,"max_hp_loss":0,"event_name":"SensoryStone","floor":44,"gold_loss":0},{"cards_removed":["True Grit"],"damage_healed":0,"gold_gain":0,"player_choice":"Removed Skill","damage_taken":0,"max_hp_gain":0,"max_hp_loss":0,"event_name":"Falling","floor":47,"gold_loss":0}],"is_beta":false,"boss_relics":[{"not_picked":["Pandora\u0027s Box","Orrery"],"picked":"Velvet Choker"},{"not_picked":["Cursed Key","Sozu"],"picked":"Snecko Eye"}],"items_purged_floors":[27,36],"is_endless":false,"potions_floor_spawned":[4,6,10,16,19,22,28,30,35,39,41,46],"ascension_level":20}