{"gold_per_floor":[109,20,40,57,7,7,38,55,55,55,55,70,89,116,116,189,189,205,205,120,45,0,0,30,30],"floor_reached":25,"playtime":920,"items_purged":["Strike_G"],"score":458,"play_id":"053e3747-f3db-4c0a-907b-dccf7734371f","local_time":"20190531215137","is_ascension_mode":true,"campfire_choices":[{"data":"Poisoned Stab","floor":6.0,"key":"SMITH"},{"floor":11.0,"key":"REST"},{"data":"Caltrops","floor":15.0,"key":"SMITH"},{"floor":23.0,"key":"REST"}],"neow_cost":"NONE","seed_source_timestamp":234209742873218,"circlet_count":0,"master_deck":["AscendersBane","Defend_G","Defend_G","Defend_G","Defend_G","Defend_G","Strike_G","Strike_G","Strike_G","Survivor","Neutralize","Quick Slash","A Thousand Cuts","Poisoned Stab+1","Well Laid Plans","A Thousand Cuts","Deflect","Caltrops+1","PiercingWail","Leg Sweep","Burst","Necronomicurse","Bane","Quick Slash"],"special_seed":0,"relics":["Ring of the Snake","Smiling Mask","Mummified Hand","The Courier","Snake Skull","Sozu","Necronomicon","The Specimen","Shuriken"],"potions_floor_usage":[25],"damage_taken":[{"damage":6.0,"enemies":"Cultist","floor":1.0,"turns":5.0},{"damage":7.0,"enemies":"Small Slimes","floor":3.0,"turns":6.0},{"damage":2.0,"enemies":"2 Louse","floor":4.0,"turns":4.0},{"damage":26.0,"enemies":"Gremlin Nob","floor":7.0,"turns":4.0},{"damage":1.0,"enemies":"Blue Slaver","floor":8.0,"turns":3.0},{"damage":1.0,"enemies":"2 Fungi Beasts","floor":12.0,"turns":3.0},{"damage":3.0,"enemies":"Looter","floor":13.0,"turns":4.0},{"damage":8.0,"enemies":"Lagavulin","floor":14.0,"turns":6.0},{"damage":9.0,"enemies":"Hexaghost","floor":16.0,"turns":10.0},{"damage":4.0,"enemies":"2 Thieves","floor":18.0,"turns":5.0},{"damage":30.0,"enemies":"Book of Stabbing","floor":24.0,"turns":5.0},{"damage":23,"enemies":"Chosen","floor":25,"turns":3}],"seed_played":"-3528119156563996461","potions_obtained":[{"floor":7.0,"key":"Swift Potion"},{"floor":8.0,"key":"Dexterity Potion"},{"floor":16.0,"key":"Ancient Potion"}],"is_trial":false,"path_per_floor":["M","$","M","M","$","R","E","M","T","?","R","M","M","E","R","B",null,"M","?","?","?","$","R","E","M"],"character_chosen":"THE_SILENT","items_purchased":["A Thousand Cuts","Bane"],"campfire_rested":2,"item_purchase_floors":[2,22],"current_hp_per_floor":[53,53,46,44,44,44,18,17,17,17,36,35,32,24,24,15,53,49,28,28,28,28,47,17,0],"gold":30,"neow_bonus":"RANDOM_COMMON_RELIC","is_prod":false,"is_daily":false,"chose_seed":false,"campfire_upgraded":2,"win_rate":0,"timestamp":1559357497,"path_taken":["M","$","?","M","$","R","E","M","T","?","R","M","M","E","R","BOSS","M","?","?","?","?","R","E","?"],"build_version":"2019-01-23","purchased_purges":1,"victory":false,"max_hp_per_floor":[66,66,66,66,66,66,66,66,66,66,66,66,66,66,66,66,66,66,66,66,66,66,66,66,66],"card_choices":[{"not_picked":["Blade Dance","Dagger Spray"],"picked":"Quick Slash","floor":1.0},{"not_picked":["Heel Hook","Slice"],"picked":"Poisoned Stab","floor":3.0},{"not_picked":["Dagger Throw","Poisoned Stab"],"picked":"Well Laid Plans","floor":4.0},{"not_picked":["Heel Hook","Eviscerate"],"picked":"A Thousand Cuts","floor":7.0},{"not_picked":["Expertise","Reflex"],"picked":"Deflect","floor":8.0},{"not_picked":["Bane","Poisoned Stab"],"picked":"Caltrops","floor":12.0},{"not_picked":["Choke","Well Laid Plans"],"picked":"PiercingWail","floor":13.0},{"not_picked":["Endless Agony","Quick Slash"],"picked":"Leg Sweep","floor":14.0},{"not_picked":["Storm of Steel","Glass Knife"],"picked":"Burst","floor":16.0},{"not_picked":["Flying Knee","Dagger Throw","Prepared"],"picked":"SKIP","floor":18.0},{"not_picked":["Leg Sweep","Underhanded Strike"],"picked":"Quick Slash","floor":24.0}],"player_experience":1626440,"relics_obtained":[{"floor":7.0,"key":"Mummified Hand"},{"floor":9.0,"key":"The Courier"},{"floor":14.0,"key":"Snake Skull"},{"floor":19.0,"key":"Necronomicon"},{"floor":24.0,"key":"Shuriken"}],"event_choices":[{"damage_healed":0.0,"max_hp_gain":0.0,"max_hp_loss":0.0,"gold_gain":0.0,"event_name":"Liars Game","player_choice":"Ignored","floor":10.0,"gold_loss":0.0,"damage_taken":0.0},{"damage_healed":0.0,"max_hp_gain":0.0,"max_hp_loss":0.0,"gold_gain":0.0,"event_name":"Cursed Tome","player_choice":"Obtained Book","floor":19.0,"gold_loss":0.0,"damage_taken":21.0},{"damage_healed":0.0,"max_hp_gain":0.0,"max_hp_loss":0.0,"gold_gain":0.0,"event_name":"Addict","player_choice":"Obtained Relic","floor":20.0,"gold_loss":85.0,"damage_taken":0.0,"relics_obtained":["The Specimen"]},{"cards_removed":["Strike_G"],"damage_healed":0.0,"max_hp_gain":0.0,"max_hp_loss":0.0,"gold_gain":0.0,"event_name":"Beggar","player_choice":"Gave Gold","floor":21.0,"gold_loss":75.0,"damage_taken":0.0}],"is_beta":false,"boss_relics":[{"not_picked":["HoveringKite","White Beast Statue"],"picked":"Sozu"}],"items_purged_floors":[5],"is_endless":false,"potions_floor_spawned":[7,8,16],"killed_by":"Chosen","ascension_level":20}