{"gold_per_floor":[109,128,138,154,27,60,60,235,260,260,535,535,555,573,573,573],"floor_reached":16,"playtime":1447,"items_purged":["Strike_G"],"score":102,"play_id":"1db0c39a-74dd-4fb3-b6f8-cd46cd892037","local_time":"20190704184639","is_ascension_mode":false,"campfire_choices":[{"data":"Bullet Time","floor":7,"key":"SMITH"},{"data":"Poisoned Stab","floor":10,"key":"SMITH"},{"data":"Survivor","floor":12,"key":"SMITH"},{"data":"Flying Knee","floor":15,"key":"SMITH"}],"neow_cost":"NONE","seed_source_timestamp":436210928488146,"circlet_count":0,"master_deck":["Strike_G","Strike_G","Strike_G","Strike_G","Defend_G","Defend_G","Defend_G","Defend_G","Defend_G","Survivor+1","Neutralize","Flying Knee+1","Prepared","Bullet Time+1","Poisoned Stab+1","PiercingWail","Outmaneuver","Doubt","Regret","Deflect","Underhanded Strike"],"relics":["Ring of the Snake","Bag of Preparation","Happy Flower"],"potions_floor_usage":[6,6,16],"damage_taken":[{"damage":5,"enemies":"Cultist","floor":1,"turns":4},{"damage":0,"enemies":"Jaw Worm","floor":2,"turns":4},{"damage":0,"enemies":"2 Louse","floor":3,"turns":3},{"damage":3,"enemies":"Red Slaver","floor":4,"turns":3},{"damage":24,"enemies":"Gremlin Nob","floor":6,"turns":4},{"damage":19,"enemies":"Large Slime","floor":13,"turns":9},{"damage":7,"enemies":"Lots of Slimes","floor":14,"turns":5},{"damage":22,"enemies":"Hexaghost","floor":16,"turns":7}],"seed_played":"-3254979076719551965","potions_obtained":[{"floor":1,"key":"AttackPotion"},{"floor":3,"key":"AttackPotion"},{"floor":6,"key":"Dexterity Potion"},{"floor":13,"key":"FearPotion"}],"is_trial":false,"path_per_floor":["M","M","M","M","$","E","R","?","T","R","?","R","M","M","R","B"],"character_chosen":"THE_SILENT","items_purchased":["PiercingWail"],"campfire_rested":0,"item_purchase_floors":[5],"current_hp_per_floor":[72,72,72,69,69,45,45,45,45,45,45,45,26,19,19,0],"gold":573,"neow_bonus":"TEN_PERCENT_HP_BONUS","is_prod":false,"is_daily":false,"chose_seed":false,"campfire_upgraded":4,"win_rate":0.0,"timestamp":1562233599,"path_taken":["M","M","M","M","?","E","R","?","T","R","?","R","M","M","R","BOSS"],"build_version":"2019-07-01","purchased_purges":1,"victory":false,"max_hp_per_floor":[77,77,77,77,77,77,77,77,77,77,77,77,77,77,77,77],"card_choices":[{"not_picked":["Caltrops","Finisher"],"picked":"Flying Knee","floor":1},{"not_picked":["Acrobatics","Quick Slash"],"picked":"Prepared","floor":2},{"not_picked":["Backstab","Blur"],"picked":"Bullet Time","floor":3},{"not_picked":["Skewer","Tactician"],"picked":"Poisoned Stab","floor":4},{"not_picked":["Escape Plan","Tactician"],"picked":"Outmaneuver","floor":6},{"not_picked":["Prepared","Poisoned Stab"],"picked":"Deflect","floor":13},{"not_picked":["Dagger Throw","PiercingWail"],"picked":"Underhanded Strike","floor":14}],"player_experience":24780,"relics_obtained":[{"floor":6,"key":"Bag of Preparation"},{"floor":9,"key":"Happy Flower"}],"event_choices":[{"damage_healed":0,"gold_gain":175,"player_choice":"AGREE","damage_taken":0,"max_hp_gain":0,"max_hp_loss":0,"event_name":"Liars Game","floor":8,"gold_loss":0,"cards_obtained":["Doubt"]},{"damage_healed":0,"gold_gain":275,"player_choice":"Desecrate","damage_taken":0,"max_hp_gain":0,"max_hp_loss":0,"event_name":"Golden Shrine","floor":11,"gold_loss":0,"cards_obtained":["Regret"]}],"is_beta":false,"boss_relics":[],"items_purged_floors":[5],"is_endless":false,"potions_floor_spawned":[1,3,6,13],"killed_by":"Hexaghost","ascension_level":0}