{"gold_per_floor":[113,124,124,124,194,220,234,284,284,27,77,127,210,223,223,319,319,333,346,2,52,102],"floor_reached":22,"playtime":578,"items_purged":["Strike_B","Strike_B"],"score":368,"play_id":"18bdbf95-0c13-4f35-972a-e558679fa407","local_time":"20190609225126","is_ascension_mode":true,"campfire_choices":[{"floor":15,"key":"REST"}],"neow_cost":"NONE","seed_source_timestamp":1015783582744047,"circlet_count":0,"master_deck":["AscendersBane","Strike_B","Defend_B","Defend_B","Defend_B","Defend_B","Zap+1","Dualcast","Genetic Algorithm+1","Static Discharge","Ball Lightning","Electrodynamics+1","Defragment","Ball Lightning","Auto Shields","Thunder Strike","Conserve Battery","Compile Driver"],"relics":["Cracked Core","NeowsBlessing","SsserpentHead","Oddly Smooth Stone","Golden Idol","The Courier","Regal Pillow","Odd Mushroom","Nuclear Battery","Gambling Chip"],"potions_floor_usage":[6,13,14],"damage_taken":[{"damage":0,"enemies":"Small Slimes","floor":1,"turns":1},{"damage":0,"enemies":"Cultist","floor":2,"turns":1},{"damage":0,"enemies":"2 Louse","floor":5,"turns":1},{"damage":20,"enemies":"Lagavulin","floor":6,"turns":7},{"damage":8,"enemies":"Blue Slaver","floor":7,"turns":3},{"damage":10,"enemies":"The Mushroom Lair","floor":13,"turns":3},{"damage":6,"enemies":"3 Louse","floor":14,"turns":3},{"damage":6,"enemies":"Slime Boss","floor":16,"turns":5},{"damage":19,"enemies":"Spheric Guardian","floor":18,"turns":4},{"damage":24,"enemies":"2 Thieves","floor":19,"turns":4},{"damage":6,"enemies":"Centurion and Healer","floor":22,"turns":4}],"seed_played":"-7478407780736061218","potions_obtained":[{"floor":5,"key":"Weak Potion"},{"floor":6,"key":"Regen Potion"},{"floor":13,"key":"Weak Potion"}],"is_trial":false,"path_per_floor":["M","M","?","?","M","E","M","?","T","$","?","?","?","M","R","B",null,"M","M","$","?","M"],"character_chosen":"DEFECT","items_purchased":["Defragment","Regal Pillow","Gambling Chip"],"campfire_rested":1,"item_purchase_floors":[10,10,20],"current_hp_per_floor":[64,64,64,64,64,44,36,36,36,36,17,10,9,3,37,31,56,37,13,13,4,0],"gold":102,"neow_bonus":"THREE_ENEMY_KILL","is_prod":false,"is_daily":false,"chose_seed":false,"campfire_upgraded":0,"win_rate":0,"timestamp":1560138686,"path_taken":["M","M","?","?","?","E","M","?","T","$","?","?","?","M","R","BOSS","M","M","$","?","?"],"build_version":"2019-01-23","purchased_purges":2,"victory":false,"max_hp_per_floor":[71,71,71,71,71,71,71,64,64,64,64,64,64,64,64,64,64,64,64,64,64,64],"card_choices":[{"not_picked":["Compile Driver","Gash"],"picked":"Genetic Algorithm","floor":1},{"not_picked":["White Noise","Undo"],"picked":"Static Discharge","floor":2},{"not_picked":["Auto Shields","Conserve Battery"],"picked":"Ball Lightning","floor":5},{"not_picked":["Self Repair","Redo"],"picked":"Electrodynamics","floor":6},{"not_picked":["Leap","Fusion","Static Discharge"],"picked":"SKIP","floor":7},{"not_picked":["Heatsinks","Reinforced Body"],"picked":"Ball Lightning","floor":13},{"not_picked":["Darkness","Go for the Eyes"],"picked":"Auto Shields","floor":14},{"not_picked":["Buffer","Meteor Strike"],"picked":"Thunder Strike","floor":16},{"not_picked":["Hologram","Recycle"],"picked":"Conserve Battery","floor":18},{"not_picked":["Rebound","Hologram"],"picked":"Compile Driver","floor":19}],"player_experience":1747051,"relics_obtained":[{"floor":6,"key":"Oddly Smooth Stone"},{"floor":9,"key":"The Courier"},{"floor":13,"key":"Odd Mushroom"}],"event_choices":[{"damage_healed":0,"gold_gain":0,"player_choice":"Grow","damage_taken":0,"max_hp_gain":0,"max_hp_loss":0,"event_name":"Living Wall","floor":3,"gold_loss":0,"cards_upgraded":["Zap"]},{"damage_healed":0,"gold_gain":0,"player_choice":"Trade","damage_taken":0,"relics_obtained":["SsserpentHead"],"max_hp_gain":0,"max_hp_loss":0,"event_name":"FaceTrader","floor":4,"gold_loss":0},{"damage_healed":0,"gold_gain":0,"player_choice":"Lose Max HP","damage_taken":0,"relics_obtained":["Golden Idol"],"max_hp_gain":0,"max_hp_loss":7,"event_name":"Golden Idol","floor":8,"gold_loss":0},{"damage_healed":0,"gold_gain":0,"player_choice":"Entered Light","damage_taken":19,"max_hp_gain":0,"max_hp_loss":0,"event_name":"Shining Light","floor":11,"gold_loss":0,"cards_upgraded":["Genetic Algorithm","Electrodynamics"]},{"cards_removed":["Strike_B"],"damage_healed":0,"gold_gain":0,"player_choice":"Card Removal","damage_taken":7,"max_hp_gain":0,"max_hp_loss":0,"event_name":"Golden Wing","floor":12,"gold_loss":0},{"damage_healed":0,"gold_gain":0,"player_choice":"Fought Mushrooms","damage_taken":0,"max_hp_gain":0,"max_hp_loss":0,"event_name":"Mushrooms","floor":13,"gold_loss":0},{"damage_healed":0,"gold_gain":0,"player_choice":"Damaged","damage_taken":9,"max_hp_gain":0,"max_hp_loss":0,"event_name":"Wheel of Change","floor":21,"gold_loss":0}],"is_beta":false,"boss_relics":[{"not_picked":["Tiny House","Eternal Feather"],"picked":"Nuclear Battery"}],"items_purged_floors":[10,20],"is_endless":false,"potions_floor_spawned":[5,6,13],"killed_by":"Centurion and Healer","ascension_level":20}