{"gold_per_floor":[119,119,138,138,32,32,45,66,66,87,103,116,116,146,146,276,276,300,325,67,67,67,407,407,407,407,317,336,348,359,391,391,391],"floor_reached":33,"playtime":3025,"items_purged":["Heavy Blade"],"score":304,"play_id":"0f11ea4c-a95d-4ac1-ad55-05d168f9bf90","local_time":"20190703222420","is_ascension_mode":false,"campfire_choices":[{"floor":6,"key":"REST"},{"floor":13,"key":"REST"},{"floor":15,"key":"REST"},{"data":"J.A.X.","floor":25,"key":"SMITH"},{"floor":32,"key":"REST"}],"neow_cost":"NONE","seed_source_timestamp":1461488591239400,"circlet_count":0,"master_deck":["Strike_R","Strike_R","Strike_R","Strike_R","Strike_R","Defend_R","Defend_R","Bash","Iron Wave","Whirlwind+1","Fire Breathing","Perfected Strike","Dropkick","Metallicize","Perfected Strike","Armaments","Perfected Strike","Blood for Blood","Juggernaut","Cleave","Anger+1","Combust","J.A.X.+1","Ghostly","Ghostly","Ghostly","Ghostly","Ghostly","Shrug It Off+1","Rupture","Metallicize","Thunderclap+1","Armaments"],"relics":["Burning Blood","Bloody Idol","Gambling Chip","Gremlin Horn","Odd Mushroom","Mark of Pain","Oddly Smooth Stone","Old Coin","Mummified Hand","Omamori"],"potions_floor_usage":[16,16,16,31,33,33,33],"damage_taken":[{"damage":2,"enemies":"2 Louse","floor":1,"turns":2},{"damage":6,"enemies":"Jaw Worm","floor":3,"turns":2},{"damage":8,"enemies":"Small Slimes","floor":7,"turns":3},{"damage":16,"enemies":"Blue Slaver","floor":8,"turns":4},{"damage":10,"enemies":"Looter","floor":10,"turns":2},{"damage":21,"enemies":"Red Slaver","floor":11,"turns":3},{"damage":12,"enemies":"Lots of Slimes","floor":12,"turns":3},{"damage":16,"enemies":"The Mushroom Lair","floor":14,"turns":3},{"damage":21,"enemies":"Slime Boss","floor":16,"turns":11},{"damage":0,"enemies":"3 Byrds","floor":18,"turns":4},{"damage":12,"enemies":"Chosen","floor":19,"turns":5},{"damage":5,"enemies":"Book of Stabbing","floor":23,"turns":5},{"damage":1,"enemies":"3 Cultists","floor":28,"turns":4},{"damage":11,"enemies":"Snecko","floor":29,"turns":5},{"damage":15,"enemies":"Shelled Parasite and Fungi","floor":30,"turns":4},{"damage":22,"enemies":"Slavers","floor":31,"turns":5},{"damage":50,"enemies":"Automaton","floor":33,"turns":6}],"seed_played":"-7723937059070816312","potions_obtained":[{"floor":1,"key":"Explosive Potion"},{"floor":3,"key":"Poison Potion"},{"floor":11,"key":"Block Potion"},{"floor":16,"key":"Strength Potion"},{"floor":28,"key":"SpeedPotion"},{"floor":29,"key":"SteroidPotion"},{"floor":31,"key":"BloodPotion"}],"is_trial":false,"path_per_floor":["M","?","M","?","$","R","M","M","T","M","M","M","R","?","R","B",null,"M","M","$","?","?","E","?","R","T","?","M","M","M","E","R","B"],"character_chosen":"IRONCLAD","items_purchased":["Fire Breathing","Perfected Strike","Oddly Smooth Stone","Combust"],"campfire_rested":4,"item_purchase_floors":[5,5,20,20],"current_hp_per_floor":[80,60,60,48,48,72,70,60,60,56,41,35,59,49,73,58,80,80,74,74,74,40,40,40,40,40,40,40,40,36,25,37,0],"gold":391,"neow_bonus":"TRANSFORM_CARD","is_prod":false,"is_daily":false,"chose_seed":false,"campfire_upgraded":1,"win_rate":0.0,"timestamp":1562207060,"path_taken":["M","?","M","?","?","R","M","?","T","M","M","M","R","?","R","BOSS","M","M","$","?","?","E","?","R","T","?","?","M","M","E","R","BOSS"],"build_version":"2019-07-01","purchased_purges":1,"victory":false,"max_hp_per_floor":[80,80,80,80,80,80,80,80,80,80,80,80,80,80,80,80,80,80,80,80,80,40,40,40,40,40,40,40,40,40,40,40,40],"card_choices":[{"not_picked":["Uppercut","Spot Weakness"],"picked":"Whirlwind","floor":1},{"not_picked":["Clash","Sword Boomerang"],"picked":"Heavy Blade","floor":3},{"not_picked":["Body Slam","Twin Strike"],"picked":"Dropkick","floor":7},{"not_picked":["Power Through","Shockwave"],"picked":"Metallicize","floor":8},{"not_picked":["Sword Boomerang","Armaments"],"picked":"Perfected Strike","floor":10},{"not_picked":["Disarm","Power Through"],"picked":"Armaments","floor":11},{"not_picked":["Headbutt","Sword Boomerang"],"picked":"Perfected Strike","floor":12},{"not_picked":["Shrug It Off","Thunderclap"],"picked":"Blood for Blood","floor":14},{"not_picked":["Bludgeon","Fiend Fire"],"picked":"Juggernaut","floor":16},{"not_picked":["Warcry","Clothesline"],"picked":"Cleave","floor":18},{"not_picked":["Warcry","Armaments"],"picked":"Anger+1","floor":19},{"not_picked":["Juggernaut","Anger"],"picked":"Shrug It Off+1","floor":23},{"not_picked":["Headbutt+1","Metallicize"],"picked":"Rupture","floor":28},{"not_picked":["Juggernaut","Clash+1"],"picked":"Metallicize","floor":29},{"not_picked":["Warcry","Clash"],"picked":"Thunderclap+1","floor":30},{"not_picked":["Sword Boomerang+1","Clothesline"],"picked":"Armaments","floor":31}],"player_experience":12417,"relics_obtained":[{"floor":9,"key":"Gremlin Horn"},{"floor":14,"key":"Odd Mushroom"},{"floor":23,"key":"Old Coin"},{"floor":26,"key":"Mummified Hand"},{"floor":31,"key":"Omamori"}],"event_choices":[{"damage_healed":0,"gold_gain":0,"player_choice":"Take Damage","damage_taken":20,"relics_obtained":["Golden Idol"],"max_hp_gain":0,"max_hp_loss":0,"event_name":"Golden Idol","floor":2,"gold_loss":0},{"damage_healed":0,"gold_gain":0,"player_choice":"Success","damage_taken":12,"relics_obtained":["Gambling Chip"],"max_hp_gain":0,"max_hp_loss":0,"event_name":"Scrap Ooze","floor":4,"gold_loss":0},{"damage_healed":0,"gold_gain":0,"player_choice":"Fought Mushrooms","damage_taken":0,"max_hp_gain":0,"max_hp_loss":0,"event_name":"Mushrooms","floor":14,"gold_loss":0},{"damage_healed":0,"gold_gain":0,"player_choice":"Obtain J.A.X.","damage_taken":0,"max_hp_gain":0,"max_hp_loss":0,"event_name":"Drug Dealer","floor":21,"gold_loss":0,"cards_obtained":["J.A.X."]},{"damage_healed":0,"gold_gain":0,"player_choice":"Became a Ghost","damage_taken":0,"max_hp_gain":0,"max_hp_loss":40,"event_name":"Ghosts","floor":22,"gold_loss":0,"cards_obtained":["Ghostly","Ghostly","Ghostly","Ghostly","Ghostly"]},{"damage_healed":0,"gold_gain":0,"player_choice":"Gave Idol","damage_taken":0,"relics_obtained":["Bloody Idol"],"max_hp_gain":0,"max_hp_loss":0,"event_name":"Forgotten Altar","floor":24,"relics_lost":["Golden Idol"],"gold_loss":0},{"cards_removed":["Defend_R"],"damage_healed":0,"gold_gain":0,"player_choice":"Upgrade and Remove","damage_taken":0,"max_hp_gain":0,"max_hp_loss":0,"event_name":"Designer","floor":27,"gold_loss":90,"cards_upgraded":["Whirlwind"]}],"is_beta":false,"boss_relics":[{"not_picked":["Cursed Key","Snecko Eye"],"picked":"Mark of Pain"}],"items_purged_floors":[20],"is_endless":false,"potions_floor_spawned":[1,3,11,16,28,29,31],"killed_by":"Automaton","ascension_level":0}