{"gold_per_floor":[114,389,409,62,79,79,109,122,175,175,219,3,3,3,3,97,97,112,112,62,78,98,98,129,153,153,153,187,201,221,256,256,256],"floor_reached":33,"playtime":1242,"items_purged":["Regret","Strike_G+1"],"score":630,"play_id":"e76376b9-daa8-4be4-8dd7-72af5804715e","local_time":"20190601184553","is_ascension_mode":true,"campfire_choices":[{"data":"Skewer","floor":6,"key":"SMITH"},{"floor":15,"key":"REST"},{"data":"Crippling Poison","floor":23,"key":"SMITH"},{"floor":27,"key":"REST"},{"data":"Catalyst","floor":32,"key":"SMITH"}],"neow_cost":"NONE","seed_source_timestamp":309186508945313,"circlet_count":0,"master_deck":["AscendersBane","Defend_G+1","Defend_G+1","Defend_G+1","Defend_G+1","Defend_G+1","Strike_G+1","Strike_G+1","Strike_G+1","Strike_G+1","Survivor","Neutralize","Bouncing Flask","Skewer+1","Dagger Spray","Poisoned Stab","Cloak And Dagger","Die Die Die","Deflect","Crippling Poison+1","Footwork+1","Doppelganger","Masterful Stab+1","Catalyst+1","Terror","Backflip","Backflip"],"relics":["Ring of the Snake","NeowsBlessing","Pantograph","Meat on the Bone","Smiling Mask","Golden Idol","Happy Flower","Bronze Scales","Frozen Egg 2","Sozu","Bird Faced Urn","The Courier","Dodecahedron","Oddly Smooth Stone"],"potions_floor_usage":[11,11,16],"damage_taken":[{"damage":0,"enemies":"Small Slimes","floor":1,"turns":1},{"damage":0,"enemies":"Cultist","floor":3,"turns":1},{"damage":0,"enemies":"Jaw Worm","floor":5,"turns":1},{"damage":31,"enemies":"3 Sentries","floor":7,"turns":12},{"damage":9,"enemies":"Looter","floor":8,"turns":3},{"damage":13,"enemies":"Gremlin Nob","floor":11,"turns":4},{"damage":18,"enemies":"Hexaghost","floor":16,"turns":8},{"damage":11,"enemies":"Shell Parasite","floor":18,"turns":4},{"damage":16,"enemies":"2 Thieves","floor":21,"turns":4},{"damage":4,"enemies":"Snake Plant","floor":22,"turns":4},{"damage":28,"enemies":"Slavers","floor":24,"turns":4},{"damage":5,"enemies":"Chosen and Byrds","floor":25,"turns":5},{"damage":8,"enemies":"Gremlin Leader","floor":28,"turns":6},{"damage":12,"enemies":"Centurion and Healer","floor":29,"turns":6},{"damage":27,"enemies":"Sentry and Sphere","floor":30,"turns":6},{"damage":24,"enemies":"Slavers","floor":31,"turns":5},{"damage":110,"enemies":"Automaton","floor":33,"turns":12}],"seed_played":"-5917257553619708135","potions_obtained":[{"floor":3,"key":"Strength Potion"},{"floor":11,"key":"Poison Potion"}],"is_trial":false,"path_per_floor":["M","?","M","$","M","R","E","M","T","?","E","$","?","T","R","B",null,"M","?","$","M","M","R","E","M","T","R","E","M","M","E","R","B"],"character_chosen":"THE_SILENT","items_purchased":["Pantograph","GhostInAJar","Bronze Scales"],"campfire_rested":2,"item_purchase_floors":[4,4,12],"current_hp_per_floor":[59,59,59,59,59,59,28,31,31,31,30,30,12,12,30,37,54,43,43,43,39,35,35,19,28,28,46,40,42,29,19,19,0],"gold":256,"neow_bonus":"THREE_ENEMY_KILL","is_prod":false,"is_daily":false,"chose_seed":false,"campfire_upgraded":3,"win_rate":0,"timestamp":1559432753,"path_taken":["M","?","?","?","?","R","E","M","T","?","E","$","?","?","R","BOSS","M","?","?","M","M","R","E","M","T","R","E","M","?","E","R","BOSS"],"build_version":"2019-01-23","purchased_purges":2,"victory":false,"max_hp_per_floor":[66,66,66,66,66,66,66,66,66,60,60,60,60,60,60,60,60,60,60,60,60,60,60,60,60,60,60,60,60,60,60,60,60],"card_choices":[{"not_picked":["Prepared","Choke"],"picked":"Bouncing Flask","floor":1},{"not_picked":["Dagger Throw","Tactician"],"picked":"Skewer","floor":3},{"not_picked":["Outmaneuver","Finisher","Underhanded Strike"],"picked":"SKIP","floor":5},{"not_picked":["Storm of Steel","Blur"],"picked":"Dagger Spray","floor":7},{"not_picked":["Slice","Masterful Stab"],"picked":"Poisoned Stab","floor":8},{"not_picked":["Prepared","Bouncing Flask"],"picked":"Cloak And Dagger","floor":11},{"not_picked":["Bullet Time","Doppelganger"],"picked":"Die Die Die","floor":16},{"not_picked":["Dagger Spray","Deadly Poison"],"picked":"Deflect","floor":18},{"not_picked":["Quick Slash","Backstab"],"picked":"Crippling Poison","floor":21},{"not_picked":["Blade Dance","Deflect+1"],"picked":"Footwork+1","floor":22},{"not_picked":["Underhanded Strike","Skewer"],"picked":"Doppelganger","floor":24},{"not_picked":["Blade Dance","Expertise"],"picked":"Masterful Stab+1","floor":25},{"not_picked":["Dagger Throw","Blade Dance+1"],"picked":"Catalyst","floor":28},{"not_picked":["Dagger Throw","Outmaneuver"],"picked":"Terror","floor":29},{"not_picked":["Bouncing Flask","Prepared"],"picked":"Backflip","floor":30},{"not_picked":["Dagger Spray","Flechettes"],"picked":"Backflip","floor":31}],"player_experience":1657275,"relics_obtained":[{"floor":7,"key":"Meat on the Bone"},{"floor":9,"key":"Smiling Mask"},{"floor":11,"key":"Happy Flower"},{"floor":14,"key":"Frozen Egg 2"},{"floor":24,"key":"Bird Faced Urn"},{"floor":26,"key":"The Courier"},{"floor":28,"key":"Dodecahedron"},{"floor":31,"key":"Oddly Smooth Stone"}],"event_choices":[{"damage_healed":0,"gold_gain":275,"player_choice":"Desecrate","damage_taken":0,"max_hp_gain":0,"max_hp_loss":0,"event_name":"Golden Shrine","floor":2,"gold_loss":0,"cards_obtained":["Regret"]},{"damage_healed":0,"gold_gain":0,"player_choice":"Lose Max HP","damage_taken":0,"relics_obtained":["Golden Idol"],"max_hp_gain":0,"max_hp_loss":6,"event_name":"Golden Idol","floor":10,"gold_loss":0},{"damage_healed":0,"gold_gain":0,"player_choice":"Entered Light","damage_taken":18,"max_hp_gain":0,"max_hp_loss":0,"event_name":"Shining Light","floor":13,"gold_loss":0,"cards_upgraded":["Strike_G","Defend_G"]},{"damage_healed":0,"gold_gain":0,"player_choice":"Simplicity","damage_taken":0,"max_hp_gain":0,"max_hp_loss":0,"event_name":"Back to Basics","floor":19,"gold_loss":0,"cards_upgraded":["Defend_G","Defend_G","Defend_G","Defend_G","Strike_G","Strike_G","Strike_G","Strike_G"]}],"is_beta":false,"boss_relics":[{"not_picked":["Philosopher\u0027s Stone","White Beast Statue"],"picked":"Sozu"}],"items_purged_floors":[12,20],"is_endless":false,"potions_floor_spawned":[3,8,11,18,22,24,29],"killed_by":"Automaton","ascension_level":20}