{"gold_per_floor":[117,131,148,148,158,158,192,192,192,211,211,242,24,43,43,43],"floor_reached":16,"playtime":606,"items_purged":["Reaper"],"score":176,"play_id":"40d5acf1-47d7-49b5-afe8-b4ae87278954","local_time":"20190701113949","is_ascension_mode":true,"campfire_choices":[{"data":"Corruption","floor":6,"key":"SMITH"},{"data":"Feel No Pain","floor":8,"key":"SMITH"},{"data":"Rage","floor":15,"key":"SMITH"}],"neow_cost":"","seed_source_timestamp":0,"circlet_count":0,"master_deck":["Defend_R","Defend_R","Defend_R+1","Defend_R","Bash","Clash","Clash","Clash","Clash","Clash","Shrug It Off","Corruption+1","Feel No Pain+1","Shrug It Off+1","Flame Barrier","Battle Trance","Rage+1"],"relics":["Burning Blood","Unceasing Top","Happy Flower","War Paint","Pantograph","Paper Frog","Bag of Marbles"],"potions_floor_usage":[],"damage_taken":[{"damage":0,"enemies":"Jaw Worm","floor":1,"turns":1},{"damage":0,"enemies":"Cultist","floor":2,"turns":2},{"damage":0,"enemies":"Small Slimes","floor":3,"turns":2},{"damage":1,"enemies":"2 Fungi Beasts","floor":5,"turns":3},{"damage":2,"enemies":"Gremlin Nob","floor":7,"turns":3},{"damage":0,"enemies":"Lots of Slimes","floor":10,"turns":1},{"damage":24,"enemies":"3 Sentries","floor":12,"turns":20},{"damage":0,"enemies":"Gremlin Gang","floor":14,"turns":2},{"damage":15,"enemies":"Hexaghost","floor":16,"turns":9}],"seed_played":"3193769272319051274","potions_obtained":[{"floor":3,"key":"Energy Potion"},{"floor":5,"key":"Regen Potion"},{"floor":12,"key":"Regen Potion"}],"is_trial":true,"path_per_floor":["M","M","M","?","M","R","E","R","T","M","?","E","$","M","R","B"],"character_chosen":"IRONCLAD","items_purchased":["Bag of Marbles"],"campfire_rested":0,"item_purchase_floors":[13],"current_hp_per_floor":[78,80,80,80,80,80,80,80,80,80,77,64,64,70,70,65],"gold":43,"neow_bonus":"","is_prod":false,"is_daily":false,"chose_seed":false,"campfire_upgraded":3,"win_rate":0,"timestamp":1561948789,"path_taken":["M","M","M","?","M","R","E","R","T","?","?","E","$","M","R","BOSS"],"build_version":"2019-01-23","purchased_purges":1,"victory":false,"max_hp_per_floor":[80,80,80,80,80,80,80,80,80,80,80,80,80,80,80,80],"card_choices":[{"not_picked":["Flex","Infernal Blade"],"picked":"Shrug It Off","floor":1},{"not_picked":["Disarm","Shrug It Off"],"picked":"Corruption","floor":2},{"not_picked":["Perfected Strike","Thunderclap"],"picked":"Feel No Pain","floor":3},{"not_picked":["Entrench","Iron Wave"],"picked":"Shrug It Off","floor":5},{"not_picked":["Berserk","Clothesline"],"picked":"Flame Barrier","floor":7},{"not_picked":["Pommel Strike","Inflame","True Grit"],"picked":"SKIP","floor":10},{"not_picked":["Uppercut","Seeing Red"],"picked":"Battle Trance","floor":12},{"not_picked":["Ghostly Armor","Evolve"],"picked":"Rage","floor":14}],"player_experience":169661,"relics_obtained":[{"floor":7,"key":"Happy Flower"},{"floor":9,"key":"War Paint"},{"floor":12,"key":"Paper Frog"}],"event_choices":[{"damage_healed":0,"gold_gain":0,"player_choice":"1 cards matched","damage_taken":0,"max_hp_gain":0,"max_hp_loss":0,"event_name":"Match and Keep!","floor":4,"gold_loss":0,"cards_obtained":["Reaper"]},{"damage_healed":0,"gold_gain":0,"player_choice":"Success","damage_taken":3,"relics_obtained":["Pantograph"],"max_hp_gain":0,"max_hp_loss":0,"event_name":"Scrap Ooze","floor":11,"gold_loss":0}],"is_beta":false,"boss_relics":[],"items_purged_floors":[13],"is_endless":false,"potions_floor_spawned":[3,5,12,14],"killed_by":"Hexaghost","ascension_level":7}