{"gold_per_floor":[116,116,135,153,168,200,200,230,279,466,478,490,518,550,562,669,681,713,725,757,116,147,180,193,193,217,241,241,241,341,352,352,352],"floor_reached":33,"playtime":3521,"items_purged":["Pain"],"score":315,"play_id":"46dd2c60-736f-4702-bfe9-aa848a1b4860","local_time":"20190704112813","is_ascension_mode":false,"campfire_choices":[{"data":"Crippling Poison","floor":7,"key":"SMITH"},{"floor":15,"key":"REST"},{"floor":25,"key":"REST"},{"data":"J.A.X.","floor":29,"key":"SMITH"},{"floor":32,"key":"REST"}],"neow_cost":"NONE","seed_source_timestamp":1508024142803700,"circlet_count":0,"master_deck":["Defend_G","Defend_G","Defend_G","Defend_G","Defend_G","Survivor","Neutralize","Crippling Poison+1","Predator","Endless Agony","Dagger Spray","Poisoned Stab","Doubt","Infinite Blades","Flying Knee","Night Terror","Dagger Throw","J.A.X.+1","Sucker Punch","Infinite Blades","Underhanded Strike","Quick Slash","Acrobatics","Parasite","Parasite","Bite","Bite","Bite","Bite","Bite","Predator","Escape Plan"],"relics":["Cursed Key","Letter Opener","Happy Flower","MawBank","WarpedTongs","Busted Crown","Ninja Scroll","Bottled Lightning","Red Mask","Pantograph","Strawberry","Juzu Bracelet","Mango","Mercury Hourglass"],"potions_floor_usage":[16,23,23,30,33,33],"damage_taken":[{"damage":1,"enemies":"Jaw Worm","floor":1,"turns":5},{"damage":0,"enemies":"2 Louse","floor":3,"turns":2},{"damage":1,"enemies":"Small Slimes","floor":4,"turns":3},{"damage":0,"enemies":"3 Louse","floor":5,"turns":3},{"damage":6,"enemies":"3 Sentries","floor":6,"turns":9},{"damage":7,"enemies":"Exordium Thugs","floor":13,"turns":3},{"damage":5,"enemies":"Exordium Wildlife","floor":14,"turns":2},{"damage":36,"enemies":"The Guardian","floor":16,"turns":10},{"damage":18,"enemies":"Shell Parasite","floor":18,"turns":4},{"damage":6,"enemies":"3 Byrds","floor":20,"turns":3},{"damage":12,"enemies":"Masked Bandits","floor":22,"turns":3},{"damage":3,"enemies":"Gremlin Leader","floor":23,"turns":4},{"damage":12,"enemies":"Snake Plant","floor":24,"turns":4},{"damage":13,"enemies":"Colosseum Slavers","floor":30,"turns":3},{"damage":26,"enemies":"Colosseum Nobs","floor":30,"turns":4},{"damage":9,"enemies":"Cultist and Chosen","floor":31,"turns":3},{"damage":91,"enemies":"Champ","floor":33,"turns":7}],"seed_played":"-7071464157486079536","potions_obtained":[{"floor":1,"key":"AttackPotion"},{"floor":6,"key":"Energy Potion"},{"floor":13,"key":"GhostInAJar"},{"floor":22,"key":"Explosive Potion"},{"floor":23,"key":"PowerPotion"},{"floor":30,"key":"PowerPotion"}],"is_trial":false,"path_per_floor":["M","?","M","M","M","E","R","?","T","?","?","?","M","M","R","B",null,"M","?","M","$","?","E","M","R","T","T","?","R","?","M","R","B"],"character_chosen":"THE_SILENT","items_purchased":["Ninja Scroll","Infinite Blades","Bottled Lightning"],"campfire_rested":3,"item_purchase_floors":[21,21,21],"current_hp_per_floor":[69,57,57,56,56,50,50,50,50,50,50,50,43,38,59,23,70,52,52,46,46,34,31,19,40,47,47,47,47,36,34,54,0],"gold":352,"neow_bonus":"BOSS_RELIC","is_prod":false,"is_daily":false,"chose_seed":false,"campfire_upgraded":2,"win_rate":0.0,"timestamp":1562254093,"path_taken":["M","?","M","M","M","E","R","?","T","?","?","?","M","M","R","BOSS","M","?","M","$","?","E","M","R","T","?","?","R","?","M","R","BOSS"],"build_version":"2019-07-01","purchased_purges":1,"victory":false,"max_hp_per_floor":[70,70,70,70,70,70,70,70,70,70,70,70,70,70,70,70,70,70,70,70,70,70,70,70,70,77,77,53,53,67,67,67,67],"card_choices":[{"not_picked":["PiercingWail","Sucker Punch"],"picked":"Crippling Poison","floor":1},{"not_picked":["Poisoned Stab","Slice"],"picked":"Predator","floor":3},{"not_picked":["Dagger Throw","Calculated Gamble"],"picked":"Endless Agony","floor":4},{"not_picked":["Choke","Expertise"],"picked":"Dagger Spray","floor":5},{"not_picked":["Dagger Throw","Prepared"],"picked":"Poisoned Stab","floor":6},{"not_picked":["Bane","Underhanded Strike"],"picked":"Infinite Blades","floor":13},{"not_picked":["Prepared","Outmaneuver"],"picked":"Flying Knee","floor":14},{"not_picked":["Tools of the Trade","Corpse Explosion"],"picked":"Night Terror","floor":16},{"not_picked":[],"picked":"Dagger Throw","floor":18},{"not_picked":[],"picked":"Sucker Punch","floor":20},{"not_picked":[],"picked":"Underhanded Strike","floor":22},{"not_picked":[],"picked":"Quick Slash","floor":23},{"not_picked":[],"picked":"Acrobatics","floor":24},{"not_picked":[],"picked":"Predator","floor":30},{"not_picked":[],"picked":"Escape Plan","floor":31}],"player_experience":24496,"relics_obtained":[{"floor":6,"key":"Happy Flower"},{"floor":9,"key":"MawBank"},{"floor":22,"key":"Red Mask"},{"floor":23,"key":"Pantograph"},{"floor":26,"key":"Strawberry"},{"floor":27,"key":"Juzu Bracelet"},{"floor":30,"key":"Mango"},{"floor":30,"key":"Mercury Hourglass"}],"event_choices":[{"damage_healed":0,"gold_gain":0,"player_choice":"Success","damage_taken":12,"relics_obtained":["Letter Opener"],"max_hp_gain":0,"max_hp_loss":0,"event_name":"Scrap Ooze","floor":2,"gold_loss":0},{"damage_healed":0,"gold_gain":30,"player_choice":"Searched \u00271\u0027 times","damage_taken":0,"max_hp_gain":0,"max_hp_loss":0,"event_name":"Dead Adventurer","floor":8,"gold_loss":0},{"damage_healed":0,"gold_gain":175,"player_choice":"AGREE","damage_taken":0,"max_hp_gain":0,"max_hp_loss":0,"event_name":"Liars Game","floor":10,"gold_loss":0,"cards_obtained":["Doubt"]},{"cards_removed":["Shame"],"damage_healed":0,"gold_gain":0,"player_choice":"Forget","damage_taken":0,"max_hp_gain":0,"max_hp_loss":0,"event_name":"Living Wall","floor":11,"gold_loss":0},{"damage_healed":0,"gold_gain":0,"player_choice":"Rummage","damage_taken":0,"relics_obtained":["WarpedTongs"],"max_hp_gain":0,"max_hp_loss":0,"event_name":"Accursed Blacksmith","floor":12,"gold_loss":0,"cards_obtained":["Pain"]},{"damage_healed":0,"gold_gain":0,"player_choice":"Obtain J.A.X.","damage_taken":0,"max_hp_gain":0,"max_hp_loss":0,"event_name":"Drug Dealer","floor":19,"gold_loss":0,"cards_obtained":["J.A.X."]},{"damage_healed":0,"gold_gain":0,"player_choice":"Fought Bandits","damage_taken":0,"max_hp_gain":0,"max_hp_loss":0,"event_name":"Masked Bandits","floor":22,"gold_loss":0},{"damage_healed":0,"gold_gain":0,"player_choice":"Became a vampire","damage_taken":0,"max_hp_gain":0,"max_hp_loss":24,"event_name":"Vampires","floor":28,"gold_loss":0,"cards_obtained":["Bite","Bite","Bite","Bite","Bite"]},{"damage_healed":0,"gold_gain":0,"player_choice":"Fight","damage_taken":0,"max_hp_gain":0,"max_hp_loss":0,"event_name":"Colosseum","floor":30,"gold_loss":0},{"damage_healed":0,"gold_gain":0,"player_choice":"Fought Nobs","damage_taken":0,"max_hp_gain":0,"max_hp_loss":0,"event_name":"Colosseum","floor":30,"gold_loss":0}],"is_beta":false,"boss_relics":[{"not_picked":["Sozu","Calling Bell"],"picked":"Busted Crown"}],"items_purged_floors":[21],"is_endless":false,"potions_floor_spawned":[1,6,13,14,22,23,30],"killed_by":"Champ","ascension_level":0}