{"gold_per_floor":[112,12,12,12,27,27,45,45,45,59,77,102,114,114],"floor_reached":14,"playtime":466,"items_purged":["Strike_G"],"score":184,"play_id":"f88c0fc1-bd9a-40f9-ba6d-3263409cb2e8","local_time":"20190609162737","is_ascension_mode":true,"campfire_choices":[{"data":"Predator","floor":6,"key":"SMITH"},{"floor":8,"key":"REST"}],"neow_cost":"PERCENT_DAMAGE","seed_source_timestamp":992867185972285,"circlet_count":0,"master_deck":["AscendersBane","Defend_G","Defend_G+1","Defend_G","Defend_G","Defend_G","Strike_G","Strike_G","Strike_G+1","Strike_G","Survivor","Neutralize","PiercingWail","Poisoned Stab","Predator+1","Leg Sweep","Dagger Throw","All Out Attack","Well Laid Plans"],"relics":["Ring of the Snake","Torii","GremlinMask","Bird Faced Urn","StoneCalendar"],"potions_floor_usage":[12,14],"damage_taken":[{"damage":2,"enemies":"Jaw Worm","floor":1,"turns":6},{"damage":1,"enemies":"2 Louse","floor":5,"turns":4},{"damage":0,"enemies":"Cultist","floor":7,"turns":4},{"damage":1,"enemies":"Looter","floor":10,"turns":3},{"damage":5,"enemies":"Gremlin Gang","floor":11,"turns":5},{"damage":14,"enemies":"Lagavulin","floor":12,"turns":10},{"damage":1,"enemies":"Blue Slaver","floor":13,"turns":3},{"damage":27,"enemies":"Gremlin Nob","floor":14,"turns":3}],"seed_played":"-8091013039285102729","potions_obtained":[{"floor":1,"key":"Block Potion"},{"floor":10,"key":"AttackPotion"},{"floor":12,"key":"LiquidBronze"}],"is_trial":false,"path_per_floor":["M","$","?","?","M","R","M","R","T","M","M","E","M","E"],"character_chosen":"THE_SILENT","items_purchased":["Poisoned Stab"],"campfire_rested":1,"item_purchase_floors":[2],"current_hp_per_floor":[42,42,22,22,21,21,21,40,40,39,34,20,19,0],"gold":114,"neow_bonus":"ONE_RARE_RELIC","is_prod":false,"is_daily":false,"chose_seed":false,"campfire_upgraded":1,"win_rate":0,"timestamp":1560115657,"path_taken":["M","$","?","?","M","R","?","R","T","M","M","E","M","E"],"build_version":"2019-01-23","purchased_purges":1,"victory":false,"max_hp_per_floor":[66,66,66,66,66,66,66,66,66,66,66,66,66,66],"card_choices":[{"not_picked":["Masterful Stab","Acrobatics"],"picked":"PiercingWail","floor":1},{"not_picked":["PiercingWail","Dagger Throw"],"picked":"Predator","floor":5},{"not_picked":["Slice","Acrobatics"],"picked":"Leg Sweep","floor":7},{"not_picked":["Prepared","Quick Slash"],"picked":"Dagger Throw","floor":10},{"not_picked":["Slice","Storm of Steel","Prepared"],"picked":"SKIP","floor":11},{"not_picked":["Deflect","Sucker Punch"],"picked":"All Out Attack","floor":12},{"not_picked":["Bane","Dagger Spray"],"picked":"Well Laid Plans","floor":13}],"player_experience":1727331,"relics_obtained":[{"floor":9,"key":"Bird Faced Urn"},{"floor":12,"key":"StoneCalendar"}],"event_choices":[{"damage_healed":0,"gold_gain":0,"player_choice":"Entered Light","damage_taken":20,"max_hp_gain":0,"max_hp_loss":0,"event_name":"Shining Light","floor":3,"gold_loss":0,"cards_upgraded":["Defend_G","Strike_G"]},{"damage_healed":0,"gold_gain":0,"player_choice":"Trade","damage_taken":0,"relics_obtained":["GremlinMask"],"max_hp_gain":0,"max_hp_loss":0,"event_name":"FaceTrader","floor":4,"gold_loss":0}],"is_beta":false,"boss_relics":[],"items_purged_floors":[2],"is_endless":false,"potions_floor_spawned":[1,10,12,13],"killed_by":"Gremlin Nob","ascension_level":20}