{"gold_per_floor":[118,118,193,208,220,245,245,277,358,358,358,376,376,23,23,126,126,139,123,136,147,164,164,164,164,164,497,497],"floor_reached":28,"playtime":2834,"items_purged":["Strike_G"],"score":248,"play_id":"4a7c6547-afe2-4079-aa9b-ee898f34533a","local_time":"20190707173915","is_ascension_mode":false,"campfire_choices":[{"floor":7,"key":"REST"},{"floor":13,"key":"REST"},{"data":"1","floor":15,"key":"LIFT"},{"floor":23,"key":"REST"},{"data":"A Thousand Cuts","floor":25,"key":"SMITH"}],"neow_cost":"NONE","seed_source_timestamp":1790179217139000,"circlet_count":0,"master_deck":["Strike_G","Strike_G","Strike_G+1","Defend_G","Defend_G","Defend_G","Defend_G+1","Defend_G","Survivor","Neutralize","Unload","Footwork+1","Blur","Infinite Blades","Blade Dance","Accuracy","Metamorphosis","A Thousand Cuts+1","Backflip","Endless Agony","Footwork","Noxious Fumes"],"relics":["Ring of the Snake","Girya","Anchor","Shuriken","Runic Pyramid","Darkstone Periapt","Old Coin"],"potions_floor_usage":[16,16,21,22,27],"damage_taken":[{"damage":0,"enemies":"Jaw Worm","floor":1,"turns":4},{"damage":0,"enemies":"Small Slimes","floor":4,"turns":3},{"damage":0,"enemies":"2 Louse","floor":5,"turns":2},{"damage":9,"enemies":"Lagavulin","floor":6,"turns":9},{"damage":17,"enemies":"Gremlin Nob","floor":8,"turns":5},{"damage":3,"enemies":"2 Fungi Beasts","floor":12,"turns":3},{"damage":32,"enemies":"The Guardian","floor":16,"turns":9},{"damage":6,"enemies":"Shell Parasite","floor":18,"turns":7},{"damage":1,"enemies":"2 Thieves","floor":19,"turns":4},{"damage":0,"enemies":"Chosen and Byrds","floor":20,"turns":6},{"damage":20,"enemies":"3 Cultists","floor":21,"turns":6},{"damage":11,"enemies":"Snake Plant","floor":22,"turns":6},{"damage":32,"enemies":"Gremlin Leader","floor":27,"turns":7},{"damage":25,"enemies":"Cultist and Chosen","floor":28,"turns":4}],"seed_played":"-5413384468566731107","potions_obtained":[{"floor":4,"key":"Strength Potion"},{"floor":8,"key":"GhostInAJar"},{"floor":18,"key":"Block Potion"},{"floor":20,"key":"Weak Potion"},{"floor":22,"key":"EssenceOfSteel"}],"is_trial":false,"path_per_floor":["M","?","?","M","M","E","R","E","T","?","?","M","R","$","R","B",null,"M","M","M","M","M","R","?","R","T","E","M"],"character_chosen":"THE_SILENT","items_purchased":["Accuracy","Metamorphosis"],"campfire_rested":3,"item_purchase_floors":[14,14],"current_hp_per_floor":[70,56,45,45,45,36,57,40,40,40,40,37,58,58,58,26,70,64,63,63,43,32,53,53,53,53,21,0],"gold":497,"neow_bonus":"ONE_RANDOM_RARE_CARD","is_prod":false,"is_daily":false,"chose_seed":false,"campfire_upgraded":1,"win_rate":0,"timestamp":1562535555,"path_taken":["M","?","?","?","M","E","R","E","T","?","?","M","R","$","R","BOSS","M","M","?","M","M","R","?","R","T","E","M"],"build_version":"2019-07-05","purchased_purges":1,"victory":false,"max_hp_per_floor":[70,70,70,70,70,70,70,70,70,70,70,70,70,70,70,70,70,70,70,70,70,70,70,70,70,70,70,70],"card_choices":[{"not_picked":["Sucker Punch","Leg Sweep","PiercingWail"],"picked":"SKIP","floor":1},{"not_picked":["Blade Dance","Underhanded Strike"],"picked":"Footwork","floor":4},{"not_picked":["Underhanded Strike","Quick Slash","Dagger Throw"],"picked":"SKIP","floor":5},{"not_picked":["Underhanded Strike","Cloak And Dagger"],"picked":"Blur","floor":6},{"not_picked":["Dagger Spray","Calculated Gamble"],"picked":"Infinite Blades","floor":8},{"not_picked":["Distraction","Expertise"],"picked":"Blade Dance","floor":12},{"not_picked":["Adrenaline","Malaise"],"picked":"A Thousand Cuts","floor":16},{"not_picked":["Bouncing Flask","Flying Knee","Eviscerate"],"picked":"SKIP","floor":18},{"not_picked":["Dagger Throw","Underhanded Strike"],"picked":"Backflip","floor":19},{"not_picked":["Dodge and Roll","Prepared"],"picked":"Endless Agony","floor":20},{"not_picked":["Dagger Throw+1","Bane+1","Dodge and Roll"],"picked":"SKIP","floor":21},{"not_picked":["Heel Hook","Predator"],"picked":"Footwork","floor":22},{"not_picked":["Poisoned Stab+1","Crippling Poison+1"],"picked":"Noxious Fumes","floor":27}],"player_experience":105386,"relics_obtained":[{"floor":6,"key":"Girya"},{"floor":8,"key":"Anchor"},{"floor":9,"key":"Shuriken"},{"floor":26,"key":"Darkstone Periapt"},{"floor":27,"key":"Old Coin"}],"event_choices":[{"damage_healed":0,"gold_gain":0,"player_choice":"Entered Light","damage_taken":14,"max_hp_gain":0,"max_hp_loss":0,"event_name":"Shining Light","floor":2,"gold_loss":0,"cards_upgraded":["Defend_G","Strike_G"]},{"damage_healed":0,"gold_gain":75,"player_choice":"Gather Gold","damage_taken":11,"max_hp_gain":0,"max_hp_loss":0,"event_name":"World of Goop","floor":3,"gold_loss":0},{"damage_healed":0,"gold_gain":0,"player_choice":"Ignored","damage_taken":0,"max_hp_gain":0,"max_hp_loss":0,"event_name":"Liars Game","floor":10,"gold_loss":0},{"damage_healed":0,"gold_gain":0,"player_choice":"Forge","damage_taken":0,"max_hp_gain":0,"max_hp_loss":0,"event_name":"Accursed Blacksmith","floor":11,"gold_loss":0,"cards_upgraded":["Footwork"]},{"cards_removed":["Strike_G"],"damage_healed":0,"gold_gain":0,"player_choice":"Elegance","damage_taken":0,"max_hp_gain":0,"max_hp_loss":0,"event_name":"Back to Basics","floor":24,"gold_loss":0}],"is_beta":false,"boss_relics":[{"not_picked":["Runic Dome","Astrolabe"],"picked":"Runic Pyramid"}],"items_purged_floors":[14],"is_endless":false,"potions_floor_spawned":[4,8,18,20,22],"killed_by":"Cultist and Chosen","ascension_level":0}