{"gold_per_floor":[112,62,72,4,23,23,0,0,0,0,0,13,13,43,43,43],"floor_reached":16,"playtime":672,"items_purged":[],"score":92,"play_id":"1113180c-ec9f-400e-af23-f9e127870a8a","local_time":"20190712205655","is_ascension_mode":true,"campfire_choices":[{"data":"Zap","floor":6,"key":"SMITH"},{"data":"Genetic Algorithm","floor":8,"key":"SMITH"},{"data":"Dualcast","floor":10,"key":"SMITH"},{"data":"Storm","floor":13,"key":"SMITH"},{"data":"Amplify","floor":15,"key":"SMITH"}],"neow_cost":"PERCENT_DAMAGE","seed_source_timestamp":45850709507100,"circlet_count":0,"master_deck":["Strike_B","Strike_B","Strike_B","Defend_B","Defend_B","Defend_B","Defend_B","Zap+1","Dualcast+1","Amplify+1","Cold Snap","Genetic Algorithm+1","Storm+1","Hologram","Self Repair"],"relics":["Cracked Core","Matryoshka"],"potions_floor_usage":[],"damage_taken":[{"damage":6,"enemies":"Jaw Worm","floor":1,"turns":4},{"damage":5,"enemies":"2 Louse","floor":3,"turns":3},{"damage":1,"enemies":"Cultist","floor":5,"turns":4},{"damage":1,"enemies":"Large Slime","floor":12,"turns":5},{"damage":43,"enemies":"The Guardian","floor":16,"turns":6}],"seed_played":"-1536908460389063268","potions_obtained":[{"floor":3,"key":"Ancient Potion"}],"is_trial":false,"path_per_floor":["M","?","M","$","M","R","?","R","T","R","$","M","R","?","R","B"],"character_chosen":"DEFECT","items_purchased":["Storm"],"campfire_rested":0,"item_purchase_floors":[4],"current_hp_per_floor":[48,48,43,43,42,42,42,42,42,42,42,41,41,41,41,0],"gold":43,"neow_bonus":"THREE_RARE_CARDS","is_prod":false,"is_daily":false,"chose_seed":false,"campfire_upgraded":5,"win_rate":0,"timestamp":1562932615,"path_taken":["M","?","M","$","M","R","?","R","T","R","$","M","R","?","R","BOSS"],"build_version":"2019-07-05","purchased_purges":0,"victory":false,"max_hp_per_floor":[75,75,75,75,75,75,75,75,75,75,75,75,75,75,75,75],"card_choices":[{"not_picked":["Hyperbeam","Fission"],"picked":"Amplify","floor":0},{"not_picked":["Steam","Gash"],"picked":"Cold Snap","floor":1},{"not_picked":["Fusion","Coolheaded"],"picked":"Genetic Algorithm","floor":3},{"not_picked":["Stack","Go for the Eyes"],"picked":"Hologram","floor":5},{"not_picked":["Hello World","Gash"],"picked":"Self Repair","floor":12}],"player_experience":129303,"relics_obtained":[{"floor":9,"key":"Matryoshka"}],"event_choices":[{"cards_removed":["Strike_B"],"damage_healed":0,"gold_gain":0,"player_choice":"Card Removal","damage_taken":0,"max_hp_gain":0,"max_hp_loss":0,"event_name":"The Cleric","floor":2,"gold_loss":50},{"damage_healed":0,"gold_gain":0,"player_choice":"Left Gold","damage_taken":0,"max_hp_gain":0,"max_hp_loss":0,"event_name":"World of Goop","floor":7,"gold_loss":23},{"damage_healed":0,"gold_gain":30,"player_choice":"Searched \u00272\u0027 times","damage_taken":0,"max_hp_gain":0,"max_hp_loss":0,"event_name":"Dead Adventurer","floor":14,"gold_loss":0}],"is_beta":false,"boss_relics":[],"items_purged_floors":[],"is_endless":false,"potions_floor_spawned":[3],"killed_by":"The Guardian","ascension_level":1}