{"gold_per_floor":[112,4,18,34,48,83,83,98,122,133,151,168,183,183,183,280,280,294,282,42,42,56,56,67,86,141,174,99,110,110,137,137,137],"floor_reached":33,"playtime":5055,"items_purged":[],"score":295,"play_id":"1ec81cc4-9b38-438b-aa80-6354c873a282","local_time":"20190708233308","is_ascension_mode":false,"campfire_choices":[{"data":"Armaments","floor":7,"key":"SMITH"},{"data":"Flame Barrier","floor":15,"key":"SMITH"},{"floor":23,"key":"REST"},{"floor":30,"key":"REST"},{"floor":32,"key":"REST"}],"neow_cost":"NONE","seed_source_timestamp":1210509447455500,"circlet_count":0,"master_deck":["Strike_R+1","Strike_R","Strike_R","Strike_R","Strike_R","Defend_R","Defend_R","Defend_R","Bash","Clothesline","Flame Barrier","Metallicize","Iron Wave","Armaments+1","Flame Barrier+1","True Grit","Armaments","Iron Wave","Sever Soul+1","Iron Wave","Good Instincts","Shrug It Off","Battle Trance","Second Wind","Headbutt+1","Impervious","Entrench"],"relics":["Burning Blood","Vajra","Lantern","Orrery","Mercury Hourglass","Happy Flower","Red Skull","Whetstone"],"potions_floor_usage":[6,16,27,27,27,31],"damage_taken":[{"damage":5,"enemies":"Cultist","floor":1,"turns":4},{"damage":0,"enemies":"2 Louse","floor":3,"turns":2},{"damage":0,"enemies":"Jaw Worm","floor":4,"turns":5},{"damage":1,"enemies":"Blue Slaver","floor":5,"turns":6},{"damage":18,"enemies":"Lagavulin","floor":6,"turns":12},{"damage":7,"enemies":"2 Fungi Beasts","floor":8,"turns":4},{"damage":11,"enemies":"Lots of Slimes","floor":10,"turns":7},{"damage":0,"enemies":"3 Louse","floor":11,"turns":3},{"damage":10,"enemies":"2 Fungi Beasts","floor":12,"turns":6},{"damage":3,"enemies":"Looter","floor":13,"turns":4},{"damage":42,"enemies":"Hexaghost","floor":16,"turns":16},{"damage":12,"enemies":"3 Byrds","floor":18,"turns":5},{"damage":12,"enemies":"2 Thieves","floor":19,"turns":4},{"damage":5,"enemies":"Shelled Parasite and Fungi","floor":22,"turns":13},{"damage":0,"enemies":"Snecko","floor":24,"turns":6},{"damage":46,"enemies":"3 Cultists","floor":25,"turns":6},{"damage":17,"enemies":"Slavers","floor":27,"turns":6},{"damage":15,"enemies":"Snake Plant","floor":29,"turns":5},{"damage":68,"enemies":"Gremlin Leader","floor":31,"turns":9},{"damage":46,"enemies":"Automaton","floor":33,"turns":6}],"seed_played":"6661170914519668554","potions_obtained":[{"floor":4,"key":"Explosive Potion"},{"floor":5,"key":"EssenceOfSteel"},{"floor":8,"key":"Weak Potion"},{"floor":10,"key":"EssenceOfSteel"},{"floor":24,"key":"Regen Potion"},{"floor":29,"key":"EssenceOfSteel"},{"floor":31,"key":"SteroidPotion"}],"is_trial":false,"path_per_floor":["M","$","M","M","M","E","R","M","T","M","M","M","M","?","R","B",null,"M","M","$","?","M","R","M","M","T","E","?","M","R","E","R","B"],"character_chosen":"IRONCLAD","items_purchased":["Flame Barrier","Metallicize","Mercury Hourglass"],"campfire_rested":3,"item_purchase_floors":[2,2,20],"current_hp_per_floor":[88,88,88,88,88,76,76,75,75,70,76,72,75,75,75,39,88,82,76,76,59,60,87,93,53,53,57,57,48,75,13,40,0],"gold":137,"neow_bonus":"TEN_PERCENT_HP_BONUS","is_prod":false,"is_daily":false,"chose_seed":false,"campfire_upgraded":2,"win_rate":0.0,"timestamp":1562643188,"path_taken":["M","$","M","M","M","E","R","M","T","M","M","M","M","?","R","BOSS","M","M","$","?","M","R","M","M","T","E","?","M","R","E","R","BOSS"],"build_version":"2019-07-05","purchased_purges":0,"victory":false,"max_hp_per_floor":[88,88,88,88,88,88,88,88,88,88,88,88,88,88,88,88,88,88,88,88,93,93,93,93,93,93,93,93,93,93,93,93,93],"card_choices":[{"not_picked":["Thunderclap","Flex"],"picked":"Clothesline","floor":1},{"not_picked":["Sword Boomerang","Twin Strike"],"picked":"Iron Wave","floor":3},{"not_picked":["Iron Wave","Anger"],"picked":"Armaments","floor":4},{"not_picked":["True Grit","Clothesline"],"picked":"Flame Barrier","floor":5},{"not_picked":["Brutality","Carnage","Pommel Strike"],"picked":"SKIP","floor":6},{"not_picked":["Rupture","Twin Strike"],"picked":"True Grit","floor":8},{"not_picked":["Carnage","Pummel"],"picked":"Armaments","floor":10},{"not_picked":["Inflame","Blood for Blood","Offering"],"picked":"SKIP","floor":11},{"not_picked":["Blood for Blood","Headbutt"],"picked":"Iron Wave","floor":12},{"not_picked":["Twin Strike","Whirlwind"],"picked":"Sever Soul","floor":13},{"not_picked":["Blood for Blood","Clash"],"picked":"Shrug It Off","floor":17},{"not_picked":["Rage","Pommel Strike"],"picked":"Battle Trance","floor":17},{"not_picked":["Twin Strike","Cleave"],"picked":"Second Wind","floor":17},{"not_picked":["Warcry","Cleave","Sword Boomerang"],"picked":"SKIP","floor":18},{"not_picked":["Clothesline","Cleave","Twin Strike"],"picked":"SKIP","floor":19},{"not_picked":["Iron Wave","Heavy Blade","Twin Strike"],"picked":"SKIP","floor":22},{"not_picked":["Whirlwind","Clothesline"],"picked":"Headbutt+1","floor":24},{"not_picked":["Fire Breathing","Dropkick+1","Flex"],"picked":"SKIP","floor":25},{"not_picked":["Iron Wave","Flex","Sword Boomerang+1"],"picked":"SKIP","floor":27},{"not_picked":["Hemokinesis","Spot Weakness"],"picked":"Impervious","floor":29},{"not_picked":["Sword Boomerang","Dual Wield"],"picked":"Entrench","floor":31}],"player_experience":6530,"relics_obtained":[{"floor":6,"key":"Vajra"},{"floor":9,"key":"Lantern"},{"floor":26,"key":"Happy Flower"},{"floor":27,"key":"Red Skull"},{"floor":31,"key":"Whetstone"}],"event_choices":[{"damage_healed":0,"gold_gain":0,"player_choice":"2 cards matched","damage_taken":0,"max_hp_gain":0,"max_hp_loss":0,"event_name":"Match and Keep!","floor":14,"gold_loss":0,"cards_obtained":["Iron Wave","Good Instincts"]},{"damage_healed":0,"gold_gain":0,"player_choice":"Shed Blood","damage_taken":22,"max_hp_gain":5,"max_hp_loss":0,"event_name":"Forgotten Altar","floor":21,"gold_loss":0},{"cards_removed":["Defend_R"],"damage_healed":0,"gold_gain":0,"player_choice":"Gave Gold","damage_taken":0,"max_hp_gain":0,"max_hp_loss":0,"event_name":"Beggar","floor":28,"gold_loss":75}],"is_beta":false,"boss_relics":[{"not_picked":["White Beast Statue","Mark of Pain"],"picked":"Orrery"}],"items_purged_floors":[],"is_endless":false,"potions_floor_spawned":[4,5,8,10,11,24,25,29,31],"killed_by":"Automaton","ascension_level":0}