{"gold_per_floor":[361,436,436,446,371,371,385,419,419,419,434,434,452,24,24,100,100,116,116,128,145,145,145,172,189,189,189,17,29,29,79,79,158,158,169,219,219,239,252,278,278,311,380,393,420,446,469,156,156,156,156,156,156,6,6],"floor_reached":55,"playtime":3570,"items_purged":["Strike_G+1"],"score":1979,"play_id":"5dc0ab8c-1441-4f67-bced-973983d68257","local_time":"20190609150134","is_ascension_mode":true,"campfire_choices":[{"data":"Skewer","floor":6,"key":"SMITH"},{"data":"Crippling Poison","floor":12,"key":"SMITH"},{"data":"Apotheosis","floor":15,"key":"SMITH"},{"floor":23,"key":"REST"},{"data":"Footwork","floor":30,"key":"SMITH"},{"floor":32,"key":"REST"},{"floor":41,"key":"REST"},{"floor":49,"key":"RECALL"},{"floor":53,"key":"REST"}],"neow_cost":"TEN_PERCENT_HP_LOSS","seed_source_timestamp":984598353215732,"circlet_count":0,"master_deck":["AscendersBane","Defend_G+1","Defend_G+1","Defend_G+1","Defend_G+1","Defend_G+1","Strike_G+1","Strike_G+1","Survivor","Neutralize","Skewer+1","Footwork+1","Leg Sweep","Dodge and Roll","Crippling Poison+1","Bouncing Flask","Apotheosis+1","Cloak And Dagger","Corpse Explosion","Caltrops+1","A Thousand Cuts+1","Dodge and Roll+1","Well Laid Plans+1","PiercingWail","Skewer","Well Laid Plans+1","Backflip","Wraith Form v2+1","Backflip","Ghostly","Ghostly+1","Ghostly","Burst","Crippling Poison","Wraith Form v2+1","Prepared","Acrobatics","Crippling Poison","Escape Plan+1","Malaise","PiercingWail","PiercingWail","Footwork+1","PiercingWail","After Image+1"],"relics":["Ring of the Snake","Pantograph","Frozen Egg 2","Gremlin Horn","Chemical X","Orrery","Anchor","Tough Bandages","Velvet Choker","Turnip","War Paint","Dream Catcher","MawBank","Snake Skull"],"potions_floor_usage":[11,24,25,55],"damage_taken":[{"damage":1,"enemies":"Small Slimes","floor":1,"turns":5},{"damage":0,"enemies":"2 Louse","floor":4,"turns":3},{"damage":1,"enemies":"Jaw Worm","floor":7,"turns":2},{"damage":24,"enemies":"Gremlin Nob","floor":8,"turns":4},{"damage":5,"enemies":"Large Slime","floor":11,"turns":7},{"damage":2,"enemies":"Gremlin Gang","floor":13,"turns":5},{"damage":17,"enemies":"Hexaghost","floor":16,"turns":11},{"damage":11,"enemies":"2 Thieves","floor":18,"turns":3},{"damage":19,"enemies":"Chosen","floor":20,"turns":6},{"damage":2,"enemies":"Snake Plant","floor":21,"turns":4},{"damage":25,"enemies":"Slavers","floor":24,"turns":5},{"damage":4,"enemies":"Snecko","floor":25,"turns":6},{"damage":0,"enemies":"Centurion and Healer","floor":29,"turns":7},{"damage":21,"enemies":"Collector","floor":33,"turns":13},{"damage":0,"enemies":"Orb Walker","floor":35,"turns":5},{"damage":3,"enemies":"2 Orb Walkers","floor":36,"turns":5},{"damage":0,"enemies":"3 Darklings","floor":38,"turns":5},{"damage":8,"enemies":"Maw","floor":39,"turns":8},{"damage":1,"enemies":"Reptomancer","floor":40,"turns":7},{"damage":3,"enemies":"Nemesis","floor":42,"turns":9},{"damage":3,"enemies":"4 Shapes","floor":44,"turns":5},{"damage":0,"enemies":"Reptomancer","floor":45,"turns":8},{"damage":0,"enemies":"3 Darklings","floor":46,"turns":4},{"damage":8,"enemies":"Spire Growth","floor":47,"turns":8},{"damage":3,"enemies":"Time Eater","floor":50,"turns":15},{"damage":24,"enemies":"Awakened One","floor":51,"turns":23},{"damage":32,"enemies":"Shield and Spear","floor":55,"turns":5}],"seed_played":"-5819409307773578899","potions_obtained":[{"floor":1,"key":"Explosive Potion"},{"floor":11,"key":"SteroidPotion"},{"floor":13,"key":"Energy Potion"},{"floor":16,"key":"Ancient Potion"},{"floor":25,"key":"Fire Potion"},{"floor":40,"key":"PowerPotion"}],"is_trial":false,"path_per_floor":["M","?","?","M","?","R","M","E","T","?","M","R","M","$","R","B",null,"M","?","M","M","?","R","E","M","T","?","$","M","R","?","R","B",null,"M","?","?","M","M","E","R","E","T","M","E","M","M","$","R","B","B",null,"R","$","E"],"character_chosen":"THE_SILENT","items_purchased":["Apotheosis","Chemical X","Cloak And Dagger","Burst","GhostInAJar","Snake Skull","Footwork+1","After Image+1"],"campfire_rested":4,"item_purchase_floors":[14,14,14,28,28,48,48,54],"current_hp_per_floor":[58,47,52,52,52,52,51,27,27,22,17,17,15,15,15,23,55,44,44,25,23,23,42,17,13,13,13,13,13,13,13,22,11,27,27,24,24,24,16,15,24,21,21,18,18,18,10,10,10,29,8,26,32,32,0],"gold":6,"neow_bonus":"TWO_FIFTY_GOLD","is_prod":false,"is_daily":false,"chose_seed":false,"campfire_upgraded":4,"win_rate":0,"timestamp":1560110494,"path_taken":["M","?","?","M","?","R","M","E","T","?","M","R","?","$","R","BOSS","M","?","?","M","?","R","E","M","T","?","$","?","R","?","R","BOSS","M","?","?","M","M","E","R","E","T","M","E","M","M","$","R","BOSS","BOSS","R","$","E"],"build_version":"2019-01-23","purchased_purges":1,"victory":false,"max_hp_per_floor":[60,60,65,65,65,65,65,65,65,65,65,65,65,65,65,65,65,65,65,65,65,65,65,65,65,65,32,32,32,32,32,32,32,32,32,32,32,32,32,32,32,32,32,32,32,32,32,32,32,32,32,32,32,32,32],"card_choices":[{"not_picked":["Prepared","Outmaneuver"],"picked":"Skewer","floor":1},{"not_picked":["Blade Dance","Outmaneuver"],"picked":"Footwork","floor":4},{"not_picked":["Quick Slash","Slice"],"picked":"Leg Sweep","floor":7},{"not_picked":["Dagger Throw","Heel Hook"],"picked":"Dodge and Roll","floor":8},{"not_picked":["Tactician","Infinite Blades+1"],"picked":"Crippling Poison","floor":11},{"not_picked":["Deadly Poison","Masterful Stab"],"picked":"Bouncing Flask","floor":13},{"not_picked":["Doppelganger","Die Die Die"],"picked":"Corpse Explosion","floor":16},{"not_picked":["Underhanded Strike","Dodge and Roll"],"picked":"Caltrops+1","floor":17},{"not_picked":["Flying Knee","Backflip"],"picked":"A Thousand Cuts+1","floor":17},{"not_picked":["Cloak And Dagger","Outmaneuver"],"picked":"Dodge and Roll","floor":17},{"not_picked":["Masterful Stab","Backflip"],"picked":"Well Laid Plans+1","floor":17},{"not_picked":["Outmaneuver","Quick Slash"],"picked":"PiercingWail","floor":18},{"not_picked":["Heel Hook","Bouncing Flask"],"picked":"Well Laid Plans+1","floor":20},{"not_picked":["Quick Slash","Blade Dance"],"picked":"Backflip","floor":21},{"not_picked":["Cloak And Dagger","Outmaneuver"],"picked":"Wraith Form v2+1","floor":24},{"not_picked":["Masterful Stab","Reflex"],"picked":"Backflip","floor":25},{"not_picked":["Leg Sweep","Finisher"],"picked":"Crippling Poison","floor":29},{"not_picked":["Doppelganger","Tools of the Trade+1"],"picked":"Wraith Form v2+1","floor":33},{"not_picked":["Outmaneuver+1","Dagger Throw+1"],"picked":"Prepared","floor":35},{"not_picked":["Deadly Poison+1","Terror+1"],"picked":"Acrobatics","floor":38},{"not_picked":["Setup","Outmaneuver+1","Eviscerate+1"],"picked":"SKIP","floor":39},{"not_picked":["Quick Slash","Slice+1"],"picked":"Crippling Poison","floor":40},{"not_picked":["Poisoned Stab+1","Crippling Poison"],"picked":"Escape Plan+1","floor":42},{"not_picked":["Cloak And Dagger","Slice"],"picked":"Malaise","floor":44},{"not_picked":["Underhanded Strike","Acrobatics"],"picked":"PiercingWail","floor":45},{"not_picked":["Cloak And Dagger+1","Outmaneuver"],"picked":"PiercingWail","floor":46},{"not_picked":["Dagger Spray","Caltrops+1","Endless Agony+1"],"picked":"SKIP","floor":47},{"not_picked":["Expertise+1","Acrobatics"],"picked":"PiercingWail","floor":53}],"player_experience":1719093,"relics_obtained":[{"floor":8,"key":"Pantograph"},{"floor":9,"key":"Frozen Egg 2"},{"floor":24,"key":"Anchor"},{"floor":26,"key":"Tough Bandages"},{"floor":36,"key":"Turnip"},{"floor":40,"key":"War Paint"},{"floor":42,"key":"Dream Catcher"},{"floor":45,"key":"MawBank"}],"event_choices":[{"damage_healed":0,"gold_gain":75,"player_choice":"Gather Gold","damage_taken":11,"max_hp_gain":0,"max_hp_loss":0,"event_name":"World of Goop","floor":2,"gold_loss":0},{"damage_healed":0,"gold_gain":0,"player_choice":"Donut","damage_taken":0,"max_hp_gain":5,"max_hp_loss":0,"event_name":"Big Fish","floor":3,"gold_loss":0},{"cards_removed":["Strike_G"],"damage_healed":0,"gold_gain":0,"player_choice":"Card Removal","damage_taken":0,"max_hp_gain":0,"max_hp_loss":0,"event_name":"The Cleric","floor":5,"gold_loss":75},{"damage_healed":0,"gold_gain":0,"player_choice":"Success","damage_taken":5,"relics_obtained":["Gremlin Horn"],"max_hp_gain":0,"max_hp_loss":0,"event_name":"Scrap Ooze","floor":10,"gold_loss":0},{"damage_healed":0,"gold_gain":0,"cards_transformed":["Strike_G"],"player_choice":"Transformed","damage_taken":0,"max_hp_gain":0,"max_hp_loss":0,"event_name":"Transmorgrifier","floor":19,"gold_loss":0,"cards_obtained":["Skewer"]},{"damage_healed":0,"gold_gain":0,"player_choice":"Simplicity","damage_taken":0,"max_hp_gain":0,"max_hp_loss":0,"event_name":"Back to Basics","floor":22,"gold_loss":0,"cards_upgraded":["Defend_G","Defend_G","Defend_G","Defend_G","Defend_G","Strike_G","Strike_G","Strike_G"]},{"damage_healed":0,"gold_gain":0,"player_choice":"Became a Ghost","damage_taken":0,"max_hp_gain":0,"max_hp_loss":33,"event_name":"Ghosts","floor":27,"gold_loss":0,"cards_obtained":["Ghostly","Ghostly","Ghostly"]},{"damage_healed":0,"gold_gain":50,"player_choice":"Stole From Cult","damage_taken":0,"max_hp_gain":0,"max_hp_loss":0,"event_name":"Nest","floor":31,"gold_loss":0},{"damage_healed":0,"gold_gain":0,"player_choice":"Fight","damage_taken":0,"max_hp_gain":0,"max_hp_loss":0,"event_name":"Mysterious Sphere","floor":36,"gold_loss":0},{"damage_healed":0,"gold_gain":0,"player_choice":"Ignored","damage_taken":0,"max_hp_gain":0,"max_hp_loss":0,"event_name":"Tomb of Lord Red Mask","floor":37,"gold_loss":0}],"is_beta":false,"boss_relics":[{"not_picked":["Calling Bell","WristBlade"],"picked":"Orrery"},{"not_picked":["White Beast Statue","Eternal Feather"],"picked":"Velvet Choker"}],"items_purged_floors":[48],"is_endless":false,"potions_floor_spawned":[1,11,13,16,20,25,33,36,40,47],"killed_by":"Shield and Spear","ascension_level":20}