{"gold_per_floor":[110,110,127,137,149,149,214,214,240,273,288,304,323,342,342,416,416,427,427,111,129,29,358,358,371,371,371,371,381,21,71,71,150,150,166,40,58,58],"floor_reached":38,"playtime":1947,"items_purged":["Strike_G","Strike_G","Pain"],"score":755,"play_id":"b3da9b1d-45d4-4eea-aac7-a043fa09c6b2","local_time":"20190712120208","is_ascension_mode":true,"campfire_choices":[{"data":"Dagger Spray","floor":6.0,"key":"SMITH"},{"data":"Neutralize","floor":8.0,"key":"SMITH"},{"floor":15.0,"key":"REST"},{"floor":24.0,"key":"REST"},{"data":"Noxious Fumes","floor":27.0,"key":"SMITH"},{"floor":32.0,"key":"REST"}],"neow_cost":"NONE","seed_source_timestamp":13525355782438,"circlet_count":0,"master_deck":["AscendersBane","Strike_G+1","Strike_G+1","Defend_G+1","Defend_G+1","Defend_G+1","Defend_G+1","Defend_G+1","Survivor","Neutralize+1","Dagger Spray+1","Infinite Blades","All Out Attack","After Image","Flying Knee","Envenom","Footwork","Blur","Noxious Fumes+1","Die Die Die","Backstab","Deadly Poison","Deflect+1","Accuracy+1","Noxious Fumes","Catalyst","Cloak And Dagger","Burst","Footwork+1","Distraction+1"],"special_seed":0,"relics":["Ring of the Snake","Tiny Chest","Snake Skull","Vajra","Cursed Key","Lee\u0027s Waffle","Old Coin","The Courier","Ninja Scroll","Sozu","Happy Flower"],"potions_floor_usage":[37],"damage_taken":[{"damage":4.0,"enemies":"Small Slimes","floor":1.0,"turns":4.0},{"damage":4.0,"enemies":"Cultist","floor":3.0,"turns":5.0},{"damage":0.0,"enemies":"Jaw Worm","floor":4.0,"turns":5.0},{"damage":1.0,"enemies":"2 Fungi Beasts","floor":5.0,"turns":3.0},{"damage":21.0,"enemies":"Lagavulin","floor":7.0,"turns":9.0},{"damage":19.0,"enemies":"Gremlin Nob","floor":10.0,"turns":5.0},{"damage":10.0,"enemies":"Exordium Wildlife","floor":11.0,"turns":4.0},{"damage":0.0,"enemies":"3 Louse","floor":12.0,"turns":2.0},{"damage":1.0,"enemies":"Looter","floor":13.0,"turns":4.0},{"damage":0.0,"enemies":"Large Slime","floor":14.0,"turns":5.0},{"damage":23.0,"enemies":"The Guardian","floor":16.0,"turns":12.0},{"damage":7.0,"enemies":"Spheric Guardian","floor":18.0,"turns":5.0},{"damage":27.0,"enemies":"Shell Parasite","floor":21.0,"turns":6.0},{"damage":25.0,"enemies":"Book of Stabbing","floor":23.0,"turns":6.0},{"damage":14.0,"enemies":"Snake Plant","floor":25.0,"turns":5.0},{"damage":21.0,"enemies":"3 Cultists","floor":29.0,"turns":5.0},{"damage":25.0,"enemies":"Automaton","floor":33.0,"turns":9.0},{"damage":8.0,"enemies":"3 Shapes","floor":35.0,"turns":4.0},{"damage":37,"enemies":"3 Darklings","floor":37,"turns":5},{"damage":35,"enemies":"Spire Growth","floor":38,"turns":3}],"seed_played":"-7603377316068424142","potions_obtained":[{"floor":3.0,"key":"Swift Potion"},{"floor":4.0,"key":"EssenceOfSteel"},{"floor":13.0,"key":"SpeedPotion"},{"floor":16.0,"key":"SneckoOil"},{"floor":21.0,"key":"GhostInAJar"},{"floor":23.0,"key":"EssenceOfSteel"},{"floor":33.0,"key":"AttackPotion"}],"is_trial":false,"path_per_floor":["M","?","M","M","M","R","E","R","T","E","M","M","M","M","R","B",null,"M","?","$","M","$","E","R","M","T","R","?","M","$","?","R","B",null,"M","$","M","M"],"character_chosen":"THE_SILENT","items_purchased":["Deadly Poison","Lee\u0027s Waffle","Ninja Scroll","Cloak And Dagger","Happy Flower"],"campfire_rested":3,"item_purchase_floors":[20,20,30,30,36],"current_hp_per_floor":[61,61,57,57,56,56,35,35,35,16,6,6,5,5,26,3,55,48,48,79,52,52,27,50,36,36,36,36,15,15,15,38,13,63,55,55,18,0],"gold":58,"neow_bonus":"TEN_PERCENT_HP_BONUS","is_prod":false,"is_daily":false,"chose_seed":false,"campfire_upgraded":3,"win_rate":0,"timestamp":1562950928,"path_taken":["M","?","M","?","M","R","E","R","T","E","M","M","M","M","R","BOSS","M","?","$","M","$","E","R","M","T","R","?","M","?","?","R","BOSS","M","$","M","M"],"build_version":"2019-07-05","purchased_purges":3,"victory":false,"max_hp_per_floor":[72,72,72,72,72,72,72,72,72,72,72,72,72,72,72,72,72,72,72,79,79,79,79,79,79,79,79,79,79,79,79,79,79,79,79,79,79,79],"card_choices":[{"not_picked":["Deadly Poison","Dodge and Roll"],"picked":"Dagger Spray","floor":1.0},{"not_picked":["Leg Sweep","PiercingWail"],"picked":"All Out Attack","floor":3.0},{"not_picked":["Dagger Spray","Prepared"],"picked":"After Image","floor":4.0},{"not_picked":["Dagger Spray","Riddle With Holes","Quick Slash"],"picked":"SKIP","floor":5.0},{"not_picked":["Crippling Poison","Expertise"],"picked":"Flying Knee","floor":7.0},{"not_picked":["Deflect","Grand Finale"],"picked":"Envenom","floor":10.0},{"not_picked":["Accuracy","Sucker Punch"],"picked":"Footwork","floor":11.0},{"not_picked":["Riddle With Holes","Slice"],"picked":"Blur","floor":12.0},{"not_picked":["Eviscerate","Sucker Punch","Skewer"],"picked":"SKIP","floor":13.0},{"not_picked":["Cloak And Dagger","Well Laid Plans"],"picked":"Noxious Fumes","floor":14.0},{"not_picked":["Glass Knife","Night Terror"],"picked":"Die Die Die","floor":16.0},{"not_picked":["Terror","Dagger Throw"],"picked":"Backstab","floor":18.0},{"not_picked":["Sucker Punch","Escape Plan"],"picked":"Deflect+1","floor":21.0},{"not_picked":["Skewer","Bouncing Flask"],"picked":"Accuracy+1","floor":23.0},{"not_picked":["Infinite Blades","Blade Dance"],"picked":"Noxious Fumes","floor":25.0},{"not_picked":["Slice","Noxious Fumes"],"picked":"Catalyst","floor":29.0},{"not_picked":["Adrenaline","Unload"],"picked":"Burst","floor":33.0},{"not_picked":["Quick Slash","Deflect"],"picked":"Footwork+1","floor":35.0},{"not_picked":["Dagger Spray+1","Outmaneuver"],"picked":"Distraction+1","floor":37}],"player_experience":174805,"relics_obtained":[{"floor":7.0,"key":"Tiny Chest"},{"floor":9.0,"key":"Snake Skull"},{"floor":10.0,"key":"Vajra"},{"floor":23.0,"key":"Old Coin"},{"floor":26.0,"key":"The Courier"}],"event_choices":[{"damage_healed":0.0,"max_hp_gain":0.0,"max_hp_loss":0.0,"gold_gain":0.0,"cards_transformed":["Strike_G"],"event_name":"Transmorgrifier","player_choice":"Transformed","floor":2.0,"gold_loss":0.0,"damage_taken":0.0,"cards_obtained":["Infinite Blades"]},{"damage_healed":0.0,"max_hp_gain":0.0,"max_hp_loss":0.0,"gold_gain":0.0,"event_name":"Vampires","player_choice":"Ignored","floor":19.0,"gold_loss":0.0,"damage_taken":0.0},{"damage_healed":0.0,"max_hp_gain":0.0,"max_hp_loss":0.0,"gold_gain":0.0,"event_name":"Back to Basics","player_choice":"Simplicity","floor":28.0,"gold_loss":0.0,"damage_taken":0.0,"cards_upgraded":["Strike_G","Strike_G","Defend_G","Defend_G","Defend_G","Defend_G","Defend_G"]},{"damage_healed":0.0,"max_hp_gain":0.0,"max_hp_loss":0.0,"gold_gain":50.0,"event_name":"Nest","player_choice":"Stole From Cult","floor":31.0,"gold_loss":0.0,"damage_taken":0.0}],"is_beta":false,"boss_relics":[{"not_picked":["Lizard Tail","WristBlade"],"picked":"Cursed Key"},{"not_picked":["Pandora\u0027s Box","Velvet Choker"],"picked":"Sozu"}],"items_purged_floors":[20,22,30],"is_endless":false,"potions_floor_spawned":[3,4,5,13,16,21,23,33,37],"killed_by":"Spire Growth","ascension_level":17}