{"gold_per_floor":[19,19,294,314,329,329,362,374,464,817,829,118,139,208,208,208],"floor_reached":16,"playtime":661,"items_purged":["Regret"],"score":216,"play_id":"89c54a2b-5def-4adf-9089-5153d5e5a02c","local_time":"20190707174236","is_ascension_mode":true,"campfire_choices":[{"data":"Noxious Fumes","floor":6,"key":"SMITH"},{"floor":8,"key":"REST"},{"floor":11,"key":"REST"},{"floor":15,"key":"REST"}],"neow_cost":"NO_GOLD","seed_source_timestamp":1147746126637285,"circlet_count":0,"master_deck":["AscendersBane","Strike_G","Strike_G","Strike_G","Defend_G","Defend_G","Defend_G","Defend_G","Defend_G","Survivor","Neutralize","Quick Slash","Leg Sweep","Noxious Fumes+1","Catalyst","Well Laid Plans","Sadistic Nature","Panache","Escape Plan","Deflect","Backflip","Bane"],"relics":["Ring of the Snake","Golden Idol","MawBank","The Courier","Old Coin","TwistedFunnel","Snake Skull"],"potions_floor_usage":[13,14,16],"damage_taken":[{"damage":0,"enemies":"Small Slimes","floor":1,"turns":5},{"damage":8,"enemies":"2 Louse","floor":4,"turns":4},{"damage":7,"enemies":"Cultist","floor":5,"turns":5},{"damage":31,"enemies":"3 Sentries","floor":7,"turns":7},{"damage":45,"enemies":"Gremlin Nob","floor":10,"turns":5},{"damage":0,"enemies":"2 Fungi Beasts","floor":13,"turns":2},{"damage":25,"enemies":"3 Sentries","floor":14,"turns":6},{"damage":42,"enemies":"Slime Boss","floor":16,"turns":7}],"seed_played":"552547765068426513","potions_obtained":[{"floor":5,"key":"Energy Potion"},{"floor":7,"key":"FairyPotion"},{"floor":13,"key":"Regen Potion"}],"is_trial":false,"path_per_floor":["M","?","?","M","M","R","E","R","T","E","R","$","M","?","R","B"],"character_chosen":"THE_SILENT","items_purchased":["TwistedFunnel","Sadistic Nature","Panache","Escape Plan","Fruit Juice","Deflect"],"campfire_rested":3,"item_purchase_floors":[12,12,12,12,12,12],"current_hp_per_floor":[59,59,59,51,44,44,13,31,31,5,23,23,28,18,37,0],"gold":208,"neow_bonus":"REMOVE_TWO","is_prod":false,"is_daily":false,"chose_seed":false,"campfire_upgraded":1,"win_rate":0,"timestamp":1562539356,"path_taken":["M","?","?","M","?","R","E","R","T","E","R","$","M","?","R","BOSS"],"build_version":"2019-07-03","purchased_purges":1,"victory":false,"max_hp_per_floor":[66,60,60,60,60,60,60,60,60,60,60,60,65,65,65,65],"card_choices":[{"not_picked":["Calculated Gamble","Deadly Poison"],"picked":"Quick Slash","floor":1},{"not_picked":["Prepared","Setup"],"picked":"Leg Sweep","floor":4},{"not_picked":["Flying Knee","Distraction"],"picked":"Noxious Fumes","floor":5},{"not_picked":["Setup","Masterful Stab"],"picked":"Catalyst","floor":7},{"not_picked":["Distraction","Bouncing Flask"],"picked":"Well Laid Plans","floor":10},{"not_picked":["Sucker Punch","Setup"],"picked":"Backflip","floor":13},{"not_picked":["Underhanded Strike","Distraction"],"picked":"Bane","floor":14}],"player_experience":1652727,"relics_obtained":[{"floor":7,"key":"MawBank"},{"floor":9,"key":"The Courier"},{"floor":10,"key":"Old Coin"},{"floor":14,"key":"Snake Skull"}],"event_choices":[{"damage_healed":0,"gold_gain":0,"player_choice":"Lose Max HP","damage_taken":0,"relics_obtained":["Golden Idol"],"max_hp_gain":0,"max_hp_loss":6,"event_name":"Golden Idol","floor":2,"gold_loss":0},{"damage_healed":0,"gold_gain":275,"player_choice":"Desecrate","damage_taken":0,"max_hp_gain":0,"max_hp_loss":0,"event_name":"Golden Shrine","floor":3,"gold_loss":0,"cards_obtained":["Regret"]},{"damage_healed":0,"gold_gain":0,"player_choice":"Searched \u00271\u0027 times","damage_taken":0,"max_hp_gain":0,"max_hp_loss":0,"event_name":"Dead Adventurer","floor":14,"gold_loss":0}],"is_beta":true,"boss_relics":[],"items_purged_floors":[12],"is_endless":false,"potions_floor_spawned":[5,7,13],"killed_by":"Slime Boss","ascension_level":20}