{"gold_per_floor":[110,110,35,48,48,48,82,82,82,101,127,142,154,172,172,246,246,257,40,55,1,1,33,48,48,48,48,61,111,121,20,20,20],"floor_reached":33,"playtime":1130,"items_purged":["Strike_R","Strike_R"],"score":554,"play_id":"29292010-6ee5-4269-9432-1886b64b14a1","local_time":"20190609194653","is_ascension_mode":true,"campfire_choices":[{"data":"Rampage","floor":6.0,"key":"SMITH"},{"floor":8.0,"key":"REST"},{"data":"True Grit","floor":15.0,"key":"SMITH"},{"data":"Armaments","floor":25.0,"key":"SMITH"},{"data":"Offering","floor":27.0,"key":"SMITH"},{"data":"Corruption","floor":32,"key":"SMITH"}],"neow_cost":"NONE","seed_source_timestamp":1004136880336946,"circlet_count":0,"master_deck":["AscendersBane","Strike_R","Defend_R","Defend_R","Defend_R","Defend_R","Bash","Rampage+1","Twin Strike","Burning Pact","Whirlwind","True Grit+1","Offering+1","Rampage+1","Corruption+1","Armaments+1","Battle Trance","Iron Wave","Shrug It Off"],"special_seed":0,"relics":["Burning Blood","Oddly Smooth Stone","Bag of Marbles","Smiling Mask","Magic Flower","Self Forming Clay","Coffee Dripper","Anchor","Matryoshka"],"potions_floor_usage":[30,33,33],"damage_taken":[{"damage":3.0,"enemies":"2 Louse","floor":1.0,"turns":3.0},{"damage":0.0,"enemies":"Cultist","floor":4.0,"turns":3.0},{"damage":46.0,"enemies":"3 Sentries","floor":7.0,"turns":10.0},{"damage":0.0,"enemies":"Small Slimes","floor":10.0,"turns":2.0},{"damage":8.0,"enemies":"Gremlin Nob","floor":11.0,"turns":3.0},{"damage":1.0,"enemies":"Blue Slaver","floor":12.0,"turns":3.0},{"damage":11.0,"enemies":"Gremlin Gang","floor":13.0,"turns":2.0},{"damage":10.0,"enemies":"Exordium Wildlife","floor":14.0,"turns":4.0},{"damage":64.0,"enemies":"Hexaghost","floor":16.0,"turns":12.0},{"damage":20.0,"enemies":"Spheric Guardian","floor":18.0,"turns":6.0},{"damage":18.0,"enemies":"Chosen","floor":20.0,"turns":5.0},{"damage":25.0,"enemies":"Book of Stabbing","floor":23.0,"turns":5.0},{"damage":23.0,"enemies":"Snake Plant","floor":24.0,"turns":4.0},{"damage":21,"enemies":"Snecko","floor":28,"turns":5},{"damage":6,"enemies":"3 Cultists","floor":30,"turns":4},{"damage":25,"enemies":"Collector","floor":33,"turns":3}],"seed_played":"-5203235669086120432","potions_obtained":[{"floor":4.0,"key":"BloodPotion"},{"floor":7.0,"key":"Energy Potion"},{"floor":16.0,"key":"Poison Potion"},{"floor":24.0,"key":"Explosive Potion"},{"floor":28,"key":"FearPotion"},{"floor":30,"key":"Dexterity Potion"}],"is_trial":false,"path_per_floor":["M","?","?","M","?","R","E","R","T","M","E","M","M","M","R","B",null,"M","$","M","$","?","E","M","R","T","R","M","?","M","$","R","B"],"character_chosen":"IRONCLAD","items_purchased":["Corruption","EssenceOfSteel","Strength Potion","Shrug It Off"],"campfire_rested":1,"item_purchase_floors":[19,19,21,31],"current_hp_per_floor":[71,53,53,59,59,59,19,41,41,50,51,59,57,56,56,12,59,48,48,39,39,54,38,24,24,24,24,12,12,15,15,15,0],"gold":20,"neow_bonus":"RANDOM_COMMON_RELIC","is_prod":false,"is_daily":false,"chose_seed":false,"campfire_upgraded":5,"win_rate":0,"timestamp":1560127613,"path_taken":["M","?","?","M","?","R","E","R","T","M","E","M","M","M","R","BOSS","M","?","M","$","?","E","M","R","T","R","M","?","M","?","R","BOSS"],"build_version":"2019-01-23","purchased_purges":2,"victory":false,"max_hp_per_floor":[75,75,75,75,75,75,75,75,75,75,75,75,75,75,75,75,75,75,75,75,75,75,75,75,75,75,75,75,75,75,75,75,75],"card_choices":[{"not_picked":["Wild Strike","Heavy Blade","Flex"],"picked":"SKIP","floor":1.0},{"not_picked":["Clothesline","Havoc"],"picked":"Rampage","floor":4.0},{"not_picked":["Clash","Bludgeon"],"picked":"Twin Strike","floor":7.0},{"not_picked":["Warcry","Cleave","Second Wind"],"picked":"SKIP","floor":10.0},{"not_picked":["Limit Break","Havoc"],"picked":"Burning Pact","floor":11.0},{"not_picked":["Thunderclap","Pummel"],"picked":"Whirlwind","floor":12.0},{"not_picked":["Headbutt","Rage"],"picked":"True Grit","floor":13.0},{"not_picked":["Flex","Sever Soul","Ghostly Armor"],"picked":"SKIP","floor":14.0},{"not_picked":["Immolate","Dark Embrace"],"picked":"Offering","floor":16.0},{"not_picked":["Clash","Blood for Blood"],"picked":"Rampage+1","floor":18.0},{"not_picked":["Twin Strike","Flex"],"picked":"Armaments","floor":20.0},{"not_picked":["Rupture+1","True Grit"],"picked":"Battle Trance","floor":23.0},{"not_picked":["Havoc","Pommel Strike","Wild Strike+1"],"picked":"SKIP","floor":24.0},{"not_picked":["Second Wind","Entrench","Pommel Strike"],"picked":"SKIP","floor":28},{"not_picked":["Clash","Hemokinesis"],"picked":"Iron Wave","floor":30}],"player_experience":1738278,"relics_obtained":[{"floor":7.0,"key":"Smiling Mask"},{"floor":9.0,"key":"Magic Flower"},{"floor":11.0,"key":"Self Forming Clay"},{"floor":23.0,"key":"Anchor"},{"floor":26.0,"key":"Matryoshka"}],"event_choices":[{"damage_healed":0.0,"max_hp_gain":0.0,"max_hp_loss":0.0,"gold_gain":0.0,"event_name":"Scrap Ooze","player_choice":"Success","floor":2.0,"gold_loss":0.0,"damage_taken":18.0,"relics_obtained":["Bag of Marbles"]},{"cards_removed":["Strike_R"],"damage_healed":0.0,"max_hp_gain":0.0,"max_hp_loss":0.0,"gold_gain":0.0,"event_name":"The Cleric","player_choice":"Card Removal","floor":3.0,"gold_loss":75.0,"damage_taken":0.0},{"cards_removed":["Strike_R"],"damage_healed":0.0,"max_hp_gain":0.0,"max_hp_loss":0.0,"gold_gain":0.0,"event_name":"Purifier","player_choice":"Purged","floor":5.0,"gold_loss":0.0,"damage_taken":0.0},{"damage_healed":15.0,"max_hp_gain":0.0,"max_hp_loss":0.0,"gold_gain":0.0,"event_name":"The Library","player_choice":"Heal","floor":22.0,"gold_loss":0.0,"damage_taken":0.0},{"damage_healed":0,"gold_gain":50,"player_choice":"Stole From Cult","damage_taken":0,"max_hp_gain":0,"max_hp_loss":0,"event_name":"Nest","floor":29,"gold_loss":0}],"is_beta":false,"boss_relics":[{"not_picked":["Black Star","White Beast Statue"],"picked":"Coffee Dripper"}],"items_purged_floors":[19,31],"is_endless":false,"potions_floor_spawned":[4,7,16,24,28,30],"killed_by":"Collector","ascension_level":20}