{"gold_per_floor":[112,112,12,32,32,59,59,89,89,115,129,129,129,144,144,144],"floor_reached":16,"playtime":659,"items_purged":["Strike_R"],"score":286,"play_id":"af6184e6-e934-4dda-9a99-abd2ed463ca0","local_time":"20190609222158","is_ascension_mode":true,"campfire_choices":[{"data":"Bash","floor":7,"key":"SMITH"},{"data":"Anger","floor":12,"key":"SMITH"},{"data":"Perfected Strike","floor":15,"key":"SMITH"}],"neow_cost":"NONE","seed_source_timestamp":1013934706368296,"circlet_count":0,"master_deck":["AscendersBane","Strike_R","Strike_R","Strike_R","Strike_R","Defend_R","Defend_R","Defend_R","Defend_R","Bash+1","Anger+1","Headbutt","Armaments","Twin Strike","Combust+1","Power Through","Shrug It Off","Twin Strike","Perfected Strike+1"],"relics":["Burning Blood","NeowsBlessing","Prayer Wheel","Dodecahedron","Frozen Egg 2","Peace Pipe"],"potions_floor_usage":[10,14,16],"damage_taken":[{"damage":0,"enemies":"Jaw Worm","floor":1,"turns":1},{"damage":0,"enemies":"Cultist","floor":4,"turns":1},{"damage":0,"enemies":"Lagavulin","floor":6,"turns":1},{"damage":45,"enemies":"3 Sentries","floor":8,"turns":8},{"damage":21,"enemies":"Lagavulin","floor":10,"turns":5},{"damage":5,"enemies":"Small Slimes","floor":11,"turns":3},{"damage":8,"enemies":"Blue Slaver","floor":14,"turns":5},{"damage":34,"enemies":"Slime Boss","floor":16,"turns":8}],"seed_played":"-2262366138792285440","potions_obtained":[{"floor":2,"key":"Explosive Potion"},{"floor":2,"key":"GamblersBrew"},{"floor":10,"key":"FearPotion"},{"floor":11,"key":"Regen Potion"}],"is_trial":false,"path_per_floor":["M","?","$","M","$","E","R","E","T","E","M","R","?","M","R","B"],"character_chosen":"IRONCLAD","items_purchased":["Headbutt"],"campfire_rested":0,"item_purchase_floors":[3],"current_hp_per_floor":[74,74,74,75,75,75,75,36,36,21,22,22,22,34,34,0],"gold":144,"neow_bonus":"THREE_ENEMY_KILL","is_prod":false,"is_daily":false,"chose_seed":false,"campfire_upgraded":3,"win_rate":0,"timestamp":1560136918,"path_taken":["M","?","$","?","?","E","R","E","T","E","M","R","?","?","R","BOSS"],"build_version":"2019-01-23","purchased_purges":1,"victory":false,"max_hp_per_floor":[75,75,75,75,75,75,75,75,75,75,75,75,75,75,75,75],"card_choices":[{"not_picked":["Cleave","Sever Soul"],"picked":"Anger","floor":1},{"not_picked":["Headbutt","Iron Wave"],"picked":"Armaments","floor":4},{"not_picked":["Anger","Pommel Strike"],"picked":"Twin Strike","floor":6},{"not_picked":["Havoc","Anger"],"picked":"Combust","floor":8},{"not_picked":["Ghostly Armor","Cleave"],"picked":"Power Through","floor":10},{"not_picked":["Dropkick","Iron Wave"],"picked":"Shrug It Off","floor":11},{"not_picked":["Armaments","Body Slam"],"picked":"Twin Strike","floor":11},{"not_picked":["Armaments","Second Wind"],"picked":"Perfected Strike","floor":14},{"not_picked":["Double Tap","Sword Boomerang","Flex"],"picked":"SKIP","floor":14}],"player_experience":1745222,"relics_obtained":[{"floor":6,"key":"Prayer Wheel"},{"floor":8,"key":"Dodecahedron"},{"floor":9,"key":"Frozen Egg 2"},{"floor":10,"key":"Peace Pipe"}],"event_choices":[{"damage_healed":0,"gold_gain":0,"player_choice":"Got Potions","damage_taken":0,"max_hp_gain":0,"max_hp_loss":0,"event_name":"Lab","floor":2,"gold_loss":0},{"damage_healed":0,"gold_gain":0,"player_choice":"Upgraded","damage_taken":0,"max_hp_gain":0,"max_hp_loss":0,"event_name":"Upgrade Shrine","floor":13,"gold_loss":0,"cards_upgraded":["Combust"]}],"is_beta":false,"boss_relics":[],"items_purged_floors":[3],"is_endless":false,"potions_floor_spawned":[4,10,11],"killed_by":"Slime Boss","ascension_level":20}