{"gold_per_floor":[119,119,131,146,163,163,177,177,177,188,188,216,25,25,25,129,129,145,162,181,181,198,198,198,198,225,237,86,86,97,97,97,97],"floor_reached":33,"playtime":5770,"items_purged":["Strike_B"],"score":249,"play_id":"99a590a2-9c59-4134-a190-0374c26576a3","local_time":"20190708195805","is_ascension_mode":false,"campfire_choices":[{"floor":6.0,"key":"RECALL"},{"data":"Coolheaded","floor":8.0,"key":"SMITH"},{"data":"Glacier","floor":15.0,"key":"SMITH"},{"data":"Defragment","floor":23,"key":"SMITH"},{"data":"Defragment","floor":25,"key":"SMITH"},{"floor":29,"key":"REST"},{"data":"Go for the Eyes","floor":32,"key":"SMITH"}],"neow_cost":"PERCENT_DAMAGE","seed_source_timestamp":0,"circlet_count":0,"master_deck":["Strike_B","Strike_B","Defend_B","Defend_B","Defend_B","Zap","Dualcast","Skim","Coolheaded+1","Barrage","Compile Driver","Rebound","Genetic Algorithm","Electrodynamics","Glacier+1","Go for the Eyes","Seek","Coolheaded+1","Defragment+1","Hologram","Rip and Tear+1","Defragment+1","Ball Lightning","BootSequence","Hologram","Streamline","Compile Driver","Go for the Eyes+1","Hologram","Steam+1"],"special_seed":0,"relics":["Cracked Core","WarpedTongs","Regal Pillow","Prayer Wheel","Runic Pyramid","Anchor","Dream Catcher","Nilry\u0027s Codex"],"potions_floor_usage":[33,33],"damage_taken":[{"damage":1.0,"enemies":"2 Louse","floor":1.0,"turns":3.0},{"damage":3.0,"enemies":"Cultist","floor":3.0,"turns":3.0},{"damage":10.0,"enemies":"Jaw Worm","floor":4.0,"turns":3.0},{"damage":10.0,"enemies":"Exordium Thugs","floor":5.0,"turns":5.0},{"damage":5.0,"enemies":"Blue Slaver","floor":7.0,"turns":3.0},{"damage":19.0,"enemies":"Exordium Wildlife","floor":10.0,"turns":6.0},{"damage":2.0,"enemies":"3 Sentries","floor":12.0,"turns":8.0},{"damage":17.0,"enemies":"Hexaghost","floor":16.0,"turns":13.0},{"damage":21.0,"enemies":"2 Thieves","floor":18.0,"turns":3.0},{"damage":11,"enemies":"Shell Parasite","floor":19,"turns":8},{"damage":27,"enemies":"3 Cultists","floor":20,"turns":5},{"damage":28,"enemies":"Shelled Parasite and Fungi","floor":22,"turns":7},{"damage":0,"enemies":"Snecko","floor":27,"turns":6},{"damage":9,"enemies":"Sentry and Sphere","floor":30,"turns":5},{"damage":24,"enemies":"Collector","floor":33,"turns":3}],"seed_played":"6834866620906011709","potions_obtained":[{"floor":1.0,"key":"SpeedPotion"},{"floor":4.0,"key":"Regen Potion"},{"floor":12.0,"key":"SkillPotion"},{"floor":16.0,"key":"SpeedPotion"},{"floor":18,"key":"EssenceOfSteel"},{"floor":22,"key":"PowerPotion"},{"floor":30,"key":"Strength Potion"}],"is_trial":false,"path_per_floor":["M","?","M","M","M","R","M","R","T","M","?","E","$","?","R","B",null,"M","M","M","?","M","R","?","R","T","M","$","R","M","?","R","B"],"character_chosen":"DEFECT","items_purchased":["Glacier","Go for the Eyes","Dream Catcher"],"campfire_rested":1,"item_purchase_floors":[13,13,28],"current_hp_per_floor":[67,67,64,54,44,44,39,39,39,20,13,26,26,23,23,6,89,68,57,30,30,2,2,2,2,2,2,2,43,34,18,18,0],"gold":97,"neow_bonus":"TWENTY_PERCENT_HP_BONUS","is_prod":false,"is_daily":false,"chose_seed":false,"campfire_upgraded":5,"win_rate":0,"timestamp":1562583485,"path_taken":["M","?","M","M","?","R","M","R","T","M","?","E","?","?","R","BOSS","M","M","M","?","M","R","?","R","T","M","$","R","?","?","R","BOSS"],"build_version":"2019-07-05","purchased_purges":1,"victory":false,"max_hp_per_floor":[89,89,89,89,89,89,89,89,89,89,89,89,89,89,89,89,89,89,89,89,89,89,89,89,89,89,89,89,89,89,89,89,89],"card_choices":[{"not_picked":["Sweeping Beam","Gash"],"picked":"Skim","floor":1.0},{"not_picked":["Redo","Rebound"],"picked":"Coolheaded","floor":3.0},{"not_picked":["Static Discharge","Doom and Gloom"],"picked":"Barrage","floor":4.0},{"not_picked":["Rebound","Go for the Eyes"],"picked":"Compile Driver","floor":5.0},{"not_picked":["Turbo","Stack"],"picked":"Rebound","floor":7.0},{"not_picked":["Steam Power","Sweeping Beam"],"picked":"Genetic Algorithm","floor":10.0},{"not_picked":["Leap","Turbo"],"picked":"Electrodynamics","floor":12.0},{"not_picked":["Thunder Strike","Reboot"],"picked":"Seek","floor":16.0},{"not_picked":["Doom and Gloom","Sweeping Beam"],"picked":"Coolheaded+1","floor":18},{"not_picked":["Steam","Chaos"],"picked":"Defragment","floor":18},{"not_picked":["Redo","Rebound"],"picked":"Hologram","floor":19},{"not_picked":["Stack","Steam"],"picked":"Rip and Tear+1","floor":19},{"not_picked":["Turbo","Rebound"],"picked":"Defragment","floor":20},{"not_picked":["Glacier","Leap"],"picked":"Ball Lightning","floor":20},{"not_picked":["Compile Driver","Static Discharge"],"picked":"BootSequence","floor":22},{"not_picked":["Heatsinks","Aggregate"],"picked":"Hologram","floor":22},{"not_picked":["Lockon","Reprogram"],"picked":"Streamline","floor":27},{"not_picked":["Sweeping Beam","Reprogram+1"],"picked":"Compile Driver","floor":27},{"not_picked":["Creative AI","Sweeping Beam"],"picked":"Go for the Eyes","floor":29},{"not_picked":["Scrape+1","Hello World"],"picked":"Hologram","floor":30},{"not_picked":["Redo+1","Sweeping Beam+1"],"picked":"Steam+1","floor":30}],"player_experience":98390,"relics_obtained":[{"floor":12.0,"key":"Regal Pillow"},{"floor":26,"key":"Anchor"},{"floor":31,"key":"Nilry\u0027s Codex"}],"event_choices":[{"damage_healed":0.0,"max_hp_gain":0.0,"max_hp_loss":0.0,"gold_gain":0.0,"event_name":"Accursed Blacksmith","player_choice":"Rummage","floor":2.0,"gold_loss":0.0,"damage_taken":0.0,"relics_obtained":["WarpedTongs"],"cards_obtained":["Pain"]},{"cards_removed":["Pain"],"damage_healed":0.0,"max_hp_gain":0.0,"max_hp_loss":0.0,"gold_gain":0.0,"event_name":"Golden Wing","player_choice":"Card Removal","floor":11.0,"gold_loss":0.0,"damage_taken":7.0},{"damage_healed":0.0,"max_hp_gain":0.0,"max_hp_loss":0.0,"gold_gain":0.0,"event_name":"Scrap Ooze","player_choice":"Success","floor":14.0,"gold_loss":0.0,"damage_taken":3.0,"relics_obtained":["Prayer Wheel"]},{"cards_removed":["Strike_B"],"damage_healed":0,"gold_gain":0,"player_choice":"Elegance","damage_taken":0,"max_hp_gain":0,"max_hp_loss":0,"event_name":"Back to Basics","floor":21,"gold_loss":0},{"cards_removed":["Defend_B"],"damage_healed":0,"gold_gain":0,"player_choice":"Purged","damage_taken":0,"max_hp_gain":0,"max_hp_loss":0,"event_name":"Purifier","floor":24,"gold_loss":0},{"damage_healed":0,"gold_gain":0,"player_choice":"Obtained Book","damage_taken":16,"max_hp_gain":0,"max_hp_loss":0,"event_name":"Cursed Tome","floor":31,"gold_loss":0}],"is_beta":false,"boss_relics":[{"not_picked":["Eternal Feather","Runic Dome"],"picked":"Runic Pyramid"}],"items_purged_floors":[13],"is_endless":false,"potions_floor_spawned":[1,4,12,16,18,22,30],"killed_by":"Collector","ascension_level":0}