{"gold_per_floor":[116,134,152,77,37,37,64,74,74,74,109,109,120,8,8,82,82,98,13,28,40,40,40,40],"floor_reached":24,"playtime":1386,"items_purged":["Strike_G"],"score":412,"play_id":"547df6b4-042d-42a0-ac86-82de5890e63c","local_time":"20190712190752","is_ascension_mode":true,"campfire_choices":[{"data":"Bouncing Flask","floor":6,"key":"SMITH"},{"floor":10,"key":"REST"},{"floor":15,"key":"REST"},{"floor":23,"key":"REST"}],"neow_cost":"NONE","seed_source_timestamp":1584121831673318,"circlet_count":0,"master_deck":["AscendersBane","Strike_G+1","Strike_G+1","Strike_G+1","Defend_G+1","Defend_G+1","Defend_G+1","Defend_G+1","Defend_G+1","Survivor","Neutralize","Infinite Blades","Bouncing Flask+1","Flying Knee","Leg Sweep","Poisoned Stab","Backflip","Bane","Choke","Burst","Backflip","Noxious Fumes+1","All Out Attack+1"],"special_seed":0,"relics":["Ring of the Snake","PreservedInsect","Pen Nib","Bottled Tornado","Philosopher\u0027s Stone","Torii"],"potions_floor_usage":[13,21,24,24],"damage_taken":[{"damage":3,"enemies":"Cultist","floor":1,"turns":5},{"damage":4,"enemies":"Jaw Worm","floor":2,"turns":5},{"damage":0,"enemies":"Small Slimes","floor":3,"turns":6},{"damage":0,"enemies":"Looter","floor":5,"turns":4},{"damage":20,"enemies":"Lagavulin","floor":7,"turns":6},{"damage":11,"enemies":"Large Slime","floor":8,"turns":7},{"damage":26,"enemies":"3 Sentries","floor":11,"turns":8},{"damage":22,"enemies":"Lots of Slimes","floor":13,"turns":7},{"damage":13,"enemies":"Hexaghost","floor":16,"turns":9},{"damage":32,"enemies":"3 Byrds","floor":18,"turns":9},{"damage":1,"enemies":"Chosen","floor":20,"turns":3},{"damage":9,"enemies":"3 Cultists","floor":21,"turns":6},{"damage":37,"enemies":"Gremlin Leader","floor":24,"turns":4}],"seed_played":"-9049569459205976334","potions_obtained":[{"floor":3,"key":"Swift Potion"},{"floor":11,"key":"Regen Potion"},{"floor":13,"key":"Swift Potion"},{"floor":16,"key":"Poison Potion"},{"floor":21,"key":"GamblersBrew"}],"is_trial":false,"path_per_floor":["M","M","M","?","M","R","E","M","T","R","E","?","M","$","R","B",null,"M","?","M","M","?","R","E"],"character_chosen":"THE_SILENT","items_purchased":["Choke"],"campfire_rested":3,"item_purchase_floors":[14],"current_hp_per_floor":[56,52,52,52,52,52,32,21,21,40,14,14,7,7,26,13,53,21,21,20,11,11,30,0],"gold":40,"neow_bonus":"RANDOM_COMMON_RELIC","is_prod":false,"is_daily":false,"chose_seed":false,"campfire_upgraded":1,"win_rate":0,"timestamp":1562976472,"path_taken":["M","?","M","?","M","R","E","M","T","R","E","?","M","?","R","BOSS","M","?","M","M","?","R","E"],"build_version":"2019-07-10","purchased_purges":1,"victory":false,"max_hp_per_floor":[66,66,66,66,66,66,66,66,66,66,66,66,66,66,66,66,66,66,66,66,66,66,66,66],"card_choices":[{"not_picked":["Bane","Escape Plan"],"picked":"Infinite Blades","floor":1},{"not_picked":["Poisoned Stab","Endless Agony"],"picked":"Bouncing Flask","floor":2},{"not_picked":["Terror","Blade Dance"],"picked":"Flying Knee","floor":3},{"not_picked":["Blade Dance","Cloak And Dagger"],"picked":"Leg Sweep","floor":5},{"not_picked":["Sucker Punch","Outmaneuver"],"picked":"Poisoned Stab","floor":7},{"not_picked":["Flechettes","Concentrate","Storm of Steel"],"picked":"SKIP","floor":8},{"not_picked":["Bouncing Flask","Blade Dance"],"picked":"Backflip","floor":11},{"not_picked":["Deadly Poison","Dodge and Roll"],"picked":"Bane","floor":13},{"not_picked":["Unload","Night Terror"],"picked":"Burst","floor":16},{"not_picked":["Deadly Poison","Accuracy"],"picked":"Backflip","floor":18},{"not_picked":["Finisher","Acrobatics"],"picked":"Noxious Fumes+1","floor":20},{"not_picked":["Prepared","Skewer"],"picked":"All Out Attack+1","floor":21}],"player_experience":1687685,"relics_obtained":[{"floor":7,"key":"Pen Nib"},{"floor":11,"key":"Bottled Tornado"}],"event_choices":[{"cards_removed":["Strike_G"],"damage_healed":0,"gold_gain":0,"player_choice":"Card Removal","damage_taken":0,"max_hp_gain":0,"max_hp_loss":0,"event_name":"The Cleric","floor":4,"gold_loss":75},{"damage_healed":0,"gold_gain":0,"player_choice":"Ignored","damage_taken":0,"max_hp_gain":0,"max_hp_loss":0,"event_name":"Shining Light","floor":12,"gold_loss":0},{"damage_healed":0,"gold_gain":0,"player_choice":"Obtained Relic","damage_taken":0,"relics_obtained":["Torii"],"max_hp_gain":0,"max_hp_loss":0,"event_name":"Addict","floor":19,"gold_loss":85},{"damage_healed":0,"gold_gain":0,"player_choice":"Simplicity","damage_taken":0,"max_hp_gain":0,"max_hp_loss":0,"event_name":"Back to Basics","floor":22,"gold_loss":0,"cards_upgraded":["Strike_G","Strike_G","Strike_G","Defend_G","Defend_G","Defend_G","Defend_G","Defend_G"]}],"is_beta":true,"boss_relics":[{"not_picked":["Orrery","Ectoplasm"],"picked":"Philosopher\u0027s Stone"}],"items_purged_floors":[14],"is_endless":false,"potions_floor_spawned":[3,11,13,16,21],"killed_by":"Gremlin Leader","ascension_level":20}